3063 4952
321 388 635 470 est-wll

1020 384 1433 445 RNNALIUM
1452 385 1555 437 :m
1564 387 1638 440 Bi

1669 385 1853 441 xm.
2361 373 2551 447 am

1320 573 1549 627 No'rAE

328 725 547 776 Lucullo
570 724 850 776 decedenti
874 740 905 775 e
936 725 1226 791 provincia,
1244 725 1394 777 licto-

329 808 412 856 res
427 800 703 872 Pompeii,
723 803 944 855 viridem
966 798 1170 855 laurum
1192 806 1396 857 Luculli

321 877 621 945 lictoribus,
657 888 932 936 arescente
986 882 1038 933 iu
1092 883 1172 933 via
1218 898 1395 934 eorum

324 958 488 1024 lauro,
525 960 965 1025 suppeditarunt;
1019 962 1095 1011 ita
1130 969 1191 1012 ut
1227 959 1397 1012 fasces

326 1037 603 1112 utriusque
640 1038 968 1103 imperatoris
1007 1040 1206 1090 laurum
1245 1039 1399 1094 habe·

331 1108 466 1177 rent,
487 1121 627 1164 teste
649 1112 955 1168 Plutarcho.
1019 1116 1124 1167 Sed
1147 1118 1244 1168 hoe
1267 1116 1399 1182 pris·

331 1199 463 1254 emet
482 1193 647 1243 libera
666 1194 974 1258 Republica,
990 1202 1044 1245 at
1062 1210 1197 1247 nunc
1216 1196 1401 1257 aliter3

329 1277 385 1322 et
423 1278 533 1322 tum
570 1270 708 1322 forte
743 1275 904 1323 laurea
934 1272 1025 1324 illa
1053 1273 1270 1325 fascium
1293 1276 1401 1326 exi·

328 1347 432 1405 mia
453 1348 680 1412 principi
703 1346 825 1399 fuit.

330 1426 334 1430 *
394 1425 477 1477 sic
502 1425 641 1476 infra
662 1427 753 1478 lib.
781 1441 873 1478 xv.
923 1427 1181 1481 Corbulo:
1217 1433 1232 1459 ‘
1257 1428 1395 1480 ordi·

331 1509 516 1568 turque
553 1504 828 1569 magnifica
863 1505 929 1556 de
970 1506 1212 1571 auspiciis
1230 1507 1393 1571 impe·

328 1580 557 1669 ratoriis,
576 1582 837 1670 rebusque
860 1597 891 1632 a
914 1597 969 1633 se
989 1582 1167 1646 gestis.
1171 1582 1186 1605 ’
1230 1580 1304 1632 At
1321 1581 1395 1633 ibi

328 1655 536 1722 aruspicia
557 1656 786 1721 principis
809 1658 1072 1724 intelligit,
1094 1674 1209 1724 quae
1230 1659 1395 1710 ductui

331 1748 420 1784 suo
460 1735 698 1807 opponit,
735 1752 827 1786 seu
867 1734 1021 1786 rebus
1062 1752 1093 1787 a
1127 1752 1183 1788 se
1218 1735 1397 1801 gestis.

327 1800 412 1862 lta
433 1819 489 1863 et
511 1811 595 1862 hic
614 1826 708 1895 per
718 1805 878 1873 fasces
893 1814 1220 1878 imperatorios
1257 1815 1396 1865 haud

332 1880 487 1939 dubie
501 1880 694 1939 fasces
705 1884 950 1956 principis
971 1890 1228 1955 designat.

360 1964 469 2017 Ut
491 1980 575 2016 res
608 1964 794 2017 clarius
817 1966 1128 2032 elucidetur,
1159 1968 1396 2034 quaedam

332 2034 710 2109 delictoribus,
749 2044 997 2109 fascibus,
1033 2042 1319 2109 securibus,
1343 2054 1399 2099 et

330 2127 512 2172 cetera
531 2136 725 2186 pompa
745 2121 1159 2187 magistratuum,
1177 2138 1238 2174 ac
1256 2126 1397 2190 prin·

323 2199 522 2264 cipum,
543 2197 628 2249 hie
651 2197 891 2264 addenda
909 2214 1001 2248 sun
1010 2207 1050 2250 t.

329 2269 355 2301 '⁸
388 2276 609 2327 Lictores
642 2274 822 2327 habuit
860 2275 1157 2345 Romulus,
1166 2285 1222 2329 et
1259 2279 1398 2330 haud

332 2350 486 2405 dubie
505 2353 594 2403 alii
613 2349 800 2427 Reges.
826 2353 908 2411 Illi
926 2368 956 2403 e
976 2354 1138 2404 servis
1156 2355 1397 2420 publicis,

331 2439 419 2483 aut
457 2429 526 2483 e'x
575 2430 681 2482 ima
734 2431 886 2495 plebe
929 2431 1141 2496 delecti,
1200 2432 1394 2504 primus

329 2501 601 2561 Gracchus
622 2508 828 2586 libertis
849 2508 955 2559 suis
987 2525 1109 2560 usus
1142 2501 1196 2559 in
1230 2511 1284 2561 id
1306 2511 1398 2561 mi-

324 2583 635 2670 nisterinrn3
689 2585 828 2655 quod
868 2583 986 2651 lege
1019 2587 1127 2639 lata
1155 2588 1396 2653 prohibu·

327 2669 419 2717 e're
440 2659 568 2717 mox'
594 2659 893 2734 Triumviri,
925 2666 1204 2730 Antonius,
1236 2667 1392 2741 Lepif

326 2744 424 2796 dus
444 2752 502 2797 et
525 2743 872 2798 Octavianus.

390 2815 650 2895 Attamen
688 2837 756 2871 ex
778 2822 880 2871 ima
912 2821 1097 2894 plebe,
1108 2826 1200 2873 aut
1233 2822 1393 2874 etiam

328 2905 395 2951 ex
417 2886 682 2962 lib‘e'r'tinis
705 2900 921 2978 delecti,
943 2899 1082 2965 quod
1105 2900 1276 2952 iuuuit
1296 2900 1399 2950 Ta·

326 2967 463 3029 citus
483 2973 603 3029 1ἰ1).
613 2989 739 3046 xm.
772 2981 854 3028 27.
920 2977 936 3005 ‘
962 2977 1173 3050 Quippe
1192 2978 1303 3027 late
1324 2975 1401 3026 fn·

326 3067 440 3105 sum
477 3050 549 3104 id
559 3049 745 3119 corpus
775 3053 1082 3118 (libertorum
1105 3067 1196 3104 seu
1219 3052 1401 3104 liberti-

322 3133 494 3183 norum
492 3131 555 3197 ).'
565 3129 706 3182 Hinc
723 3133 1025 3197 plerumque
1042 3131 1225 3195 tribus,
1242 3121 1400 3182 decu·

319 3203 450 3276 ria‘s,
480 3205 773 3274 ministeria
809 3207 1193 3278 magistratibus
1227 3213 1283 3258 et
1318 3222 1398 3257 sa·

323 3279 651 3347 cerdotibus,
691 3285 928 3336 cohortes
952 3279 1123 3334 etiam
1169 3284 1222 3333 in
1264 3267 1396 3335 urbe

322 3353 690 3434 conscriptas!
779 3342 1027 3411 Cohortes
1067 3360 1281 3425 vigilum
1314 3361 1395 3412 in-

319 3440 541 3512 telligit,
552 3454 644 3491 seu
660 3439 801 3505 ipsas
814 3414 992 3501 etiam,
1010 3454 1124 3504 qnae
1141 3429 1394 3503 praefecto

310 3507 472 3575 urbis
508 3514 841 3568 obediebant.
916 3517 987 3567 Et
1010 3531 1041 3566 e
1065 3516 1229 3567 servis
1267 3516 1394 3581 pub·

322 3587 461 3659 licis,
478 3589 587 3650 nou
609 3609 639 3644 e
664 3591 889 3659 propriis
910 3610 1000 3644 seu
1027 3595 1242 3658 privatis
1265 3594 1396 3645 sumi

319 3663 627 3750 debuerunt
662 3673 899 3736 lictores,
941 3673 1132 3738 aliique
1174 3671 1396 3722 ministri

322 3748 544 3824 publici.

389 3819 630 3878 Lictores
667 3819 958 3889 habueruut
980 3827 1065 3890 jus
1096 3833 1239 3891 togoe,
1261 3824 1401 3879 ideo·

325 3915 438 3971 qne
438 3898 510 3955 'et
547 3904 704 3955 liberi
741 3912 797 3954 et
832 3904 994 3956 cives.
1060 3906 1257 3956 Tamen
1278 3920 1402 3971 pan·

323 3973 487 4036 latini
509 3996 538 4032 e
590 3981 696 4032 suis
734 3979 932 4033 libertis
970 3988 1062 4034 ant
1098 3982 1261 4033 servis
1307 3994 1397 4032 eos

326 4051 646 4125 sumebant,
660 4058 799 4126 quod
845 4049 1158 4125 prohibuere
1194 4058 1396 4110 Trium-

323 4137 424 4222 rifi
443 4145 648 4208 postca.

388 4203 634 4272 fictores
662 4213 1010 4280 subrnovebant,
1051 4218 1392 4274 animadverte·

323 4282 765 4379 bau-gyrabant
797 4285 872 4348 Hi
892 4285 1397 4371 animadvertebant,

1464 743 1602 800 poce,
1621 741 1864 789 maumac
1885 727 2059 790 virga.-
2091 726 2266 778 locum
2283 726 2550 801 faciebant

1474 805 1822 869 magistratui,
1843 821 1960 856 cum
1977 805 2205 870 strepitu
2224 812 2279 856 et
2296 806 2547 877 imperiq:

1474 882 1752 947 pulsabant
1790 884 1930 947 virga
1969 882 2187 945 obvios;
2238 899 2341 949 qua
2375 890 2549 939 tamen

1477 961 1813 1017 abstinebant
1836 963 1885 1011 in
1911 969 2193 1015 matronas.

1541 1037 1892 1089 Abstinebant
1931 1055 1963 1088 a
1995 1038 2266 1102 matronis,
2289 1040 2355 1089 ob
2393 1039 2550 1092 hono-

1470 1131 1606 1180 rem,
1628 1123 1683 1167 et
1721 1132 1788 1167 ne
1810 1118 1884 1167 sic
1919 1117 2276 1167 vehementius
2312 1123 2549 1183 exterre-

1472 1202 1671 1253 rentur,
1693 1195 2224 1259 submoverenturque
2245 1202 2453 1245 uterum
2469 1191 2552 1249 se-

1471 1278 1646 1322 rentes
1667 1270 1892 1322 foeminae
1914 1289 1929 1333 ς
1973 1278 2030 1322 et
2049 1273 2171 1337 quia
2193 1286 2296 1323 non
2321 1286 2416 1338 par
2437 1286 2549 1327 me·

1473 1356 1559 1400 tus
1587 1364 1619 1399 a
1641 1348 1866 1414 sequiori
1901 1363 2047 1414 sexu,
2069 1363 2240 1414 neque
2274 1364 2367 1414 par
2405 1363 2549 1401 reve-

1470 1424 1641 1476 rentia
1675 1425 1999 1489 exigebatur.
2057 1427 2276 1477 Festus:
2310 1425 2326 1453 ‘
2350 1426 2551 1481 Metro*-

1473 1519 1555 1553 nae
1583 1517 1615 1552 a
1649 1503 2033 1567 magistratibus
2055 1517 2157 1552 non
2185 1501 2551 1567 movebantur,

1470 1595 1541 1631 ne
1573 1580 1769 1646 pulsari
1809 1579 2191 1633 contrectarive
2224 1578 2551 1645 viderentur,

1472 1672 1606 1709 neve
1631 1656 1856 1722 gravidae
1878 1655 2317 1711 concuterentur?

1538 1734 1926 1790 Submovebant
1940 1736 2207 1799 praecipue
2228 1732 2466 1803 infames,
2485 1706 2548 1789 ιιι

1474 1814 1675 1876 mones,
1696 1812 1983 1861 meretrices.
2024 1813 2223 1860 Seneca
2233 1817 2394 1876 pater
2413 1811 2549 1862 Con·

1478 1896 1703 1939 trovers.
1722 1893 1771 1940 2.
1789 1886 1881 1938 lib.
1913 1900 1996 1938 lx.
2042 1888 2058 1916 ‘
2083 1888 2442 1952 Majestateru
2458 1889 2549 1957 laev.

1476 1981 1586 2015 sam
1605 1956 1870 2029 dixissem,
1907 1965 1952 2016 si
1977 1964 2074 2016 tibi
2104 1964 2317 2033 exeunti
2341 1950 2494 2021 lictor
2515 1979 2549 2026 β

1477 2049 1767 2108 conspectu
1787 2057 1892 2115 non
1928 2027 2296 2094 summovisset
2312 2042 2549 2111 meretri·

1475 2121 1626 2173 cem.’

1541 2198 1723 2250 Lictor
1753 2197 2175 2262 ammadvertebct,
2198 2203 2255 2250 et
2277 2197 2427 2253 simul
2449 2197 2548 2267 eti

1476 2292 1559 2327 am
1580 2268 1898 2328 animadverti
1909 2276 2111 2338 jubebat
2133 2276 2319 2331 eadem
2343 2289 2469 2333 voce
2490 2281 2549 2336 et

1477 2355 1722 2407 actione:
1779 2353 1831 2405 id
1875 2359 1977 2417 est,
2029 2354 2262 2405 exhiberi
2300 2354 2550 2411 honorem

1477 2433 1685 2492 solitum
1708 2432 1934 2494 venienti
1953 2430 2280 2497 magistratui
2291 2430 2550 2497 jubebat.
2531 2444 2550 2459 ·

1474 2525 1525 2562 v.
1571 2527 1622 2576 g.
1663 2511 1941 2573 Assur-gere,
1975 2513 2116 2573 caput
2147 2508 2352 2573 aperire,
2390 2515 2448 2564 et
2484 2524 2548 2566 ex

1475 2605 1607 2654 equo,
1628 2595 1720 2639 aut
1739 2602 1882 2637 curru
1908 2586 2205 2649 descendere,
2225 2585 2446 2648 gladium
2455 2600 2547 2657 po,-

1473 2681 1603 2731 nere,
1621 2653 1791 2716 semita
1812 2666 1992 2726 cedere,
2010 2666 2095 2728 ξε.

1537 2741 1736 2793 Seneca
1764 2737 2006 2807 Epistola
2026 2745 2110 2790 70.
2158 2740 2175 2770 ‘
2194 2739 2249 2791 Si
2280 2739 2546 2814 consulem

1477 2819 1659 2869 videro
1693 2825 1783 2870 aut
1823 2827 2123 2884 praetorem,
2158 2817 2328 2869 omnia
2360 2816 2545 2886 quibus

1477 2895 1644 2948 honor
1665 2895 1848 2948 haberi
1872 2897 2027 2958 solet,
2044 2894 2268 2946 faciam.
2305 2908 2439 2961 equo
2458 2895 2548 2945 dc·

1478 2975 1663 3037 niliaci,
1685 2980 1846 3039 caput
1861 2973 2107 3038 aperiam,
2118 2971 2305 3044 semita
2320 2963 2547 3028 cedam?

1543 3051 1700 3129 Apud
1737 3052 1963 3102 Dionem
1996 3051 2087 3100 lib.
2132 3062 2335 3100 xxxvi.
2389 3047 2547 3100 Pom·-

1477 3130 1625 3195 peins
1647 3128 1964 3194 descendere
1986 3127 2084 3179 sibi
2107 3141 2241 3192 equo
2262 3125 2548 3196 Tigranem

1476 3221 1651 3286 regem
1663 3205 1821 3270 jussit
1837 3217 1941 3270 per
1963 3205 2217 3254 lictorem.

1540 3277 1629 3335 Sic
1674 3290 1732 3334 et
1779 3275 2030 3358 Apuleius
2085 3282 2176 3332 lib.
2219 3294 2307 3346 ιιι.
2350 3266 2545 3334 Florid

1474 3363 1490 3391 ‘
1509 3363 1563 3412 Si
1588 3375 1737 3451 quein
1776 3353 2145 3424 conspicantur
2181 3372 2249 3408 ex
2280 3355 2546 3422 principa·

1472 3439 1610 3490 libus
1630 3437 1771 3500 viris,
1794 3436 1929 3487 bene
1946 3435 2256 3494 consultum,
2272 3432 2408 3485 bene
2424 3447 2547 3498 cog

1473 3517 1659 3577 nitum,
1701 3525 1996 3581 quanquam
2036 3512 2235 3577 oppido
2275 3508 2548 3580 festinant,

1474 3600 1649 3646 tamen
1683 3592 1885 3642 honoris
1923 3591 2037 3657 ejus
2075 3590 2264 3655 gratia,
2297 3588 2547 3655 cohibent

1474 3686 1703 3733 cursum,
1735 3670 1969 3720 relevant
2008 3667 2245 3732 gradum,
2269 3658 2547 3730 retardant

1476 3761 1687 3815 equum,
1722 3753 1775 3797 et
1810 3745 1950 3816 illico
1987 3744 2041 3795 in
2065 3743 2227 3810 pedes
2261 3741 2545 3806 desiliunts

1474 3821 1716 3875 fruticem
1736 3838 1887 3890 quem
1911 3821 2235 3894 verberando
2268 3833 2402 3885 equo
2432 3833 2547 3884 gesa}

1479 3908 1614 3966 tant,
1649 3902 1702 3951 in
1735 3903 1923 3960 laevam
1943 3915 2150 3950 manum
2186 3896 2546 3962 transferunt3

1476 3980 1657 4046 itaque
1680 3979 1930 4053 expedita
1951 3994 2122 4043 manu,
2145 3976 2357 4036 adeunt,
2380 3988 2442 4025 ac
2463 3988 2546 4042 aas,

1475 4061 1666 4112 lutant.
1668 4058 1685 4081 '

1539 4115 1754 4190 Ferrum
1778 4149 1972 4202 ponere
1994 4133 2277 4199 jubebant.
2342 4130 2430 4181 Sic
2451 4128 2543 4194 Ti

1473 4229 1668 4286 graues
1679 4229 1769 4263 rex
1807 4213 1929 4263 olim
1951 4211 2184 4278 gladium
2205 4223 2355 4260 suum
2380 4207 2546 4272 tradi

1471 4291 1555 4343 dit
1576 4287 1841 4366 lictoribus
1855 4287 2146 4368 Pompeii,
2156 4293 2297 4352 teste
2329 4285 2550 4357 1²1qu
2593 4327 2598 4330 .
