3063 4952
507 411 683 479 1878

1201 423 1270 473 G.
1315 419 1688 471 comum!
1733 416 1999 467 'raorrt

2394 415 2581 483 [am.
2603 420 2720 469 sm.

1513 562 1731 615 NOTAE

513 701 748 740 uetat.
771 697 1113 737 nummu.
1138 694 1390 733 mcum.
1443 679 1577 731 Ideo

513 763 852 830 sequentibus
868 760 1188 825 principibus
1202 759 1408 808 lionoris
1422 772 1579 807 causa

513 839 696 889 datum
743 838 835 901 jus
884 836 1076 898 tertiae,
1122 842 1341 900 quartae,
1383 836 1577 900 quintae

513 915 812 966 relationis:
846 913 900 962 id
925 920 1025 975 est,
1063 928 1144 962 me
1181 912 1491 976 interprete,
1519 916 1581 960 ut

515 992 726 1057 quoties
751 991 986 1040 consules
1009 989 1107 1054 ipsi
1130 1004 1233 1039 non
1252 995 1447 1050 essent,
1470 994 1580 1038 tres

516 1067 858 1128 nihilominus,
881 1075 1118 1131 quatuor,
1141 1073 1232 1116 aut
1253 1066 1480 1130 quinque
1502 1080 1581 1114 re·

519 1146 739 1195 lationes
779 1143 952 1195 facere
992 1150 1238 1209 possent:
1278 1159 1381 1208 qua
1419 1142 1484 1192 ‹le
1525 1158 1582 1192 re

519 1236 741 1286 cumque
762 1220 823 1269 iis
846 1221 1010 1270 visum
1036 1228 1189 1270 esset.

583 1300 826 1349 Solenuia
845 1300 1148 1349 relationum
1168 1300 1328 1349 verba
1352 1313 1382 1348 e
1401 1299 1585 1348 Sueto-

520 1377 595 1427 nii
614 1377 779 1440 Calig.
806 1393 919 1441 cap.
941 1383 1016 1426 15.
1041 1378 1152 1427 11ωο
1174 1376 1362 1427 didici:
1388 1378 1404 1402 ‘
1430 1373 1584 1426 Quod

527 1455 715 1504 bonum
740 1453 969 1519 felixque
1012 1454 1079 1503 sit
1102 1456 1164 1505 C.
1190 1453 1403 1517 Caesari,
1425 1453 1491 1502 de
1516 1454 1587 1502 N.

522 1531 710 1580 Patres
734 1530 1039 1594 conscripti,
1064 1530 1187 1596 quid
1216 1529 1330 1579 fieri
1364 1528 1588 1593 placet?

523 1607 733 1670 Lipsius.

527 1726 532 1733 .
594 1682 838 1746 Relatum]
892 1684 974 1732 Sic
994 1683 1245 1746 intellige,
1281 1681 1593 1732 abnuentibus

523 1761 785 1809 consulibus
805 1775 859 1808 ea
880 1762 938 1809 de
959 1775 1011 1810 re
1029 1762 1230 1809 relatum
1250 1773 1382 1822 esse,
1405 1760 1489 1807 vel
1508 1759 1595 1808 ab·

527 1836 806 1885 nuentibus
846 1836 1137 1885 consulibus
1178 1851 1240 1886 ea
1275 1835 1342 1885 de
1366 1851 1423 1885 re
1461 1837 1593 1885 rela-

526 1919 670 1960 tum:
697 1912 784 1961 ubi
797 1914 1014 1975 relatum,
1032 1914 1085 1961 id
1110 1919 1187 1962 est
1208 1914 1480 1963 relationem
1493 1929 1512 1972 ,·
1534 1918 1593 1963 ut

525 1989 699 2037 inu-isus
721 1989 1043 2039 substantive
1079 1992 1297 2040 sumitur
1319 2006 1414 2056 pro
1434 1991 1594 2040 irrisi-

528 2081 633 2128 one,
662 2065 733 2115 sic
757 2068 933 2115 relatus
963 2082 1053 2130 pro
1076 2068 1316 2118 relatione.

594 2143 774 2194 Habes
797 2144 1013 2194 similem
1055 2145 1206 2208 plane
1241 2145 1408 2195 locum
1445 2146 1480 2195 1.
1505 2159 1595 2196 111.

531 2222 614 2268 33.
658 2218 746 2268 ubi
787 2218 1004 2269 Severus
1048 2220 1260 2270 Caecina
1292 2226 1494 2283 censet,
1525 2236 1594 2271 ne

529 2306 666 2344 uxor
687 2296 1044 2360 magistratum
1082 2297 1132 2345 ln
1168 2297 1486 2360 provinciam
1506 2306 1592 2347 co-

530 2372 763 2425 mitetur.
833 2375 850 2402 ‘
895 2374 1184 2424 Paucorum
1233 2375 1343 2424 haec
1386 2388 1595 2426 assensu

534 2449 748 2501 audita:
800 2450 977 2515 plures
1021 2451 1391 2514 obturbabant,
1423 2467 1594 2519 neque

533 2525 753 2576 relatum
794 2527 860 2577 de
892 2529 1120 2593 negotio,
1140 2542 1308 2594 neque
1332 2530 1595 2580 Caecinam

533 2603 742 2667 dignum
766 2611 930 2655 tantae
963 2606 1038 2655 rei
1061 2607 1363 2657 censorem!
1429 2609 1599 2673 Neque

532 2680 763 2731 relatam:
796 2681 851 2730 id
882 2689 984 2743 est,
1017 2697 1182 2747 neque
1205 2684 1426 2734 relatum
1465 2699 1602 2748 esse,

536 2770 626 2805 seu
649 2754 848 2807 referre
873 2772 928 2807 se
950 2760 1118 2820 nolle3
1143 2760 1279 2824 quod
1304 2760 1439 2809 idem
1465 2762 1516 2810 in
1543 2777 1597 2811 re

537 2838 646 2881 est:
680 2833 1006 2898 obturbabant,
1044 2836 1098 2885 id
1137 2844 1236 2900 est,
1276 2852 1333 2887 se
1369 2854 1599 2903 oppone·

537 2907 682 2972 bant,
710 2909 1121 2963 intercedebant.

604 2986 750 3034 Talia
767 2988 955 3050 „paucis
992 2991 1264 3056 exequitur
1285 2992 1517 3053 Tacitus,
1540 2998 1601 3042 ut

540 3062 595 3110 in
616 3075 673 3109 re
696 3064 989 3126 notissima3
1026 3073 1081 3116 et
1111 3075 1255 3118 certe
1281 3069 1417 3119 idem
1441 3078 1525 3120 est
1549 3072 1600 3119 in

539 3155 619 3203 re,
638 3140 943 3193 abnuentibus
958 3146 1221 3196 consulibus
1235 3163 1238 3166 ¹
1250 3164 1306 3197 ea
1327 3150 1386 3198 de
1408 3165 1460 3198 re
1480 3151 1601 3198 rela-

539 3221 664 3280 tum,
686 3234 747 3268 ac
772 3221 816 3269 si
840 3222 1059 3284 diceret,
1097 3224 1441 3275 abnuentibus
1480 3235 1601 3276 con·

539 3295 734 3349 nulibus
777 3299 1076 3352 relationem
1115 3300 1288 3352 facere
1325 3304 1393 3352 de
1433 3318 1495 3352 ea
1523 3318 1603 3364 re,

487 3375 490 3376 ’
543 3385 633 3422 seu
657 3375 950 3425 nolentibus
974 3392 1086 3427 eam
1112 3393 1221 3428 rem
1248 3375 1441 3429 referre
1464 3382 1601 3444 apud

541 3459 737 3516 patres.

545 3574 556 3580 -
610 3529 710 3577 Vel
733 3530 882 3593 qniasi
904 3531 1140 3583 dicerent
1162 3536 1417 3596 consules,
1438 3535 1594 3584 Nolu-

546 3617 659 3653 mus
690 3611 1188 3658 senatusconsultum
1229 3611 1427 3674 perfici,
1466 3612 1607 3675 qnod

546 3678 658 3728 sine
678 3681 766 3729 tali
783 3683 1028 3733 relatione
1041 3692 1183 3735 certe
1204 3688 1381 3752 perfici
1403 3704 1502 3738 non
1522 3704 1609 3752 po·

547 3754 667 3805 tuit.
733 3757 889 3805 Forte
920 3774 1035 3807 cum
1072 3762 1204 3809 tales
1234 3764 1609 3826 propositiones

546 3837 841 3881 senatorum
868 3843 1137 3897 respueret
1170 3841 1368 3899 consul,
1391 3840 1608 3904 quitum

545 3906 774 3958 habebat
791 3921 1025 3959 senatum
1051 3927 1142 3961 suo
1165 3928 1358 3977 mense,
1381 3932 1609 3978 oppone·

549 3980 644 4038 bat
669 3997 763 4045 pro
798 3984 944 4034 libito
966 4001 1077 4049 suo,
1099 4002 1198 4035 non
1224 4003 1337 4046 esse
1361 3992 1428 4039 de
1451 4008 1513 4040 ea
1552 4008 1608 4042 re

550 4060 788 4123 relatum,
827 4070 916 4110 aut
955 4071 1102 4112 certe
1140 4079 1193 4112 se
1236 4064 1431 4116 referre
1472 4070 1609 4122 nolle

552 4148 661 4191 rem
686 4136 869 4185 istam:
910 4140 1076 4202 quasi,
1098 4139 1149 4188 id
1184 4156 1285 4190 non
1319 4158 1432 4192 esse
1456 4159 1485 4193 e
1513 4146 1612 4194 Re·

550 4210 780 4274 publica,
820 4223 1073 4280 censeret,
1112 4223 1168 4265 et
1212 4219 1349 4268 ultro
1390 4220 1486 4270 1100
1530 4235 1610 4271 18-

548 4296 783 4351 spueret.

1722 676 1974 731 Quamvis
1994 677 2047 727 id
2070 679 2305 729 veterum
2328 675 2585 728 institutis
2605 690 2729 726 001-

1659 756 1871 808 trarium
1894 763 2053 814 esset,
2076 755 2280 820 quibus,
2310 755 2395 804 vel
2422 754 2627 804 modico
2650 766 2734 803 se·

1660 833 1834 882 natori
1857 846 2147 895 proponere
2188 831 2381 882 licebat
2418 827 2668 896 quicquid
2694 845 2729 879 e

1662 909 1872 973 Repub.
1891 923 2003 958 esse
2024 916 2281 971 censeret,
2298 916 2354 958 et
2375 908 2555 958 statim
2574 907 2630 956 id
2650 920 2729 956 re⁶

1660 985 1866 1036 ferebat
1895 987 2107 1036 consul:
2141 985 2233 1043 sed
2271 987 2364 1036 sub
2406 985 2734 1050 principibus

1662 1065 1789 1113 1111111
1808 1064 1920 1114 fere
1942 1064 2094 1127 prisci
2110 1064 2429 1126 moris,nibil
2447 1064 2597 1112 licuit
2617 1078 2736 1112 con·

1664 1142 1764 1190 suli
1786 1150 1875 1191 aut
1901 1143 2123 1191 senatui.
2190 1138 2322 1190 Tum
2348 1139 2513 1189 libido
2540 1139 2734 1204 princi·

1665 1218 1747 1281 pis
1772 1233 1867 1280 pro
1900 1218 2098 1267 ratione
2122 1224 2177 1268 et
2200 1219 2314 1280 lege
2334 1215 2459 1279 fuit,
2493 1215 2596 1280 ipsi
2617 1229 2736 1266 con·

1667 1295 1803 1342 sules
1826 1295 2222 1357 corruptissimi,
2246 1301 2336 1343 aut
2370 1291 2509 1342 forte
2534 1308 2601 1341 ne
2625 1292 2738 1356 qui-

1667 1370 1784 1419 dem
1823 1371 2058 1419 consules
2095 1370 2190 1419 nisi
2226 1369 2382 1418 verbo
2421 1376 2597 1430 tenus,
2625 1368 2738 1432 jam

1670 1454 1915 1513 corrupta
1932 1448 2219 1514 Republica
2237 1456 2293 1496 et
2310 1446 2577 1496 exstincta
2590 1446 2742 1495 liber-

1672 1534 1799 1577 tate.

1736 1603 1979 1665 Relatum]
2034 1601 2142 1652 Alii
2163 1603 2367 1665 legunt,
2385 1615 2472 1650 nee
2492 1598 2745 1649 abnuenti-

1671 1679 1757 1728 bus
1791 1679 2072 1741 comtibus,
2108 1694 2164 1727 ea
2198 1682 2256 1726 de
2290 1692 2343 1726 re
2377 1681 2601 1727 relatum.
2668 1678 2747 1726 Bt

1673 1756 1812 1806 forte
1837 1764 2010 1821 potest
2036 1756 2266 1821 suppleri
2296 1770 2476 1804 seusus
2502 1770 2569 1803 ex
2596 1760 2746 1803 ante-

1673 1831 1790 1883 ced.
1809 1833 1922 1884 istis
1944 1851 1957 1884 :
1984 1835 2095 1883 Non
2117 1839 2273 1882 tamen
2292 1832 2749 1881 seuatusconsuItum

1668 1910 1836 1977 perfici
1870 1910 2049 1974 potuit,
2084 1907 2374 1973 repetendo
2408 1906 2468 1954 τὸ
2505 1923 2619 1969 non,
2649 1920 2743 1956 seu

1675 2001 1758 2036 nec
1773 1986 2079 2036 abnuentibus
2098 1985 2377 2047 consulibus,
2397 1999 2454 2032 ea
2473 1985 2532 2032 de
2555 1997 2608 2031 re
2622 1985 2747 2031 rela-

1674 2068 1807 2114 tum.-
1831 2070 1889 2114 et
1908 2065 1983 2114 sic
2007 2059 2423 2127 intelligendum,
2443 2075 2549 2110 non
2570 2061 2750 2124 legen*-

1677 2140 1817 2191 dum.

1744 2215 2040 2267 Difficultas
2089 2231 2156 2266 ex
2213 2231 2295 2278 eo,
2344 2215 2486 2281 quod
2528 2214 2749 2264 Tacitus

1675 2295 1886 2345 omittat
1938 2294 2343 2359 conjunctiones.
2426 2294 2504 2343 Ut
2550 2291 2749 2340 babeas

1673 2371 1883 2434 planum
1907 2385 2188 2434 verumque
2218 2383 2442 2430 sensum,
2463 2369 2538 2418 sic
2577 2369 2748 2417 inver-

1676 2454 1760 2497 te:
1789 2463 1957 2511 maguo
1979 2462 2169 2497 assensu
2190 2446 2425 2496 celebrata
2433 2444 2544 2507 suit
2565 2449 2751 2494 senten-

1674 2527 1748 2575 tia
1774 2527 2007 2586 Thraseoe,
2022 2541 2113 2574 non
2136 2530 2292 2574 tamen
2313 2540 2367 2573 ea
2390 2526 2449 2573 de
2471 2539 2524 2573 re
2544 2525 2750 2573 relatum

1677 2609 1767 2667 est,
1785 2605 2089 2654 abnuentibus
2108 2603 2386 2665 consulibus,
2401 2604 2596 2665 ideoque
2615 2617 2750 2650 sena-

1676 2684 2016 2731 tusconsultum
2064 2681 2229 2745 perfici
2272 2696 2365 2729 11011
2405 2680 2587 2744 potuit:
2652 2679 2752 2728 Vel

1678 2762 1897 2821 relatum,
1934 2760 1987 2807 id
2028 2769 2131 2818 est,
2166 2758 2505 2817 relationem3
2539 2770 2774 2820 nempe,-

1679 2839 1990 2888 abnuentibus
2008 2838 2272 2887 consulibus
2309 2852 2363 2885 ea
2383 2839 2442 2885 de
2479 2851 2534 2885 re
2556 2836 2753 2885 relatio·

1681 2931 1804 2980 nem,
1825 2917 2030 2980 supple,
2042 2916 2224 2975 facere.

1751 2994 1920 3057 igitur
1939 2993 2033 3042 sub
2058 2992 2382 3057 principibus
2399 2991 2601 3041 licebat
2615 3006 2756 3042 sena-

1685 3073 1786 3121 tori
1812 3072 1925 3120 loco
1956 3071 2230 3120 sententia³
2246 3085 2488 3134 promere
2505 3070 2754 3135 quicquid

1684 3163 1714 3196 e
1761 3148 1967 3211 Repub.
2009 3162 2122 3195 esse
2167 3156 2406 3196 censeret
2427 3164 2442 3206 ;
2500 3145 2624 3195 dein
2666 3147 2754 3209 jus

1684 3230 1800 3274 erat
1841 3224 2136 3273 consulibus
2173 3224 2483 3273 relationem
2506 3223 2575 3272 de
2609 3238 2671 3271 ea
2700 3236 2754 3271 re

1684 3302 1859 3352 facere
1883 3304 1966 3352 vel
1992 3303 2281 3360 remittere,
2306 3317 2394 3350 seu
2430 3302 2654 3363 rejicere
2678 3302 2755 3349 vel

1684 3378 1915 3438 differre,
1936 3381 1986 3428 id
2011 3389 2222 3438 est‚non
2242 3378 2460 3438 referre,
2478 3378 2756 3441 prolibito.

1683 3458 1831 3507 Dein
1851 3473 1966 3506 eum
1988 3456 2310 3510 :retulissent
2350 3456 2613 3515 consules,
2648 3463 2756 3505 tum

1686 3534 1861 3598 potuit
1880 3533 1994 3583 fieri
2016 3533 2538 3594 senatusconsultum„
2558 3534 2638 3581 vel
2661 3545 2757 3580 non

1688 3611 1887 3675 perfici.

1751 3686 2003 3736 Attamen
2023 3686 2066 3734 si
2091 3692 2199 3734 tum
2225 3700 2325 3733 11011
2354 3684 2507 3734 fieret
2533 3692 2761 3734 senatus-

1689 3764 2005 3823 consultum,
2046 3764 2127 3811 vel
2174 3760 2388 3811 defectu
2432 3761 2639 3810 numeri
2674 3775 2761 3824 pa·

1692 3848 1846 3897 trum,
1869 3841 1948 3888 vel
1973 3838 2072 3888 alio
2097 3839 2246 3898 vitio,
2272 3838 2355 3886 vel
2380 3837 2502 3900 quia
2539 3838 2642 3900 ipsi
2674 3852 2761 3901 pa-

1690 3924 1800 3966 tres
1817 3924 1908 3965 aut
1925 3917 2163 3966 consules
2185 3916 2400 3976 nollent,
2432 3922 2525 3963 11111
2548 3930 2649 3964 11011
2681 3931 2763 3963 1111-

1692 3995 1898 4056 11818111,
1919 3994 2054 4043 haud
2081 3993 2318 4044 consulto
2357 3992 2625 4055 principe,
2644 3991 2765 4042 scri*

1691 4071 1914 4120 bebatur
1938 4079 2110 4120 tamen
2136 4085 2417 4119 consensus
2438 4068 2764 4133 patrum,qui

1690 4149 1793 4197 vim
1817 4149 2148 4198 auctoritatis
2186 4147 2384 4204 habuit,
2408 4162 2512 4194 nou
2537 4154 2766 4197 senatus-

1691 4225 1945 4274 consulti:
1971 4233 2061 4273 aut
2080 4239 2198 4273 eum
2224 4238 2537 4276 consensum
2557 4229 2763 4272 senatus

1691 4300 1972 4351 mittebant
2004 4301 2244 4365 principi,
2275 4308 2353 4365 ut,
2374 4300 2420 4349 si
2444 4300 2624 4362 vellet,
2648 4298 2762 4350 talis
