3063 4952
538 366 714 464 1614

1247 412 1311 461 G.
1357 408 1558 460 GORN
1572 408 1726 458 8121!
1771 404 2030 460 ‘rAct‘rl

2420 410 2514 476 [Α.
2535 408 2605 462 U.
2630 413 2747 461 ⁸12.

536 592 732 638 suam
775 571 1013 637 ditioni
1058 574 1301 636 nostrae
1354 571 1735 656 subjiceret.
1825 565 2150 650 Quotam⁶
2200 573 2462 653 partem
2517 561 2750 649 campi

525 675 803 760 jacere:
828 676 895 739 in
918 694 1118 759 quam
1146 693 1395 758 pecora
1415 682 1483 739 et
1502 674 2097 740 armenta'militum
2120 670 2512 756 aliquando⁷
2535 674 2745 733 trans-

534 871 717 908 norum
738 874 788 908 se
804 859 855 909 id
875 859 1033 909 etiam
1052 859 1300 924 adjicere,
1323 860 1461 925 quod
1499 868 1693 911 nostrae
1734 858 1985 924 potestati
2017 855 2267 905 subderet
2289 853 2556 902 nationem
2578 863 2745 900 suam.

535 924 763 975 Quotam
786 924 1007 990 relinqui
1030 939 1245 976 vacuam
1266 926 1377 990 agri
1400 934 1622 991 partem,
1653 926 1705 976 iu
1742 940 1897 991 quam
1934 936 2116 987 greges
2150 927 2206 970 et
2243 923 2480 970 armenta
2513 916 2745 967 militum

1470 1090 1827 1111 ΟΝΟΙΝΟΟΗΙ

532 1199 651 1249 aliis
672 1200 1020 1267 emendatum,
1040 1202 1277 1267 obsequia.
1309 1201 1638 1252 Brotier.—6
1667 1198 1932 1249 Tentabat
1954 1195 2181 1262 Lipsius,
2201 1213 2290 1261 quo
2309 1201 2518 1259 tentum,
2540 1200 2632 1245 aut
2666 1209 2757 1259 quo

536 1278 659 1314 eam.
723 1267 1002 1333 vulgatam
1020 1274 1190 1319 tamen
1206 1268 1578 1318 tolerabat—'1
1617 1264 1812 1328 Ryckii
1836 1264 2027 1314 amicus
2046 1262 2376 1331 emendabat,
2412 1263 2584 1312 alendo
2600 1265 2757 1309 trum-

1539 1404 1755 1456 NOTAE

603 1519 734 1571 Cum
755 1535 847 1572 sex
869 1536 1027 1587 supra
1048 1520 1391 1588 quadraginta
1422 1535 1598 1571 nume·

534 1603 715 1648 rentur
755 1600 895 1661 anni,
937 1600 1265 1650 verisimilius
1320 1604 1403 1650 est
1441 1598 1602 1662 scrip-

532 1675 662 1725 sisse
691 1676 927 1726 Tacitum
969 1665 1311 1739 qrdnquaginta
1329 1692 1346 1724 .-
1395 1676 1468 1725 sic
1506 1689 1600 1723 nu-

535 1764 733 1799 merum
785 1752 1100 1816 completum
1170 1766 1418 1815 usurpare
1468 1751 1602 1801 solet

537 1827 653 1876 aliis
675 1827 823 1876 loeis.

604 1903 901 1966 Quinqung.]
946 1904 1426 1968 Interpungeudum
1446 1902 1603 1952 omni-

534 1995 636 2030 no:
690 1980 944 2044 Stipendia
978 1981 1200 2030 meruisse
1213 1998 1230 2030 .·
1253 1973 1604 2045 auinquaginta

535 2073 763 2108 annorum
782 2058 991 2122 obsequio
1018 2059 1071 2108 id
1107 2074 1281 2123 quoque
1313 2059 1569 2122 adiungere
1581 2074 1602 2117 ,-

535 2150 688 2185 sensu
709 2135 1025 2200 planissimo.
1096 2136 1349 2205 Gruterus,

604 2212 785 2277 Recte,
838 2218 899 2261 ut
953 2216 1101 2277 puto,
1150 2214 1218 2261 Et
1261 2212 1604 2276 qninquaginta

534 2304 764 2339 annorum
814 2288 1045 2354 obsequio,
1092 2292 1173 2353 ξε.
1242 2294 1302 2339 ut
1365 2290 1418 2339 in
1481 2289 1601 2341 cod.

535 2366 672 2416 Flor.

605 2443 964 2510 Quinquaginta
995 2442 1245 2509 annorum]
1292 2443 1376 2496 Ne
1411 2441 1602 2494 intelli·

536 2538 647 2587 gas,
697 2523 840 2588 quasi
882 2537 978 2586 per
1023 2521 1399 2587 quinquaginta
1442 2534 1602 2569 annos

536 2599 795 2664 stipendia
826 2598 1015 2656 fecerit
1044 2599 1096 2649 in
1129 2598 1312 2649 castris
1334 2596 1600 2646 Romanis.
1639 2653 1645 2659 ¹

535 2676 657 2726 Non
678 2677 808 2728 hoc:
844 2677 934 2727 sed
973 2677 1101 2727 dicit
1135 2690 1192 2725 se
1231 2670 1494 2738 stipendia
1527 2673 1602 2723 fe·

537 2753 669 2802 sisse
703 2752 798 2803 sub
832 2753 1046 2802 ducibus
1076 2751 1284 2802 Tiberio
1307 2759 1363 2801 et
1388 2749 1603 2801 Germa-

441 2823 447 2829 '
534 2829 687 2890 nico;
740 2836 797 2879 et
834 2835 1008 2880 amoto
1042 2829 1199 2891 bello,
1245 2834 1418 2878 tamen
1456 2826 1604 2876 obse-

539 2904 712 2969 quium
734 2904 990 2969 fidemque
1023 2903 1333 2970 praestitisse
1357 2903 1603 2953 Romanis

536 2994 636 3043 per
658 2981 1028 3046 quinquaginta
1052 2997 1227 3032 annos.

603 3054 793 3120 Ibique
837 3063 979 3108 errat
1034 3058 1293 3122 interpres
1343 3056 1600 3120 Gallicus,

539 3131 629 3197 qui
663 3132 840 3195 vertit,
873 3135 1015 3198 quasi
1046 3134 1325 3185 militasset
1346 3135 1431 3182 ille
1454 3134 1601 3198 quin-

539 3211 783 3275 quaginta
812 3213 973 3276 annis‚
995 3213 1133 3278 quod
1173 3212 1391 3263 falsum:
1428 3224 1600 3276 neque

537 3287 672 3337 enim
697 3295 1007 3354 perpetuum
1043 3289 1235 3339 bellum
1258 3289 1360 3339 fnit
1383 3289 1437 3338 in
1472 3289 1602 3339 Ger-

535 3364 725 3428 mania,
757 3364 911 3414 immo
946 3365 1158 3415 Tacitus
1196 3380 1353 3430 supra
1385 3368 1468 3414 54.
1504 3364 1602 3414 sub

536 3441 782 3501 Nerone:
811 3442 825 3468 ‘
852 3440 1112 3492 Continuo
1135 3442 1456 3492 exercituum
1470 3440 1600 3503 otio,

531 3513 672 3564 fama
690 3516 916 3579 incessit,
939 3524 1176 3581 ereptum
1189 3518 1276 3581 jus
1298 3517 1484 3581 legatis
1504 3516 1597 3566 du-

535 3590 690 3640 cendi
711 3591 764 3639 in
786 3591 1023 3641 hostem!

601 3668 673 3717 Et
694 3682 851 3732 supra
873 3669 965 3718 sub
988 3669 1227 3719 Claudio:
1261 3670 1278 3699 ⁶
1298 3670 1504 3724 Quietae
1530 3670 1600 3720 ad

535 3742 593 3792 id
629 3758 712 3792 res
751 3743 805 3791 in
842 3743 1125 3794 Germania
1142 3745 1366 3811 fuerant,
1389 3746 1599 3810 ingenio

535 3818 742 3883 dueum,
762 3819 849 3883 qui
888 3822 1204 3885 pervulgatis
1237 3822 1484 3886 triumphi
1521 3822 1599 3870 iu-

535 3896 786 3961 signibus,
819 3898 983 3961 majus
1015 3914 1081 3947 ex
1124 3913 1188 3948 eo
1226 3898 1386 3948 decus
1424 3913 1600 3964 spera·

534 3973 680 4037 bant,
703 3973 748 4023 si
769 3988 950 4037 pacem
972 3974 1448 4024 continuavissent!

599 4061 621 4086 ⁸
655 4054 857 4109 Quotam
870 4062 1057 4118 partem
1077 4055 1229 4119 campi
1236 4054 1422 4117 jacere]
1439 4056 1599 4105 Forte

535 4129 747 4192 vulgata
757 4131 916 4180 lectio
933 4131 1199 4193 subsistet,
1209 4132 1250 4180 si
1265 4130 1600 4180 distinctione

529 4203 779 4267 juvetur:
816 4205 1021 4262 Quotam
1037 4212 1221 4272 partem
1241 4208 1396 4271 compi
1405 4206 1605 4268 jacere?

538 4278 593 4329 in
622 4295 760 4345 quan
787 4296 960 4347 pecora
979 4287 1027 4335 et
1048 4289 1259 4350 omenta
1278 4285 1485 4336 militum
1515 4284 1605 4335 ali·

1678 1522 1861 1589 quando
1878 1520 2276 1571 transmittentur.
2328 1516 2393 1566 Id
2414 1523 2532 1567 est:
2563 1515 2755 1581 exigua

1681 1612 1803 1662 pars
1849 1597 2019 1662 campi
2060 1602 2159 1659 est,
2201 1610 2354 1661 quam
2400 1595 2645 1658 petimus,
2691 1608 2754 1643 oe

1681 1674 1837 1724 modo
1848 1675 2033 1740 jacet:
2071 1674 2300 1738 nullique
2336 1671 2452 1721 usui
2490 1670 2641 1720 vobis
2676 1668 2758 1720 fu-

1682 1763 1815 1815 tura,
1853 1755 1951 1804 nisi
1997 1754 2133 1821 quod
2175 1753 2227 1803 in
2273 1767 2389 1801 eam
2424 1755 2667 1799 armenta
2700 1755 2758 1800 et

1682 1846 1873 1897 pecora
1909 1831 2130 1882 militum
2154 1829 2464 1895 quandoque
2490 1826 2759 1877 transmit-

1681 1908 1824 1957 tetis.
1892 1907 2123 1956 Pit-hena.

1748 1985 1871 2034 Non
1907 1983 1990 2034 hic
2021 1984 2233 2033 videtur
2264 1995 2476 2044 sensus;
2508 1979 2758 2044 exiguam

1682 2067 1886 2124 partem
1903 2060 2074 2124 campi
2095 2073 2210 2111 esse
2233 2074 2386 2125 quam
2407 2065 2617 2123 petant,
2636 2071 2756 2123 qne

1683 2136 1836 2187 modo
1871 2137 2074 2200 jaceat,
2097 2135 2328 2200 nullique
2357 2134 2474 2184 usui
2506 2132 2758 2184 Romanis

1684 2213 1772 2276 sit,
1793 2213 1892 2262 nisi
1927 2213 2069 2279 quod
2108 2212 2161 2261 in
2201 2226 2315 2262 eam
2352 2216 2592 2261 armenta
2628 2209 2761 2260 mili-

1683 2297 1790 2341 tum
1814 2289 2124 2357 quandoque
2148 2289 2527 2339 transmittant.

1746 2365 1851 2416 Sed
1868 2365 1955 2416 hic
1988 2368 2199 2431 potius;
2234 2380 2353 2416 cum
2388 2366 2574 2430 ingens
2611 2377 2762 2428 agro-

1684 2459 1796 2495 rum
1817 2444 2042 2509 spatium
2076 2443 2330 2509 incultum
2343 2443 2561 2508 jaceat3
2596 2446 2760 2512 quota

1684 2537 1805 2587 pars
1826 2521 1941 2587 ejus
1964 2527 2065 2584 est,
2085 2521 2138 2571 in
2162 2536 2313 2585 quam
2335 2526 2574 2570 armenta
2596 2525 2758 2584 atque

1685 2612 1866 2664 greges
1889 2598 2128 2662 militum,
2148 2612 2245 2648 nec
2278 2612 2502 2662 semper,
2537 2595 2635 2646 sed
2667 2596 2759 2645 oli-

1682 2676 1865 2739 quando
1911 2673 2056 2740 (nam
2090 2680 2145 2723 et
2177 2675 2289 2724 haec
2327 2686 2429 2721 vox
2461 2671 2759 2736 significan-

1683 2759 1767 2803 ter
1789 2750 2040 2818 ponitur),
2059 2751 2515 2802 transmittuntur?

1746 2829 1865 2880 Nec
1906 2834 2081 2878 tamen
2106 2828 2387 2893 quaerimus
2409 2827 2760 2892 campartem

1679 2905 1917 2955 humanis
1946 2904 2120 2954 usibus
2155 2904 2329 2968 adimi,
2368 2918 2665 2968 quanquam
2703 2909 2763 2954 et

1680 2980 1779 3031 hoe
1801 2980 1939 3031 forte
1966 2981 2284 3045 querendum
2310 2988 2470 3043 esset,
2491 2986 2574 3030 tot
2595 2980 2760 3031 homi-

1683 3057 1833 3108 nibus
1873 3056 2010 3107 fame
2039 3059 2247 3122 pressis,
2269 3058 2358 3124 qui
2395 3058 2645 3108 sustineri
2670 3074 2762 3124 po·

1685 3140 1858 3185 terant
1882 3150 1947 3184 ex
1969 3134 2048 3183 his
2081 3135 2227 3198 lo‘cis,
2250 3150 2378 3200 quos
2411 3127 2618 3186 tantum
2644 3150 2761 3201 gre-

1681 3211 1832 3275 gibus
1871 3211 2104 3276 receptui
2140 3213 2379 3262 servatis.
2447 3213 2553 3262 Sed
2586 3212 2760 3262 curin

1683 3288 1876 3339 ceteris
1899 3288 2112 3352 campis,
2151 3289 2203 3338 in
2234 3289 2423 3353 quibus
2463 3303 2563 3339 nec
2596 3288 2759 3340 homi-

1681 3379 1793 3429 nes,
1823 3379 1919 3415 nec
1957 3372 2190 3416 armenta
2224 3371 2364 3430 sunt,
2399 3365 2575 3430 potius
2600 3365 2762 3416 vasti·

1683 3448 1847 3492 tatem
1870 3448 1926 3492 et
1950 3442 2283 3496 solitudinem
2298 3457 2412 3492 esse
2425 3442 2586 3496 vultis
2601 3457 2760 3509 quam

1682 3519 1871 3569 amicos
1891 3520 2108 3583 populos
2131 3519 2206 3568 ibi
2226 3519 2503 3570 habitare?

1743 3596 1824 3645 Ex
1844 3595 2028 3661 quibus
2053 3596 2288 3646 omnibus
2325 3602 2477 3661 patet
2510 3611 2618 3647 non
2650 3596 2760 3648 exi-

1679 3686 1807 3736 guos
1851 3670 2008 3722 fuisse
2048 3688 2280 3737 campos,
2319 3689 2451 3739 quos
2496 3674 2759 3739 petebant

1680 3748 1979 3811 Ansibarii3
2035 3750 2129 3800 sed
2182 3766 2246 3801 eo
2290 3752 2561 3817 praecipue
2607 3767 2759 3818 argu·

1678 3831 1854 3876 mento
1873 3841 2011 3889 usos,
2027 3842 2176 3891 agros
2200 3827 2324 3877 istos
2348 3828 2416 3879 ob
2441 3828 2761 3893 maguitudi-

1679 3917 1797 3952 nem
1841 3909 1998 3968 atque
2031 3905 2331 3955 vastitatem
2369 3906 2611 3956 locorum
2651 3906 2760 3958 Ro·

1679 3979 1842 4029 manis
1878 3994 1981 4030 non
2021 3994 2133 4030 esse
2180 3981 2311 4046 usui,
2354 3996 2476 4031 cum
2516 3991 2760 4036 armenta

1679 4071 1877 4119 eorum,
1913 4057 2100 4122 quibus
2137 4059 2259 4108 solis
2299 4058 2500 4109 servire
2540 4060 2759 4122 videan-

1680 4138 1784 4195 tur,
1825 4133 2035 4185 miuima
2077 4148 2254 4185 eorum
2300 4142 2453 4201 parte
2503 4143 2758 4190 contenta

1684 4209 1810 4260 sint.

1748 4285 1945 4339 Eodem
1983 4288 2268 4357 pertinent,
2290 4304 2406 4358 quae
2430 4285 2752 4359 sequuntur:
