3063 4952
460 358 638 467 1611)

461 517 637 600 Illic,
668 541 789 606 per
816 519 1023 584 otium
1067 515 1314 604 (neque
1353 520 1526 584 enim
1557 517 1837 583 ludicris
1873 512 2100 601 ignarij
2142 515 2688 601 oblectabantur)

462 622 620 689 dum
667 629 687 657 ‘
718 641 1104 687 consessum
1132 642 1385 701 caveae,
1417 622 1802 707 discrimina
1849 621 2175 698 ordinum,
2214 621 2368 704 quis
2419 620 2668 704 Eques,

462 727 584 791 ubi
632 724 941 790 Senatus'
986 731 1513 810 percunctantur,
1563 724 1898 789 advertere
1948 722 2281 807 quosdam
2325 724 2509 795 cultu
2555 742 2673 787 ex-

463 826 670 897 terno*
728 830 796 893 in
849 829 1120 894 sedibus
1169 830 1595 894 Senatorum:
1668 835 1754 907 et,
1816 831 1837 861 ‘
1867 827 2140 911 quinam
2196 823 2451 903 forent:
2498 825 2676 908 rogi-

462 936 699 1010 tanteS‚
760 938 1121 1017 postquam
1177 933 1591 1010 audiverant,
1657 937 1676 967 ‘
1709 938 1932 996 earum
1984 932 2274 1014 gentium
2321 929 2560 1011 legatis
2604 926 2676 993 id

463 1032 748 1100 honoris¹
777 1036 1031 1115 datum,
1064 1058 1216 1121 quae
1244 1037 1484 1101 virtute
1533 1042 1600 1101 et
1651 1035 1945 1100 amicitia
1996 1033 2305 1098 Romana
2333 1032 2678 1118 praecelle⁴

1167 374 1230 422 c.
1279 372 1642 423 connum
1690 371 1944 421 uerri
2343 375 2435 442 [A.
2460 377 2529 428 u.
2556 379 2666 428 sm.

464 1227 647 1293 (neque
665 1229 788 1279 enim
804 1231 1098 1294 spectaculis,
1131 1231 1307 1281 talium
1329 1233 1485 1293 rudes,
1505 1229 1894 1291 delectabantur)
1928 1230 2041 1278 dum
2064 1243 2177 1294 quae
2202 1228 2350 1277 sedes
2373 1241 2547 1276 caveae
2569 1225 2687 1276 scis·

463 1293 692 1358 citantur,
712 1310 772 1345 ac
796 1294 1141 1346 differentiam
1161 1297 1416 1358 ordinum,
1452 1297 1543 1346 ubi
1565 1311 1725 1361 nempe
1749 1296 1951 1360 equites
1972 1296 2108 1343 Rom.
2133 1294 2222 1343 ubi
2239 1294 2429 1343 Patres
2450 1294 2684 1351 sederent,

466 1360 626 1407 videre
645 1362 885 1410 nonnullos
906 1362 1071 1411 habitu
1093 1367 1318 1412 extraneo
1340 1363 1391 1412 in
1403 1362 1630 1412 subselliis
1649 1367 1858 1426 patrum,
1874 1366 1922 1409 et
1946 1360 2153 1424 quinam
2178 1364 2356 1408 essent
2375 1358 2683 1421 postulantes,

467 1423 548 1473 ubi
570 1431 866 1490 acceperunt,
890 1427 940 1476 id
966 1427 1168 1477 decoris
1194 1428 1450 1477 tributum
1471 1443 1567 1478 esse
1598 1426 1787 1491 legatis
1812 1426 2016 1474 illarum
2039 1424 2322 1485 nationum,
2342 1439 2457 1489 quae
2479 1421 2687 1472 fortitu-

466 1489 585 1541 dine
611 1497 665 1541 et
687 1492 938 1543 societate
961 1494 1110 1542 Rom.
1133 1493 1555 1558 praeeminerent,
1598 1498 1700 1543 tum
1722 1492 1997 1561 clamitant.-
2042 1490 2213 1539 nullos
2254 1488 2548 1539 mortalium
2582 1488 2689 1537 vir·

1464 1676 1689 1728 NOTAE

533 1816 623 1866 Sic
669 1830 827 1881 supra
867 1819 949 1866 34.
1004 1817 1020 1845 ‘
1044 1817 1270 1868 Corbulo
1324 1816 1538 1881 dignum

471 1893 826 1956 magnitudine
884 1893 1061 1957 populi
1105 1894 1251 1943 Rom.
1307 1893 1539 1955 rebatur,

470 1975 627 2033 parta
650 1968 768 2019 olim
793 1984 824 2017 a
846 1969 1062 2017 Lucullo
1086 1969 1437 2034 Pompeioque
1464 1984 1543 2018 re-

472 2045 686 2109 cipere-³
770 2045 875 2095 Ubi
928 2052 985 2095 et
1036 2045 1330 2110 intelligere
1381 2046 1541 2096 debes

470 2120 865 2185 amplitudinem
902 2123 1113 2187 proprie
1137 2127 1187 2172 et
1213 2124 1541 2188 majestatem

473 2197 656 2261 populi
680 2198 827 2249 Rom.
1495 2254 1501 2259 ,

534 2274 553 2316 J
588 2276 781 2340 Ignari]
834 2278 1037 2342 Ignari,
1062 2292 1270 2342 nempe,
1303 2278 1542 2329 ludorum

475 2359 532 2402 et
553 2353 983 2418 spectaculorum,
1010 2370 1069 2404 ac
1100 2362 1292 2405 cetera».
1314 2356 1541 2405 lasciviae

476 2431 779 2483 theatralis:
831 2447 951 2482 nam
989 2432 1177 2484 talibus
1212 2432 1424 2484 ludicris
1461 2447 1550 2502 ne-

475 2525 735 2576 quaquam
757 2509 884 2562 facti
908 2512 1065 2576 prisci
1085 2513 1348 2563 Germani.
1412 2514 1544 2562 Tac.

473 2587 541 2637 de
583 2587 720 2638 Mor.
755 2589 934 2639 Germ.
972 2594 1055 2639 24.
1089 2590 1105 2617 ⁴
1129 2590 1306 2640 Genus
1341 2597 1546 2654 specta-

477 2663 707 2714 culorum
732 2679 908 2730 unum,
928 2671 1084 2731 atque
1124 2666 1175 2714 in
1217 2667 1354 2715 omni
1389 2673 1545 2717 coetu.

477 2742 621 2793 Nudi
635 2743 878 2807 juvenes,
897 2742 1080 2807 quibus
1100 2743 1153 2792 id
1171 2742 1424 2793 ludicrum
1447 2751 1550 2808 est,

477 2817 619 2868 inter
664 2818 859 2883 gladios
901 2834 957 2868 se
994 2825 1151 2885 atque
1193 2817 1408 2871 infestas
1447 2820 1549 2871 fra-

476 2911 618 2948 meas
640 2900 775 2948 saltu
789 2897 1031 2963 jaciunt,'
1059 2902 1157 2950 διο.
1179 2889 1183 2896 ’

545 2974 572 3007 ⁸
601 2976 865 3025 Advertere
908 2978 1128 3039 quosdam
1165 2978 1296 3027 cultu
1329 2975 1550 3039 externo]

480 3051 753 3102 Armenios
775 3060 831 3102 et
853 3052 1077 3103 Parthos
1115 3053 1357 3104 sedentes
1395 3055 1448 3103 in
1479 3068 1550 3103 se-

479 3134 618 3192 natu,
655 3129 733 3178 uti
770 3130 1037 3194 eleganter
1078 3132 1351 3181 Suetonius
1388 3132 1552 3195 loqui·

482 3210 589 3256 tur.
669 3207 871 3276 Morem
912 3213 1088 3257 autem
1128 3223 1248 3258 eum
1287 3206 1467 3272 fuisse,
1498 3215 1555 3257 et

1619 1818 1797 1866 missos
1818 1817 1873 1867 in
1896 1817 2184 1869 Orchestra
2221 1820 2463 1880 spectare
2497 1812 2691 1880 jussit!

1620 1895 1734 1944 Etsi
1771 1895 1823 1944 id
1867 1900 2106 1945 vetuerat
2144 1902 2283 1954 ante,
2328 1907 2420 1942 sua
2467 1892 2692 1957 quadam

1621 1987 1794 2035 causa,
1817 1971 2118 2036 Augustus:
2169 1978 2226 2020 ut
2266 1970 2318 2018 in
2347 1969 2600 2019 Suetonio
2624 1969 2696 2019 le-

1623 2066 1732 2114 geS,
1771 2065 1887 2114 cap.
1928 2053 2010 2114 44.
2050 2047 2329 2098 interdicto
2368 2053 2544 2096 tamen
2590 2060 2691 2095 nou

1620 2127 1786 2179 firmo.
1866 2126 1972 2177 Sed
1999 2127 2074 2176 ait
2091 2124 2329 2177 Jnstinus
2353 2139 2502 2188 ecce,
2538 2125 2593 2174 in
2622 2139 2695 2174 se·

1620 2210 1768 2255 natu.-
1800 2211 1855 2254 et
1871 2202 2149 2254 Suetonius
2174 2201 2314 2265 alibi,
2326 2202 2378 2250 in
2399 2201 2553 2265 equite
2568 2215 2697 2265 spec·

1622 2287 1743 2332 ture.

1687 2359 1791 2409 Sed
1813 2359 1950 2424 quod
1974 2358 2041 2408 de
2062 2357 2250 2422 legatis
2271 2357 2354 2406 his
2374 2357 2442 2407 ad
2470 2356 2697 2406 Neronis

1626 2444 1861 2501 tempora
1895 2435 2114 2486 Tacitus
2143 2434 2341 2497 retulit,
2361 2433 2604 2485 eximium
2639 2440 2696 2484 et

1624 2515 1853 2579 autiquae
1877 2519 2072 2563 nostrae
2094 2510 2438 2575 simplicitatis
2460 2511 2661 2561 factum
2682 2528 2696 2561 ι

1625 2592 1929 2657 Tranquillo
1967 2591 2133 2641 visum
2171 2594 2250 2639 est
2289 2586 2511 2637 Claudio
2549 2587 2700 2636 attri-

1625 2669 1785 2719 buere
1808 2684 1856 2718 c.
1875 2673 1957 2718 25.
2023 2668 2197 2730 Errat,
2218 2679 2301 2715 me
2312 2663 2700 2729 judice,Tran-

1627 2746 1831 2810 quillus.
1886 2744 2093 2808 Lipsius.

1638 2875 1642 2882 ,
1697 2823 1845 2871 Cultu
1873 2819 2093 2883 externo]
2158 2819 2471 2870 Armeniaco
2494 2826 2552 2869 et
2568 2818 2701 2869 Par·

1552 2898 1556 2902 ’
1630 2899 1790 2963 thien,
1810 2898 1896 2964 qui
1934 2899 2106 2948 cultus
2137 2897 2375 2962 utrisque
2407 2896 2546 2946 idem
2580 2894 2705 2960 fuit,

1633 2984 1723 3028 aut
1742 2978 1948 3041 paulum
1971 2975 2250 3024 dissimilis.
2314 2976 2445 3026 Tac.
2468 2975 2535 3024 de
2558 2975 2704 3026 Mor.

1633 3055 1813 3105 Germ.
1859 3058 1939 3104 17.
1989 3053 2005 3081 ‘
2030 3053 2301 3117 Tegumen
2341 3050 2577 3101 omnibus
2623 3065 2705 3101 aa»

1634 3145 1773 3195 gum,
1795 3128 1978 3191 fibula,
2012 3133 2105 3179 aut
2140 3128 2183 3178 si
2217 3128 2373 3192 desit,
2408 3128 2559 3192 spina
2582 3142 2705 3179 con-

1635 3216 1845 3259 sertum.
1934 3208 2127 3258 Cetera
2170 3207 2377 3270 intecti,
2421 3213 2559 3257 totos
2592 3206 2706 3257 dies

481 3285 618 3335 hunc
639 3286 885 3336 honorem
906 3286 1041 3336 bene
1063 3286 1264 3336 meritis
1287 3285 1456 3349 sociis,
1473 3286 1551 3335 di·
1621 3288 1779 3352 juxta
1799 3286 1969 3337 focum
1994 3292 2153 3350 atque
2174 3286 2344 3354 ignem
2385 3288 2548 3349 agunt
2569 3283 2586 3345 ς’
2632 3285 2707 3335 lo-

481 3360 589 3411 dici
610 3377 640 3412 e
662 3362 902 3413 Justin0:
953 3362 1041 3427 qui
1063 3362 1128 3411 de
1145 3363 1551 3413 Massiliensibus

481 3439 518 3487 l.
542 3452 702 3490 xuu.
727 3441 742 3467 ‘
761 3440 848 3490 Ob
872 3439 1010 3505 quod
1035 3440 1271 3489 meritum
1296 3445 1353 3489 et
1375 3440 1557 3488 immu-

481 3514 620 3564 nitas
641 3514 743 3564 illis
768 3514 1004 3577 decreta,
1027 3521 1087 3576 et
1114 3516 1258 3565 locus
1282 3522 1552 3579 spectacu-

486 3590 651 3640 lorum
673 3591 728 3639 in
751 3598 933 3640 senatu
956 3590 1141 3640 datus!

554 3666 695 3718 Item
737 3667 988 3730 Josepho,
1040 3668 1128 3733 qui
1172 3667 1441 3717 decretum
1493 3668 1553 3719 C.

489 3744 724 3808 Caesaris,
746 3750 802 3794 et
833 3744 1056 3794 Senatus
1093 3745 1288 3795 recitat
1326 3759 1422 3808 pro
1460 3745 1555 3796 Ju-

487 3819 617 3871 daeis
648 3834 764 3871 xlv.
799 3825 879 3871 1⁷.
916 3820 968 3871 iu
1004 3822 1118 3871 haec
1154 3822 1345 3870 verba:
1379 3820 1396 3849 ‘
1420 3820 1555 3872 Con-

487 3897 605 3964 cedi
629 3898 875 3964 Hyrcano
910 3898 1128 3964 ejusque
1160 3896 1298 3961 filiis,
1319 3897 1448 3948 item
1482 3899 1556 3948 le·

490 3975 626 4038 gatis
662 3975 753 4041 qui
777 3975 842 4025 ab
864 3989 927 4024 eo
954 3975 1113 4039 missi,
1136 3974 1475 4040 gladiatorum
1500 3981 1558 4025 et

490 4048 717 4102 ferarum
753 4067 951 4118 pugnas
985 4060 1228 4117 spectare
1264 4052 1319 4101 in
1353 4052 1558 4103 sedibus

490 4127 827 4178 senatorum?

524 4235 531 4256 ;
556 4206 669 4272 Dio
687 4207 896 4258 Cassius
915 4208 968 4257 in
986 4208 1195 4272 Fragm.
1217 4207 1284 4260 de
1300 4208 1525 4273 Trajauo
1543 4225 1557 4259 τ

493 4280 512 4313 ‘
540 4282 695 4335 Quod
732 4284 985 4351 Traianus
1035 4285 1237 4352 legatos
1274 4300 1314 4339 a
1353 4285 1563 4353 regibus

1633 3363 1974 3427 cupletissimi
1996 3370 2143 3412 veste
2172 3362 2578 3426 distinguuntur,
2599 3375 2707 3412 non

1632 3431 1892 3503 fluitante,
1928 3439 2064 3489 sicut
2096 3438 2349 3489 Sarmatae
2385 3443 2478 3487 aut
2500 3427 2709 3499 Parthi,

1635 3517 1729 3567 sed
1768 3518 1967 3580 stricta,
1989 3521 2046 3566 et
2084 3516 2312 3580 singulos
2352 3522 2497 3566 artus
2532 3516 2708 3582 expri-

1633 3594 1846 3644 mente.’

1698 3670 1712 3703 ¹
1748 3672 1953 3735 Legati:
1988 3672 2041 3720 id
2078 3670 2288 3737 honoris]
2353 3670 2512 3721 Certe
2533 3671 2710 3735 legatis

1635 3746 1689 3798 id
1713 3748 1982 3812 tributum,
2003 3753 2063 3797 ut
2084 3747 2327 3798 sederent
2348 3748 2402 3796 in
2420 3747 2711 3799 Orchestra

1638 3830 1695 3875 et
1727 3832 1908 3876 senatu
1929 3841 1945 3887 ;
1967 3828 1984 3844 ’
2002 3832 2235 3876 attamen
2275 3825 2328 3875 id
2368 3824 2710 3891 prohibuerat

1637 3901 1921 3966 Augustus,
1944 3915 2062 3951 cum
2083 3901 2540 3951 animadvertisset
2566 3902 2710 3967 lega·

1639 3985 1722 4028 tos
1742 3978 1973 4029 libertini
1994 3978 2197 4042 generis
2218 3978 2530 4044 quandoque
2551 3979 2710 4040 mitti.

1636 4054 1776 4106 haud
1799 4054 1956 4106 dubie
1978 4069 2011 4104 a
2031 4054 2258 4121 regibus,
2291 4055 2379 4122 qui
2401 4055 2597 4106 talibus
2628 4071 2709 4107 ar-

1638 4147 1769 4183 eana
1792 4132 2154 4184 dominationis
2176 4148 2316 4198 saepe
2340 4132 2673 4184 committunt
2692 4150 2709 4195 ς

1640 4210 1787 4275 quasi
1828 4208 2167 4274 fidelioribus,
2207 4214 2265 4260 et
2305 4209 2394 4274 qui
2430 4223 2535 4259 non
2573 4210 2716 4277 alies,

1640 4300 1738 4340 nec
1759 4286 1860 4340 nisi
1880 4285 2132 4355 principis
2149 4300 2255 4357 spes
2274 4284 2579 4352 respiciant.
2651 4331 2658 4338 .
