3063 4952
528 373 702 466 tm

1244 391 1321 464 c.
1357 388 1719 444 consumi
1766 385 2023 446 ‘mem

2418 390 2510 466 [4.
2519 385 2603 446 ἐϋ.
2617 385 2769 487 sto,

525 535 1040 608 irreverentiam*
1062 555 1167 606 ,eo
1215 535 1622 623 prorupisse,
1659 533 2117 614 frementibus,
2161 536 2185 572 ‘
2204 531 2277 600 vi
2323 545 2452 612 ne,
2484 541 2623 598 τως·
2645 551 2742 606 ee·-

1451 732 1718 752 OOOOOOOOO
1722 732 1776 751 ‘O
1781 733 1809 751 Ο

526 855 622 898 -5
664 849 731 900 Ut
751 864 883 913 aequo
915 865 1020 899 cam
1038 849 1252 913 patronis
1267 847 1397 911 jure.
1460 849 1551 899 Sic
1576 848 1824 909 Brotier„
1847 847 2034 898 omisso
2056 847 2166 897 eine
2185 863 2265 897 un.
2333 846 2399 895 In
2422 845 2744 898 editionibus

528 914 810 976 veteribus,
837 915 945 964 vine
976 930 1038 964 an
1061 930 1189 978 oequo
1210 930 1314 964 cum
1351 913 1566 977 patronis
1580 915 1696 975 jare
1726 918 1961 976 agerent:

1991 912 2274 962 sententium
2308 927 2469 962 eornm
2508 914 2747 962 consulta-

524 985 666 1029 τινα.-
696 995 753 1029 ασ
773 979 1042 1029 verberibus
1079 996 1245 1029 manus
1281 980 1406 1028 ultro
1439 978 1768 1028 intenderent.-
1802 978 2026 1041 impulere
2062 979 2136 1027 vel
2161 993 2366 1042 poenam
2382 992 2518 1027 suam
2560 969 2748 1026 dissua-

525 1046 703 1096 dentes.
769 1046 910 1094 Nihil
933 1044 1126 1109 juvant
1143 1046 1271 1093 Mss.
1296 1059 1464 1107 aeque,
1490 1045 1570 1092 vel
1592 1043 1776 1107 magis,
1818 1043 2067 1107 corrupti.
2136 1043 2543 1093 observaverim
2562 1048 2745 1091 tamen

525 1109 581 1158 in
604 1110 706 1159 ΜΒ.
743 1110 856 1161 Jes.
879 1125 974 1174 pro
1008 1110 1288 1159 sententiam
1315 1110 1418 1172 legi
1436 1108 1689 1158 sententio.
1756 1108 1820 1157 In
1864 1109 1969 1160 Ms.
1992 1107 2150 1158 Corb.
2192 1119 2293 1171 pro
2317 1108 2566 1171 impulere,
2586 1107 2745 1171 impie·

524 1176 683 1237 dente,
715 1182 773 1224 et
806 1175 858 1223 in
881 1176 986 1226 Ms.
1011 1173 1144 1239 Agr.
1180 1176 1489 1251 impudentes.
1556 1174 1753 1251 Magna
1789 1173 1910 1222 inde
1950 1173 2370 1236 conjecturarum
2407 1173 2513 1221 vis.

2553 1172 2748 1236 praeci'·

525 1252 659 1301 puas
682 1237 920 1290 retulisse
941 1240 1012 1289 sit
1049 1240 1193 1291 satis.
1260 1239 1488 1303 Lipsius,
1521 1243 1579 1288 ut
1600 1238 1711 1300 ,iam
1730 1253 1816 1287 nec
1849 1252 1981 1301 aequo
2004 1253 2108 1286 cum
2141 1237 2359 1300 patronis
2384 1236 2500 1298 jure
2520 1243 2746 1299 agerent.

527 1303 780 1355 Sententia
799 1320 959 1355 eorum
976 1305 1252 1369 consultari,
1271 1320 1335 1354 on
1353 1304 1622 1354 verberibus
1639 1317 1806 1354 munus
1835 1305 1962 1353 ultro
1983 1303 2297 1367 intenderent,
2331 1303 2522 1367 impune
2554 1304 2633 1353 vel
2650 1317 2751 1368 μω·
2819 1372 2827 1378 ¹

1529 1445 1741 1498 NOTAE

527 1561 699 1626 plures
722 1574 937 1611 numero
955 1566 1149 1626 patres,
1187 1559 1276 1626 qui
1290 1557 1596 1610 ,sentiebant

526 1637 655 1687 'nihil
680 1652 797 1688 esse
835 1638 1190 1702 derogandum
1232 1638 1285 1686 in
1323 1649 1595 1686 commune

520 1714 634 1778 juri
656 1715 980 1779 libertorum,
1002 1723 1057 1766 et
1085 1715 1328 1765 videntur
1351 1716 1591 1765 consules

521 1792 744 1855 illorum,
763 1798 822 1841 ut
838 1794 992 1856 longe
1015 1792 1369 1857 plurimorum,
1386 1804 1598 1841 consen-

528 1884 642 1921 sum
664 1870 1029 1935 perscripsisse
1049 1872 1269 1923 Neroni.

594 1948 734 1997 Nam
778 1947 989 2013 quidam
1026 1953 1231 1999 tantum
1270 1945 1518 2013 fremunt,
1540 1953 1595 1999 et

529 2030 817 2088 queruntur
837 2023 904 2075 de
918 2025 1261 2075 irreverentia
1269 2016 1593 2086 libertorum,

527 2106 585 2149 et
603 2100 692 2150 alii
708 2115 884 2151 omnes
901 2102 1282 2167 contradicunt,
1301 2118 1404 2153 non
1421 2107 1594 2152 tamen

526 2183 715 2240 censent
752 2178 999 2243 proprie:
1031 2179 1150 2245 quia
1189 2179 1421 2244 incipere
1460 2180 1592 2228 rela-

528 2255 718 2305 tionem
742 2270 845 2307 non
867 2253 977 2305 au'si
994 2257 1248 2307 consules.

593 2331 817 2403 Quinam
853 2331 1017 2382 fuerit
1048 2333 1137 2383 ille
1173 2347 1466 2396 consensus,
1486 2347 1591 2382 nou

527 2403 705 2481 potest
727 2410 850 2473 dici,
867 2425 967 2460 nec
989 2410 1114 2461 satis
1135 2410 1335 2461 indicat
1348 2410 1589 2461 Tacitus:

528 2495 586 2537 et
607 2489 893 2538 sententias
915 2495 1121 2553 patrum
1151 2489 1289 2538 inter
1308 2503 1363 2538 se
1383 2494 1595 2539 conten-

527 2564 653 2613 dere
673 2571 728 2614 et
751 2568 1080 2615 committere
1096 2565 1283 2633 ‘voluit,
1306 2572 1361 2616 et
1378 2579 1591 2629 suspen-

527 2655 640 2689 sum
660 2647 1022 2708 attentumque
1041 2641 1265 2692 animum
1287 2642 1496 2692 lectoris
1515 2642 1591 2692 sic

526 2717 772 2782 retinere,
802 2734 966 2782 usque
1009 2719 1063 2769 in
1109 2724 1351 2766 eventum
1390 2717 1498 2767 litis
1536 2723 1593 2768 et

519 2794 920 2845 controversiae:

589 2870 694 2933 Sed
717 2871 967 2937 quicquid
1000 2875 1271 2922 censerent
1298 2869 1372 2919 illi
1397 2876 1594 2934 patres,

525 2945 776 3012 quicquid
813 2946 1133 2998 consentiret
1165 2953 1392 3008 senatus,
1418 2953 1591 2999 tamen

522 3030 736 3072 maneat
758 3032 978 3087 certum,
994 3023 1131 3088 quod
1157 3037 1240 3072 res
1252 3029 1452 3073 tantum
1473 3038 1591 3086 pro-

522 3100 698 3164 posita
732 3107 786 3150 et
821 3098 1060 3163 flagitata
1094 3099 1147 3147 in
1183 3105 1364 3148 senatu
1401 3098 1592 3165 fuerat,

525 3179 667 3243 quod
712 3194 821 3227 rem
859 3193 959 3226 non
1009 3178 1279 3226 retulerint
1334 3181 1589 3244 consuleS‚

525 3254 666 3319 quod
685 3246 968 3302 sententias
1002 3268 1102 3301 non
1128 3253 1358 3302 dixerint
1393 3246 1589 3318 patres),

525 3330 630 3377 rite
667 3336 722 3378 et
743 3329 922 3379 ordine
948 3345 962 3389 3
998 3338 1054 3377 et
1095 3336 1264 3377 tamen
1286 3344 1592 3381 consensum

527 3412 736 3455 senatus
758 3406 1109 3468 perscripsere
1130 3406 1349 3457 Neroni.

601 3481 668 3530 Ut
688 3481 816 3530 inter
836 3497 1008 3544 paucos
1029 3487 1075 3530 et
1096 3484 1341 3531 sententiae
1351 3484 1591 3549 adversos]

527 3556 717 3606 Sensus
756 3565 867 3606 est:
905 3555 1363 3624 Effiagitatumque
1404 3568 1463 3611 ut
1502 3563 1591 3612 ad-

527 3647 708 3683 versus
731 3647 904 3683 servos
940 3636 1071 3684 male
1095 3637 1310 3686 meritos
1347 3653 1592 3689 revocan-

529 3704 612 3759 ‹1ae
633 3709 891 3760 libertatis
918 3712 1006 3775 jus
1038 3713 1120 3774 iis,
1158 3715 1252 3778 'qui
1289 3715 1591 3765 manumise-

526 3791 662 3849 raut,
678 3786 907 3836 daretur.
947 3790 993 3837 N
1001 3803 1060 3838 ec
1076 3790 1290 3839 deerant
1305 3797 1590 3853 senatores,

529 3860 696 3925 quiin
727 3869 998 3927 utramque
1037 3875 1236 3929 partem
1277 3868 1588 3916 sententiam

526 3936 838 4024 proferrent.
904 3940 1007 3989 Sed
1039 3946 1272 3990 consules
1290 3943 1589 3993 relationem

525 4008 775 4076 mcipere,
802 4029 972 4078 neque
998 4018 1500 4067 senatusconsultum
1523 4019 1592 4067 fa-

528 4089 648 4138 eere
681 4092 792 4140 ausi
826 4093 1118 4142 inconsulto
1157 4093 1432 4158 principe·
1420 4130 1434 4154 ,
1478 4111 1591 4158 per-

528 4164 783 4227 scripsere
822 4175 997 4217 tamen
1020 4170 1095 4218 illi
1146 4184 1450 4220 consensum
1502 4186 1591 4236 pa·

529 4246 757 4313 trumhut
774 4243 865 4294 ille
886 4249 1068 4296 auctor
1083 4245 1487 4313 constitutionis,
1502 4263 1593 4300 seu

1670 1556 2107 1608 senatusconsulti
2139 1547 2314 1620 tieret,
2338 1561 2395 1607 et
2438 1561 2749 1606 controver-

1672 1634 1799 1688 siam
1819 1633 1961 1682 illam
1991 1632 2279 1698 dirimeret,
2315 1639 2564 1697 tanquam
2606 1632 2751 1682 inter

1672 1726 1884 1777 paucos,
1924 1718 1980 1763 et
2010 1712 2148 1776 ipsos
2172 1712 2449 1763 sententiae
2483 1711 2752 1763 communi

1672 1798 1877 1856 patrum
1896 1791 2138 1842 adversos
2158 1809 2172 1854 ;
2196 1790 2501 1858 quibusdam
2524 1791 2752 1842 Patr-um

1672 1867 2013 1918 frementibus
2052 1868 2562 1934 indignantibusque,
2600 1868 2750 1919 coali-

1673 1951 1775 1997 tam
1796 1954 2105 2012 auctamque
2145 1946 2304 1997 nimia
2322 1947 2545 1996 libertate
2567 1946 2751 1996 irreve-

1672 2025 1877 2073 rentiam
1919 2023 2207 2086 libertorum,
2249 2037 2311 2072 eo
2355 2038 2518 2088 usque
2560 2019 2750 2088 proruss

1675 2099 1837 2163 pisse,
1877 2106 1937 2149 ut
1974 2099 2133 2149 etiam
2173 2100 2487 2150 seutentiam
2513 2107 2752 2166 patrum,

1675 2190 1769 2225 seu
1792 2181 2141 2239 patronorum,
2174 2176 2312 2242 quod
2335 2174 2448 2226 fere
2483 2176 2627 2225 idem
2652 2183 2752 2243 est,

1674 2254 2055 2315 consultarent,
2094 2252 2416 2315 dubitantes,
2454 2267 2521 2302 an
2570 2253 2648 2316 vi,
2683 2266 2752 2303 an

1674 2341 1824 2392 aequo
1835 2328 1957 2391 jure
1971 2342 2090 2378 cum
2111 2329 2344 2393 patronis
2365 2329 2471 2378 suis
2491 2338 2715 2394 agerent
2733 2346 2749 2391 ς

1674 2408 1833 2466 atque
1870 2402 2031 2453 etiam
2063 2405 2369 2455 verberibus
2404 2412 2619 2469 paratas
2643 2421 2753 2456 ma-

1672 2494 1767 2529 nus
1805 2481 1944 2530 ultro
1977 2481 2315 2532 intenderent
2350 2482 2536 2532 iisdem
2574 2490 2755 2549 patro·

1673 2557 1773 2620 nis,
1812 2557 2206 2622 impellerentve
2247 2559 2387 2622 illos,
2421 2560 2497 2609 sic
2539 2575 2752 2625 poenam

1674 2649 1816 2684 suam
1840 2634 2214 2688 dissuadentes.
2447 2655 2454 2660 ·

1736 2719 1765 2747 ⁸
1796 2713 2187 2777 Irreverentiam]
2232 2714 2437 2778 Ingrati
2460 2722 2519 2766 et
2550 2716 2753 2768 irreve-

1671 2794 1847 2839 rentes
1884 2790 1939 2839 in
1979 2796 2225 2855 patronos
2263 2791 2441 2842 liberti
2464 2808 2531 2843 ex
2569 2795 2752 2845 indole

1675 2880 1785 2931 sua,
1843 2871 1899 2916 et
1955 2867 2162 2930 ingenio
2212 2868 2447 2931 servili3'
2474 2871 2560 2919 vel
2624 2872 2758 2937 quia,

1675 2943 1833 2992 etiam
1875 2943 2037 2993 tacite
2081 2941 2410 3009 fovebantur,
2453 2945 2595 2998 forte
2643 2955 2755 2998 non'

1671 3019 1871 3068 directe
1893 3034 1924 3067 a
1955 3019 2212 3083 principe,
2249 3021 2342 3070 sed
2380 3037 2411 3071 a
2434 3025 2755 3087 potentiori-

1671 3096 1766 3146 bus
1807 3097 1937 3145 aulae
1980 3097 2213 3158 libertis;
2252 3112 2371 3146 nam
2406 3115 2594 3150 manus
2641 3117 2753 3152 ma·

1671 3187 1790 3223 num
1814 3174 1994 3234 lavat3
2028 3175 2110 3222 vel
2155 3176 2274 3239 quia
2310 3178 2549 3240 opulenti
2590 3168 2755 3229 illi'et

1672 3250 1860 3300 divites
1897 3251 2095 3314 liberti,
2116 3258 2176 3301 ut
2199 3259 2381 3303 actores
2417 3270 2634 3320 nempe,
2659 3262 2753 3307 seu

1668 3331 1998 3390 procuratores
2013 3333 2368 3391 patronorum.
2405 3331 2564 3382 Unde
2584 3334 2755 3407 maxi-

1673 3418 1785 3452 mus
1809 3404 1908 3452 ad
1896 3418 2037 3467 ipsos
2059 3412 2284 3469 quaestus
2315 3409 2691 3470 perveniebat.
2749 3416 2758 3424 “

1737 3482 1837 3530 Vel
1876 3482 1996 3547 quia
2038 3483 2247 3546 patroni
2279 3484 2403 3546 ipsis
2438 3484 2507 3533 ad
2535 3479 2758 3551 flagitia

1668 3559 1940 3609 libidinum
1965 3568 2020 3608 et
2063 3559 2129 3608 ad
2175 3561 2274 3610 alia
2296 3562 2500 3611 scelera
2524 3555 2758 3616 uteban'-

1672 3641 1774 3699 tur,
1796 3650 2012 3701 qnorum
2050 3639 2245 3686 conscii
2289 3639 2391 3702 ipsi
2414 3649 2607 3703 postea
2641 3660 2756 3697 me-

1674 3711 1953 3760 tuebantur
1994 3727 2024 3760 a
2058 3715 2310 3777 patroniS‚
2346 3723 2401 3764 et
2451 3717 2568 3780 ipsa
2605 3704 2760 3770 fami-

1670 3787 1898 3837 liaritate
1942 3795 2033 3839 aut
2054 3791 2306 3840 societate
2338 3784 2666 3855 flagitiorum
2700 3798 2756 3849 in

1669 3865 1808 3928 ipsos
1864 3865 2096 3916 dominos
2153 3875 2508 3935 patronosque
2561 3874 2755 3926 abute-

1670 3941 1875 3991 bantur.

1737 4020 1875 4068 Nihil
1915 4020 2073 4083 igitur
2109 4022 2313 4087 mirum,
2350 4023 2392 4072 si
2429 4016 2756 4099 quandoque

1671 4110 1849 4144 manus
1904 4096 2257 4161 intenderent,
2318 4099 2372 4149 id
2416 4108 2519 4165 est,
2577 4106 2754 4177 minas

1673 4171 1945 4222 verberum
1963 4174 2299 4225 intentarent.
2369 4178 2631 4253 Intendere
2653 4199 2756 4233 ma-

1671 4262 1760 4297 mas
1775 4248 1876 4313 hic,
1898 4255 1981 4300 est
2004 4250 2121 4301 illas
2149 4244 2412 4321 attollere,
2437 4256 2587 4322 quasi
2614 4258 2768 4327 jam-
