3063 4952
474 367 654 439 1806
1179 384 1245 434 o.
1290 381 1658 432 coaunml
1702 382 1962 431 'mcxvi

2362 388 2550 454 [Λευ.
2572 395 2689 443 sm.

474 546 632 616 des,1
715 547 1003 631 Jamque
1033 550 1100 613 et
1125 547 1450 633 palatium
1484 544 1897 611 multitudine
1945 550 2012 610 et
2063 538 2474 614 clamoribus
2511 569 2689 615 com·

470 653 766 740 plebant,
816 672 968 716 cum
1019 650 1277 716 emissi²
1324 650 1609 716 militum
1665 651 1845 734 globi
1895 652 2277 717 verberibus
2333 658 2399 718 et
2444 653 2691 720 intento

472 756 643 822 ferro
698 757 977 821 turbam³
1035 755 1375 840 disjecere.
1468 753 1886 837 Mutataque,
1936 775 2088 839 quae
2123 775 2241 840 per
2288 755 2690 823 seditionem

472 865 823 938 verterant,
854 864 948 925 et4
976 858 1306 942 Poppaeae
1344 857 1558 924 honos
1601 859 1939 944 repositus
1981 863 2108 925 est.
2198 857 2373 937 Quae
2420 881 2690 946 semper

473 965 653 1044 odio,
694 969 836 1028 tum
865 966 956 1027 et⁵
987 970 1168 1027 metu
1217 969 1439 1042 atrox,
1471 981 1559 1027 ne
1604 965 1719 1027 aut
1753 962 1931 1046 vulgi
1959 962 2175 1028 acrior
2200 964 2306 1029 vis
2334 965 2690 1050 ingrueret,

467 1074 588 1136 aut
614 1067 800 1134 Nero
829 1067 1259 1133 inclinatione
1306 1067 1542 1151 populi
1586 1071 1970 1144 mutaretur,
2015 1067 2370 1152 provoluta
2409 1069 2690 1152 genibus

470 1171 656 1257 ejus;
701 1176 723 1206 ‘
757 1170 914 1236 Non
937 1191 1018 1236 eo
1046 1171 1184 1236 loci
1232 1190 1339 1236 res
1385 1189 1548 1234 suas
1592 1169 1729 1253 agi,
1777 1174 1852 1234 ut
1899 1170 1984 1234 de
2027 1172 2446 1238 matrimonio
2478 1177 2692 1240 certet

466 1273 883 1360 (quanquam
924 1275 996 1339 id
1037 1275 1169 1340 sibi
1196 1275 1339 1340 vita
1363 1274 1612 1359 potius)
1660 1274 1784 1339 sed
1822 1273 2031 1340 vitam
2075 1275 2297 1358 ipsam
2344 1276 2412 1340 in
2460 1281 2690 1342 extre-

469 1408 678 1476 passim,
696 1412 782 1476 qui
821 1411 1118 1488 conjugium
1145 1410 1400 1475 repetitum
1420 1413 1720 1460 venerantur.
1784 1410 1985 1474 Jamque
2006 1414 2055 1459 et
2079 1414 2276 1474 penates
2292 1409 2524 1473 principis
2544 1409 2692 1460 turba

465 1481 515 1526 et
529 1448 968 1527 acclar’aationibus
950 1493 1048 1541 imp
1051 1480 1176 1527 lever
1175 1482 1277 1537 ant,
1297 1491 1402 1525 cum
1425 1480 1718 1538 erumpentes
1737 1476 1966 1538 manipuli
1987 1476 2222 1525 militares
2246 1477 2499 1539 plagisque
2531 1481 2582 1525 et
2613 1477 2693 1525 in-

462 1541 612 1591 tentis
639 1543 818 1605 gladiis
848 1544 1064 1605 disjectos
1100 1542 1411 1592 absterruere.
1477 1540 1762 1616 luvet-saque
1782 1556 1886 1604 qua
1900 1556 1989 1604 per
2012 1543 2268 1591 tumultum
2286 1546 2605 1601 mutaverant,
2636 1546 2692 1590 et

460 1608 644 1674 tffigies
658 1609 877 1671 Poppoeoe
895 1610 1132 1658 restituta
1151 1611 1280 1658 sunt.
1347 1609 1664 1669 Quoesemper
1683 1607 1778 1666 ir,a
1800 1610 1902 1654 tam
1922 1611 1971 1656 et
2000 1621 2173 1669 pavore
2181 1605 2349 1668 ferox,
2372 1621 2431 1656 ne
2451 1610 2536 1655 aut
2554 1606 2691 1669 plebs

464 1673 796 1724 sementim-i
810 1675 991 1738 impetu
1013 1674 1237 1734 irrueret,
1251 1677 1336 1723 aut
1362 1672 1416 1722 N
1416 1686 1494 1721 ero
1513 1671 1692 1721 studiis
1707 1641 1843 1733 vu'tgi
1857 1671 2217 1734 absterreretur,
2238 1671 2348 1748 eius·
2351 1671 2551 1735 pedibus
2563 1671 2692 1721 acci-

460 1740 813 1788 densdisserit:
847 1740 968 1789 Non
999 1754 1060 1788 eo
1087 1745 1227 1789 statu
1251 1753 1333 1788 res
1357 1752 1477 1787 suas
1499 1751 1635 1800 esse,
1656 1743 1717 1787 ut
1747 1737 2034 1787 contendat
2056 1737 2123 1787 de
2144 1737 2405 1802 conjugio,
2426 1736 2691 1813 (quamvis

463 1803 596 1883 illud
620 1804 720 1854 sibi
744 1804 851 1877 vita
871 1806 1040 1855 carius
1061 1805 1125 1854 sit
1144 1804 1184 1870 5)
1217 1804 1310 1855 sed
1330 1804 1488 1859 vitam
1512 1803 1681 1867 ipsam
1703 1803 1757 1852 in
1790 1801 2029 1853 ultimum
2069 1803 2348 1854 discrimen
2388 1803 2690 1867 conjectam

1409 1924 1771 1945 OOOOOOOOOOO

462 1993 623 2045 Suam
641 1991 814 2044 fecere
826 1999 883 2043 et
906 1994 1117 2059 Bipont.
1137 1994 1463 2059 transpositis
1479 1992 1755 2058 phrasibus
1779 1994 1874 2055 ita,
1891 1997 1952 2043 ιιι
1972 1991 2220 2056 expressi.
2258 1990 2473 2042 Oberlt'n.
2478 1997 2575 2042 -2
2596 1991 2692 2043 Sic

464 2058 695 2111 Budans.
719 2075 751 2108 a
772 2064 818 2110 2.
833 2074 899 2111 m.
923 2059 1604 2110 videturfuisseemissorum.
1630 2059 1709 2109 Id.
1712 2063 1807 2109 —8
1829 2059 1977 2108 Brot.
2001 2072 2117 2107 cum
2139 2057 2371 2108 Gronov.
2393 2065 2450 2107 et
2473 2057 2687 2122 Ryekio

467 2124 637 2174 edidit
654 2120 894 2175 turtbatos
920 2126 1063 2176 etita
1082 2126 1404 2176 Puteolanus
1428 2133 1484 2174 et
1505 2125 1674 2175 ceteri
1701 2138 1893 2173 omnes.
1926 2123 2062 2173 Sed
2050 2138 2101 2171 m
2128 2124 2256 2173 Mss.
2281 2124 2412 2185 Reg.
2445 2121 2603 2172 Cor-b
2628 2129 2693 2172 et

466 2189 696 2240 editione
718 2193 974 2255 principe,
993 2191 1180 2241 turbam
1199 2191 1454 2254 disice-erm
1481 2189 1629 2268 quod
1650 2190 1777 2239 mihi
1804 2189 1966 2252 magis
1990 2186 2205 2237 arridet.
2240 2188 2456 2237 Brotier.
2459 2194 2559 2238 -4
2591 2188 2688 2238 Sic

464 2256 570 2312 Ms.
594 2256 733 2308 Flor.
758 2257 918 2309 editio
942 2257 1186 2322 princeps
1212 2264 1268 2308 et
1294 2256 1634 2307 recentiores.
1688 2255 1817 2305 Mss.
1852 2253 2005 2304 Han-L
2038 2253 2193 2303 Bodl.
2216 2254 2329 2307 Jes.
2351 2260 2408 2303 et
2432 2253 2687 2303 Puteola

464 2336 560 2372 nus
584 2322 804 2373 omisere
826 2324 1082 2391 copulam.
1085 2329 1181 2374 -5
1217 2323 1441 2377 Quidam
1464 2323 1599 2374 Mss.
1634 2320 1718 2372 ed.
1757 2336 1839 2385 pr.
1877 2327 1933 2370 et
1967 2319 2195 2370 Budens.
2218 2319 2378 2370 habet
2403 2323 2556 2370 tumet
2578 2333 2688 2385 uua

1460 2439 1684 2493 NOTAE

462 2521 617 2571 taviae
659 2528 960 2589 venerantur,
1013 2524 1067 2574 id
1114 2531 1213 2591 est,
1258 2526 1529 2576 celebrant
1613 2529 1702 2572 aut
1731 2523 1918 2572 saltem
1951 2533 2127 2572 sensus
2150 2521 2250 2570 sit:
2287 2520 2415 2585 Itur,
2437 2535 2531 2571 seu
2555 2526 2689 2574 eunt

459 2598 601 2649 inter
622 2599 799 2650 laudes
830 2602 1102 2668 principis,
1137 2603 1224 2668 qui
1245 2617 1357 2653 eam
1380 2616 1528 2653 revo-
1606 2600 1661 2649 in
1676 2601 1835 2649 laudes
1845 2599 2099 2664 prinei-pis,
2120 2600 2370 2664 Deosque
2393 2598 2588 2648 iterum
2612 2599 2684 2649 ob

461 2676 623 2741 eavit,
645 2683 700 2727 et
723 2686 1003 2743 propterea
1025 2686 1195 2743 grates
1218 2679 1293 2730 illi
1317 2686 1494 2744 agunt.
1608 2679 1988 2729 matrimonium
2010 2678 2262 2743 repetitum
2280 2682 2580 2729 vemmtar.

525 2753 626 2803 Vel
678 2760 952 2819 postquam
1006 2755 1286 2806 laudarunt
1339 2755 1530 2820 princi·
1673 2759 1800 2808 Duo
1818 2758 1902 2807 hic
1936 2770 2062 2821 ergo
2097 2755 2314 2819 faciunt,
2349 2770 2539 2822 nempe
2573 2759 2687 2806 lau-

460 2843 603 2893 pem,
624 2830 798 2881 iterum
832 2834 976 2883 Deos
1014 2838 1314 2898 venerantur,
1338 2847 1525 2898 nempe
1608 2834 1737 2884 daut
1772 2833 2060 2899 principem
2102 2833 2170 2884 ob
2212 2834 2471 2897 repetitum
2504 2834 2688 2884 matri·

460 2911 522 2957 ut
552 2907 665 2971 jam
705 2923 864 2973 supra
900 2910 951 2959 in
994 2912 1258 2975 Capitolio
1294 2910 1528 2962 venerati

458 2989 614 3033 eram
651 2984 810 3046 Deos,
846 2986 921 3035 ita
963 2993 1018 3036 et
1054 3002 1211 3049 nunc,
1247 2988 1369 3038 dum
1412 2988 1525 3039 aliis

457 3060 668 3125 templis
706 3061 947 3113 Octaviae
991 3064 1237 3129 imagines
1269 3074 1525 3130 statuunt,

460 3136 621 3187 etiam
644 3137 717 3188 ibi
742 3141 886 3190 Deos
910 3141 1095 3192 iterum
1118 3150 1455 3195 venerantur.

524 3216 663 3266 Nam
687 3218 825 3282 quod
847 3217 1069 3271 afferunt
1090 3220 1155 3270 de
1180 3221 1363 3286 plausu
1397 3222 1523 3272 mul-

459 3291 618 3342 toties
654 3298 886 3359 repetito
924 3297 1017 3361 ibi,
1040 3313 1234 3348 merum
1271 3300 1520 3350 somnium

458 3374 605 3433 puto.
672 3373 788 3423 Nec
828 3374 1002 3426 inania
1030 3377 1143 3428 haec
1168 3376 1307 3440 vulgi
1338 3378 1521 3429 miscet

454 3448 719 3512 maJestati
744 3451 1041 3517 Annalium,
1066 3462 1157 3505 aut
1177 3456 1404 3505 historiis
1427 3458 1521 3505 Ta-

454 3524 570 3589 citi,
607 3534 668 3577 ut
707 3526 882 3579 fecere
928 3533 1176 3597 historici,
1214 3548 1303 3584 sen
1344 3534 1519 3597 potius

453 3602 679 3654 historiae
702 3605 1161 3676 dehonestamenta
1183 3612 1518 3675 sequentibus

456 3682 794 3745 temporibus.
834 3686 953 3736 Scio
973 3689 1104 3738 actis
1121 3696 1330 3737 senatus
1351 3689 1518 3746 accla-

456 3757 713 3809 mationes
736 3762 955 3812 Patrum
979 3765 1244 3814 mandatas
1272 3778 1407 3826 esse,
1427 3764 1518 3814 sed

455 3847 569 3884 ενα
605 3836 834 3903 rI'rajani,
871 3854 972 3890 non
1011 3842 1272 3891 orationes
1304 3849 1522 3891 tautum.

458 3910 621 3963 Atibi
643 3915 707 3965 de
733 3918 873 3968 vanis
895 3918 1349 3969 acclamationibus
1383 3920 1521 3983 vulgi

453 3992 655 4041 tantum
693 3995 884 4061 agitur,
907 4011 1034 4061 quas
1066 3995 1293 4060 ineptias
1316 4010 1418 4046 non
1440 4011 1521 4046 re-

456 4067 595 4129 petit
615 4068 848 4124 Tacitus.

522 4142 797 4207 Repetam
818 4151 1126 4216 venerantur]
1157 4152 1275 4201 Vox
1301 4166 1521 4202 venacu-

452 4221 558 4282 ίαν,
598 4232 882 4287 usurpatur
919 4235 1122 4278 tantum
1167 4245 1200 4278 a
1241 4230 1421 4281 Tacito
1465 4231 1520 4280 in

392 4329 399 4336 „
454 4294 603 4349 Deos.
664 4296 853 4368 ltaque
893 4302 975 4354 liic
1016 4303 1152 4356 forte
1175 4319 1302 4357 vera
1342 4307 1521 4374 lectio,

1607 2913 1855 2977 monium,
1892 2913 2138 2978 Deosque
2178 2911 2329 2961 simul
2363 2917 2685 2961 venerantur

1606 2991 1674 3041 ob
1730 2990 1950 3040 eandem
1994 3003 2232 3039 causam:
2291 2988 2681 3039 matrimonium

1606 3068 1690 3118 hie
1709 3074 1765 3118 et
1790 3082 1919 3117 uxor
1936 3081 2031 3131 pro
2049 3066 2233 3116 eodem
2254 3073 2353 3117 est.

1675 3146 1881 3207 Nempe
1904 3149 2049 3193 certe
2069 3143 2174 3192 itur
2206 3157 2238 3192 a
2275 3141 2469 3206 populo
2503 3141 2556 3190 in
2578 3142 2682 3191 laus-

1601 3224 1683 3272 ἀει
1701 3222 1951 3287 principis,
1974 3226 2030 3271 et
2062 3220 2138 3269 illi
2170 3221 2458 3284 principem
2483 3218 2678 3283 ipsum,

1602 3301 1687 3348 vel
1722 3301 1890 3362 Deos,
1912 3300 1991 3347 vel
2016 3296 2398 3347 matrimonium
2420 3298 2680 3361 repetitum

1602 3380 1903 3440 venerantur,
1926 3376 2013 3425 vel
2033 3374 2145 3425 boec
2177 3374 2356 3424 omnia-
2369 3374 2549 3423 simul:
2583 3375 2678 3425 sed

1601 3456 1839 3518 veneratio
1872 3453 2139 3518 proecipue
2162 3451 2226 3502 ad
2252 3453 2394 3501 Deos
2422 3454 2679 3515 pertinet,

1600 3537 1661 3580 ut
1684 3524 1941 3580 diximus:
1978 3530 2113 3596 quod
2150 3536 2301 3594 patet
2336 3530 2514 3580 multis
2549 3532 2680 3582 locis

1602 3606 1739 3670 apud
1764 3608 2029 3657 Tacitum.

1650 3684 1882 3749 Cori-igit
1901 3684 2115 3734 Grotius
2132 3700 2147 3745 3
2170 3683 2406 3748 repetitur
2420 3685 2680 3748 merdic,

1603 3761 1743 3811 Clar.
1770 3761 2245 3825 Harlaeus,repetita
2265 3763 2675 3827 veneratio,Deo·

1605 3852 1716 3887 rum
1740 3839 1964 3903 scilicet,
1983 3848 2038 3889 ut
2064 3838 2113 3887 in
2134 3840 2365 3889 relaeta:
2390 3854 2678 3903 praecesse·

1604 3924 1687 3966 rat
1709 3917 1867 3978 enim,
1895 3918 2111 3981 Deosque
2147 3920 2339 3966 tandem
2373 3924 2676 3967 venermur.

1599 3995 1932 4045 Venerantur
1975 3996 2159 4045 iterum
2205 3995 2370 4057 Deos,
2407 4009 2529 4044 cum
2572 4002 2676 4044 sta·

1602 4081 1717 4123 tuas
1741 4075 1990 4139 Poppaeoe
2027 4073 2340 4139 dejicerent,
2359 4080 2413 4122 et
2436 4074 2673 4123 Octavioe

1601 4150 1799 4216 effigies
1819 4152 2029 4216 templis
2059 4156 2374 4214 statuerent,
2393 4149 2555 4216 idque
2577 4165 2674 4236 per

1600 4244 1852 4279 summum
1870 4229 2138 4279 honorem.

1665 4304 1679 4339 ¹
1707 4305 1922 4371 Laudes]
1956 4307 2065 4357 Itur
2092 4305 2146 4355 ιἰι
2161 4304 2399 4371 principis
2417 4306 2674 4371 laudes,et
