3063 4952
518 437 694 504 1846

521 596 821 662 diversas
849 596 1025 679 fugas
1055 601 1327 659 causas¹
1356 592 1808 672 obtendenteS,
1856 599 1877 628 ‘
1900 594 2113 658 redire
2145 596 2231 659 ad
2262 597 2459 679 signa
2486 602 2553 661 et
2597 598 2741 662 cle-

522 701 835 765 mentiam
866 698 1043 763 Paeti
1071 695 1376 780 experiri’
1418 696 1750 773 monebat,
1796 701 1817 730 ‘
1840 716 1912 759 se
1954 698 2083 760 nisi
2112 699 2488 763 victoribus
2515 700 2742 763 immi-

523 812 655 869 tem
693 803 915 868 esse.’³'
1002 801 1214 865 Simul
1263 817 1422 863 suas
1465 798 1760 881 legiones
1806 800 2006 878 adire,
2054 800 2330 879 hortari,
2379 806 2402 835 ‘
2423 800 2747 885 priorum'

527 906 905 983 admonere,
954 909 974 938 ‘
997 923 1239 969 novam
1270 900 1566 985 gloriam’
1603 901 1983 967 ostendere:
2032 907 2197 967 ‘non
2242 906 2435 967 vicos
2465 910 2580 968 aut
2611 925 2744 988 op-

523 1009 685 1093 pida
712 1008 1194 1084 Armeniorum,
1241 1005 1358 1070 sed
1399 1010 1616 1070 castra
1647 1004 1981 1083 Romana,
2014 1006 2317 1090 duasque
2345 1008 2415 1070 in
2460 1008 2547 1071 iis
2573 1009 2743 1089 legi-

492 1130 686 1185 „ones
713 1113 989 1194 pretium
1016 1110 1262 1173 laboris
1290 1108 1453 1192 peti.
1541 1106 1615 1170 Si
1661 1107 1938 1189 singulis
1987 1110 2516 1194 manipuiaribus
2561 1130 2744 1195 prae-

527 1214 752 1297 cipua⁸
780 1214 1024 1277 servati
1072 1211 1270 1277 civis⁸
1311 1227 1559 1273 corona
1605 1208 2043 1293 Imperatoria
2086 1231 2280 1277 manu
2324 1213 2742 1292 tribueretur,

528 1315 708 1400 quod
735 1315 935 1380 illud*
960 1320 1026 1379 et
1056 1319 1378 1397 quantum
1408 1312 1640 1390 decus,
1671 1315 1788 1377 ubi
1817 1333 1937 1397 par
1959 1334 2187 1379 eorum
2215 1335 2523 1380 numerus
2551 1316 2740 1402 apis-

1248 448 1315 496 ο.
1363 444 1726 496 oonNnnu
1773 444 2029 496 'rAc1-T1
2389 452 2578 520 [A.1J.
2612 460 2739 508 sis.

528 1499 717 1549 militia
735 1505 998 1564 proetextus
1018 1500 1539 1563 obtenderent‚jubebat
1563 1502 1756 1551 reverti
1780 1502 1833 1550 in
1866 1508 2058 1564 castra,
2076 1508 2132 1551 et
2154 1502 2425 1552 lenitatem
2458 1500 2606 1550 ducis
2628 1502 2750 1548 ten-

531 1571 665 1627 tare,
689 1579 745 1614 se
768 1580 869 1615 non
894 1566 989 1614 nisi
1015 1566 1303 1616 victoribus
1339 1567 1647 1615 clementem
1681 1581 1811 1615 esse.
1886 1567 2147 1631 Eodemque
2181 1573 2388 1631 tempore
2406 1581 2518 1615 suas
2537 1565 2750 1627 legiones

527 1632 796 1692 accendere,
830 1631 1048 1695 incitare,
1081 1630 1306 1694 priorem
1344 1632 1569 1680 militiam
1607 1632 1909 1694 gloriamque
1946 1648 2320 1692 commemorare,
2356 1646 2547 1681 novum
2585 1630 2750 1679 decus

530 1700 763 1745 ostentare
772 1712 791 1754 ,·
824 1711 923 1744 non
953 1713 1129 1759 pagos,
1150 1704 1239 1745 aut
1263 1697 1416 1745 urbes
1447 1696 1826 1757 Armeniorum,
1846 1697 1938 1746 sed
1973 1705 2137 1748 castra
2168 1699 2416 1759 Romana,
2434 1697 2666 1761 duasque
2689 1694 2751 1742 in

530 1759 592 1809 iis
618 1762 864 1824 legioneS‚
890 1763 1153 1825 praemium
1176 1761 1520 1823 expeditionis
1557 1763 1684 1826 peti.
1750 1762 1805 1811 Si
1842 1763 2060 1813 cuilibet
2082 1764 2232 1811 militi
2257 1762 2491 1827 gregario
2531 1761 2751 1810 daretur

529 1825 633 1887 ipsa
655 1841 810 1875 manu
834 1827 995 1888 ducis,
1017 1827 1206 1876 eximia
1224 1827 1291 1876 ob
1325 1834 1581 1876 servatum
1605 1828 1771 1877 civem
1802 1842 2025 1888 corona3
2061 1844 2174 1893 qua»,
2198 1829 2308 1891 illa,
2331 1836 2388 1877 et
2421 1836 2618 1891 quanta
2640 1826 2754 1889 glo·

534 1890 626 1953 ria,
644 1890 729 1940 ubi
754 1906 848 1955 par
867 1906 1108 1941 numerus
1127 1908 1325 1954 eorum,
1350 1892 1440 1958 qui
1462 1894 1683 1943 salutem
1707 1892 1972 1943 dedissent
2006 1901 2060 1943 et
2082 1909 2239 1943 eorum
2273 1893 2361 1959 qui
2396 1891 2755 1956 accepissent,

1453 2038 1509 2056 O‘
1516 2035 1720 2056 “000“
1727 2037 1814 2056 ‘00

535 2122 631 2168 —4
667 2118 796 2169 Illud
815 2135 911 2169 esse
941 2126 987 2172 et
1023 2123 1151 2174 Cod.
1177 2122 1399 2187 Agr.—-5
1437 2123 1733 2190 (Brotierus
1770 2139 1886 2173 cum
1912 2114 2143 2175 Homero
2172 2122 2331 2173 habet
2353 2118 2758 2186 adipisceretur.)

1536 2254 1749 2307 No'rAE

533 2358 840 2414 castrorum,
864 2352 945 2402 vel
969 2351 1125 2403 etiam
1166 2353 1297 2403 alius
1328 2353 1494 2402 minor
1511 2367 1601 2416 pro

533 2430 691 2553 {fg-ato
726 2437 857 2495 erat,
883 2429 1106 2495 jubente
1127 2430 1474 2495 duce,aetate‚
1509 2436 1600 2481 aut

558 2520 688 2555 ama.

602 2581 749 2632 Infra
770 2583 868 2632 boc
892 2583 1022 2634 libro
1055 2600 1169 2648 cap.
1201 2588 1281 2634 28.
1315 2589 1330 2614 ‘
1352 2583 1602 2634 vivianus

536 2657 737 2709 Annius
784 2675 945 2723 gener
988 2661 1321 2723 CorbuloniS‚
1378 2661 1600 2710 nondum

540 2738 799 2786 senatoria
829 2746 1007 2802 aetate,
1028 2740 1119 2788 sed
1142 2743 1236 2804 pro
1259 2740 1434 2803 legato
1457 2738 1604 2802 quin-

539 2822 608 2862 tae
632 2814 825 2876 legioni
848 2815 1159 2879 impositus)

605 2891 825 2940 Paetinam
857 2892 1116 2956 primipili]
1150 2893 1252 2946 Qui
1284 2890 1422 2940 haud
1447 2891 1604 2942 dubie

539 2971 740 3019 locatus
773 2978 889 3020 erat
912 2971 963 3020 in
984 2972 1139 3020 Tauri
1161 2972 1312 3036 jugo,
1342 2976 1396 3019 et
1430 2967 1605 3033 profli-

541 3055 691 3111 gatus
733 3054 846 3097 erat
886 3049 951 3097 ab
985 3049 1163 3114 equite
1197 3048 1465 3097 Parthico.
1547 3043 1603 3096 Is

540 3126 681 3178 forte
705 3135 927 3191 p'raeerat
950 3128 1113 3178 tribus
1133 3128 1214 3177 his
1233 3128 1467 3191 peditum
1494 3127 1605 3175 mil-

541 3205 676 3256 libus
714 3221 776 3255 eo
808 3215 982 3256 monte
1025 3206 1311 3272 dispositis,
1340 3212 1431 3255 aut
1464 3206 1605 3269 parti

540 3284 786 3348 ipsorum,
823 3282 959 3333 forte
993 3284 1134 3335 mille
1176 3282 1479 3341 vexillariis,
1509 3298 1608 3333 nec

543 3362 773 3411 redierat
796 3362 847 3411 in
873 3368 1047 3412 castra
1083 3362 1361 3425 legionum,
1398 3360 1487 3408 sed
1513 3375 1608 3425 per

543 3438 687 3487 avios
740 3445 942 3488 montes
996 3436 1304 3499 abscedens,
1360 3436 1608 3500 reliquias

541 3514 708 3563 cladis
747 3514 1053 3576 collegerat,
1089 3514 1264 3578 sicque
1296 3518 1414 3561 ante
1451 3519 1608 3576 turpe

540 3589 705 3640 foedus
744 3589 929 3640 initum
968 3606 1086 3640 cum
1126 3590 1357 3652 Parthis,
1389 3597 1443 3640 et
1465 3591 1610 3655 prior

544 3666 879 3717 adventabat.

609 3749 635 3775 Χ
669 3744 823 3806 Fugoe
842 3743 1030 3805 causas]
1057 3744 1104 3792 N
1113 3758 1177 3792 on
1202 3743 1339 3806 quod
1361 3741 1497 3793 forte
1521 3743 1611 3793 de-

545 3824 826 3873 seruissent
849 3824 1015 3886 sigua,
1041 3829 1130 3870 aut
1169 3835 1199 3869 e
1239 3820 1423 3869 castris
1446 3822 1608 3885 legio-

544 3914 666 3949 num
689 3900 977 3963 fugissent;
1012 3899 1102 3947 sed
1137 3898 1261 3961 quia
1285 3897 1609 3948 circumsessi

546 3987 578 4026 a
616 3979 848 4040 Parthis,
888 3992 943 4026 se
989 3975 1322 4036 dediderant,
1366 3985 1458 4026 aut
1507 3984 1611 4026 sta-

546 4056 714 4106 tiones
755 4063 810 4105 et
852 4054 1117 4120 praesidia,
1157 4052 1340 4116 quibus
1384 4053 1612 4118 impositi

547 4139 697 4182 erant
718 4148 749 4181 a
771 4134 938 4195 Poeto,
956 4133 1310 4193 deseruerant,
1331 4133 1518 4195 partim
1546 4133 1614 4197 vi,

548 4212 736 4274 partim
757 4220 923 4262 metu.

616 4288 751 4336 Nam
777 4302 869 4338 rex
892 4289 940 4337 vi
959 4304 1015 4337 ac
1032 4289 1175 4339 minis
1189 4292 1340 4340 alares
1361 4288 1617 4352 exterruit,

551 4366 835 4427 legionarios
855 4365 1069 4432 obtrivit,
1092 4369 1174 4431 &a
1198 4368 1287 4434 qui
1329 4374 1500 4419 tamen
1542 4381 1620 4416 re-

1682 2351 1792 2400 dire
1814 2351 1866 2400 in
1890 2357 2061 2400 castra
2076 2349 2388 2409 debuerunt,
2408 2347 2501 2397 sed
2524 2346 2756 2410 perculsi

1681 2430 2094 2494 desperaverant
2146 2426 2213 2478 de
2267 2427 2438 2475 salute
2488 2424 2755 2489 legionum

1683 2509 1831 2557 Rom.
1898 2509 2089 2573 Sicque
2118 2506 2327 2571 fugaces
2365 2514 2418 2555 et
2457 2504 2622 2554 veluti
2663 2504 2754 2553 de·

1683 2592 1909 2635 sertores
1940 2592 2115 2635 erant:
2152 2583 2469 2634 deserebant
2506 2581 2758 2644 legiones,

1685 2662 1870 2728 quibus
1893 2677 2085 2725 negare
2109 2676 2260 2726 opem
2284 2660 2395 2709 sine
2421 2656 2623 2721 flagitio
2656 2671 2757 2706 non

1684 2746 1945 2805 poterant.

1749 2824 1772 2860 5
1828 2818 1893 2866 Se
1932 2816 2027 2865 nisi
2069 2813 2326 2864 victoribus
2363 2811 2597 2862 immilem
2638 2809 2760 2871 esse]

1685 2894 1953 2945 Suadebat
1994 2892 2222 2942 Corbulo
2261 2888 2516 2938 militibus
2556 2887 2764 2936 clmen-

1688 2972 1809 3021 tiam
1834 2970 1964 3020 Paeti
1985 2968 2221 3033 experiri:
2253 2966 2380 3016 licet
2410 2964 2550 3013 enim
2583 2963 2674 3027 qui
2708 2963 2761 3011 in

1685 3047 1823 3098 bello
1863 3048 2183 3106 deseruerat,
2205 3044 2381 3107 capite
2423 3040 2600 3105 puniri
2637 3042 2765 3090 sole-

1688 3133 1786 3191 ret,
1800 3125 1974 3190 potuit
1997 3129 2169 3172 tamen
2190 3136 2246 3171 se
2269 3117 2517 3180 offerens,
2537 3132 2605 3167 ex
2620 3117 2766 3168 edic-

1691 3211 1745 3254 to
1802 3201 2101 3253 Germanici
2155 3197 2396 3260 Caesaris,
2447 3195 2764 3244 desertionis

1689 3294 1894 3345 poenam
1935 3278 2151 3340 evitare,
2190 3282 2247 3326 et
2284 3290 2351 3325 ex
2387 3273 2559 3337 prima
2587 3271 2765 3321 deser-

1690 3358 1850 3420 tione,
1872 3356 2061 3406 militia:
2085 3353 2288 3403 restitui
2308 3368 2322 3413 3
2359 3346 2516 3399 Arrio
2542 3349 2764 3398 Menan-

1690 3435 1783 3484 dro
1822 3434 1874 3481 in
1915 3431 2233 3482 Militat-ibus
2258 3436 2487 3479 auctore.
2565 3427 2765 3477 Ver-tru-

1688 3513 1815 3561 nius.

1755 3597 1775 3622 ²
1813 3586 2088 3652 Praecipua]
2123 3583 2329 3635 Eximia
2363 3596 2424 3631 ac
2456 3581 2768 3645 praecellens

1692 3666 1863 3717 omnia
1900 3665 2037 3714 dona
2074 3661 2337 3720 militaria,
2372 3665 2428 3708 et
2464 3673 2584 3723 quae
2623 3664 2769 3708 certe

1692 3757 1895 3793 omnem
1951 3740 2148 3790 militiae
2195 3738 2408 3803 gloriam
2461 3741 2774 3799 superaretz

1689 3821 1807 3870 hinc
1832 3833 2048 3871 coronam
2078 3817 2276 3865 civicam
2304 3812 2402 3863 sibi
2438 3813 2763 3877 potissimum

1691 3910 2005 3961 arrogavere
2044 3896 2303 3951 Caesares,
2348 3904 2569 3954 eamque
2611 3901 2772 3952 supra

1691 3975 1939 4039 palatium
1964 3980 2216 4022 statuere.

1758 4052 2012 4102 Attamen
2031 4050 2189 4099 etiam
2208 4054 2318 4097 tum
2342 4042 2565 4110 privatis
2589 4055 2771 4093 conce-

1694 4132 1943 4181 debatur:
1981 4144 2100 4179 nam
2140 4126 2274 4176 infra
2310 4136 2435 4174 xvi.
2477 4127 2561 4172 15.
2613 4120 2769 4169 Osto-

1695 4208 1799 4258 rius
1831 4208 1847 4235 ‘
1872 4206 2091 4256 civicam
2124 4217 2365 4254 coronam
2388 4199 2529 4266 apud
2566 4198 2769 4248 Britan·

1696 4285 1832 4334 niam
1865 4280 2118 4334 meritus!
