3063 4952
330 394 605 480 ,ιμῳι
644 444 655 473 .
1053 389 1472 445 ansanum
1520 389 1672 441 un.
1718 389 1887 442 xrv.
2359 372 2541 449 m

328 551 663 665 mmque⁷
657 547 745 610 et
778 538 1199 623 naufragium
1243 537 1589 604 narrabat.
1573 543 1621 585 “¹
1677 535 1858 620 quod
1898 533 2237 609 fortuitum
2263 523 2534 615 fuisse}

236 686 240 693 ·
332 650 484 735 quis
542 648 712 737 adeo
761 646 962 727 hebes
1022 642 1441 723 inveniretur,
1494 646 1571 703 ut
1629 639 1974 705 crederet?
2031 644 2142 704 aut
2187 658 2230 703 a
2261 639 2540 706 muliere

328 753 656 833 naufraga
717 750 995 813 missum
1055 767 1205 813 cum
1265 746 1394 811 telo
1440 763 1669 820 unum,
1716 745 1830 827 qui
1884 743 2205 821 cohortes,
2257 748 2322 806 et
2366 743 2536 809 clas-

332 863 466 929 ses¹
512 851 942 937 Imperatoris
1000 849 1422 934 perfringeret
1450 849 1479 912 Ἰ
1570 846 1744 929 Ergo
1773 865 1899 910 non
1927 844 2073 929 jam
2105 844 2312 924 Nero,
2346 846 2538 932 cujus

331 942 717 1029 immanitas
775 953 1069 1024 omnium
1115 956 1386 1036 questus
1435 951 1754 1027 anteibat,
1803 948 1923 1015 sed
1971 949 2253 1014 adverso
2279 968 2542 1015 rumore

335 1060 616 1127 Seneca⁹
666 1060 828 1134 erat,
897 1060 917 1089 ‘
949 1056 1129 1141 quod
1184 1056 1501 1123 oratione⁸
1574 1054 1693 1121 tali
1763 1052 2268 1119 confessionem‘
2333 1052 2541 1141 scrip·

335 1162 583 1231 sissetl,

334 1314 587 1378 referebat.
654 1315 752 1365 Sed
793 1315 898 1378 qais
936 1315 1049 1364 adeo
1090 1313 1306 1378 stupidus
1347 1310 1653 1388 reperiretur,
1673 1315 1727 1359 ut
1747 1312 1952 1359 crederet
1973 1309 2026 1358 id
2037 1307 2248 1369 fortuito
2263 1324 2375 1358 casu
2394 1310 2543 1360 conti-

331 1383 492 1444 sisse.
476 1378 502 1416 9
534 1385 620 1430 aut
640 1396 671 1430 a
682 1381 884 1441 foemiuo
918 1379 1168 1442 navifragis»
1192 1380 1366 1442 elapsa,
1385 1377 1579 1426 missam
1600 1390 1703 1424 eum
1715 1374 1850 1436 ferro
1871 1375 2127 1424 hominem
2160 1375 2550 1438 unum,‹1uiper-

334 1451 578 1516 rmperet
617 1447 827 1495 cohortes
865 1450 911 1495 εἴ
943 1447 1110 1494 classes
1149 1439 1427 1519 principis?
1493 1441 1662 1504 Itaque
1696 1456 1788 1489 non
1810 1441 1916 1501 jam
1958 1440 2108 1502 Nero,
2131 1442 2263 1501 cnjus
2292 1441 2545 1489 crudelitas

334 1512 545 1561 omnium
588 1511 894 1575 querimonias
928 1509 1198 1574 superabat,
1239 1511 1318 1558 sed
1335 1508 1531 1557 sinistra
1544 1505 1684 1567 sama
1707 1510 1811 1555 erut
1834 1505 2026 1569 Seneca,
2048 1506 2184 1571 quod
2210 1505 2303 1555 tali
2325 1505 2554 1571 epistola

333 1576 590 1642 flagitium
612 1577 779 1640 palam
807 1575 1087 1626 confessus
1095 1582 1249 1624 esset.
2551 1578 2558 1587 ·

1265 1688 1322 1707 θ’
1327 1685 1621 1706 “oenoe“

336 1757 504 1807 oblito.
546 1755 768 1805 Brotier.
769 1759 864 1804 —7
901 1754 1106 1819 Lipsius
1148 1755 1283 1805 corri
1322 1754 1444 1804 ebat
1472 1753 1696 1817 jamque.-
1730 1751 1887 1829 quod,
1933 1766 2049 1801 mea
2081 1752 2357 1816 sententia,
2398 1757 2545 1802 recte

336 1822 587 1886 repudiat
629 1821 876 1882 Pichena,
910 1822 1105 1870 Ernest.
1109 1824 1204 1869 —8
1239 1771 1335 1871 Eg.
1368 1835 1450 1883 pr.
1480 1820 1603 1883 ‘quod
1642 1816 1766 1878 fort.
1786 1817 1982 1877 fuisset.
2050 1817 2221 1866 Etiam
2262 1788 2376 1866 aliae'e
2423 1825 2547 1868 ante

339 1888 512 1938 Rhen.
525 1888 745 1948 fuisset
793 1856 892 1941 Qu'i
932 1886 1250 1949 perfringeret
1289 1886 1322 1937 i.
1360 1901 1408 1935 e.
1454 1884 1543 1949 qui
1585 1890 1842 1947 speraret,
1880 1897 1936 1932 se
1969 1882 2263 1932 interficere
2285 1883 2556 1933 Caesarem

342 1967 515 2029 posse,
562 1952 652 2016 qui
695 1951 991 2001 cohortibus
1032 1957 1087 1999 et
1131 1952 1295 2001 classe
1340 1951 1571 2000 munitus
1607 1954 1760 1998 esset.
1830 1947 2058 1997 Verbum
2083 1950 2309 2013 elegans,
2330 1962 2423 2011 pro
2445 1962 2552 2013 quo

342 2017 500 2067 etiam
522 2017 716 2067 dicitur
733 2030 1048 2079 pemmpere.
1080 2014 1244 2064 Idem.
1313 2016 1479 2065 Rhen.
1524 2030 1591 2064 ex
1632 2013 1841 2077 ingenio
1876 2012 2023 2063 dedit
2044 2013 2232 2074 fuisse.
2271 2028 2390 2064 nam
2413 2013 2547 2111 Bud.

330 2083 526 2145 fuisset.
561 2082 796 2131 oberlin.
798 2085 896 2130 -9
930 2081 1416 2181 Mss.i1arl.Bodi.
1451 2081 1631 2130 Seneca
1650 2081 1843 2128 adverso
1864 2094 2064 2130 rumore.

1348 2242 1596 2295 NOTAE

409 2367 434 2402 ‘1
469 2338 690 2424 Namque
737 2364 784 2410 et
818 2334 1126 2422 naufragium
1163 2356 1412 2421 narrabat]

347 2435 453 2487 Alii
481 2436 715 2500 jamque5
769 2436 862 2486 sed
911 2451 992 2486 me
1037 2433 1409 2485 dissentiente:

1490 2357 1635 2409 circo
1677 2373 1813 2409 nunc
1849 2364 2091 2423 arguunt,
2128 2373 2229 2408 non
2272 2357 2551 2421 Neronem,

349 2527 464 2565 eam
488 2515 764 2580 particula,
803 2530 930 2578 nam,
960 2512 1222 2564 referatur
1260 2513 1326 2562 ad
1359 2513 1412 2562 id

349 2585 480 2657 quod
538 2592 764 2654 dixerat,
813 2590 1155 2656 Agrippinam
1203 2590 1415 2653 publica

349 2667 556 2719 fortuna
589 2668 919 2719 exstinctam.
985 2666 1191 2716 Deinde
1215 2666 1411 2731 adjicit,

349 2747 512 2812 ipsam
556 2749 736 2798 eadem
774 2748 980 2812 publica
1002 2746 1231 2810 fortuna,
1261 2755 1415 2797 antea

351 2824 568 2874 inmare
606 2839 771 2910 prope
814 2825 1158 2885 submersam3
1194 2825 1312 2874 ideo
1335 2841 1413 2875 se·

250 2958 258 2962 ,
351 2901 545 2967 quitur,
583 2901 656 2950 sic
711 2900 931 2951 fortuito
980 2901 1108 2951 illud
1162 2901 1413 2965 evenisse,

350 2978 557 3030 minime
580 2977 920 3032 credendum.
959 2978 1190 3034 Pie-lieno.

412 3062 432 3088 ¹·
465 3056 540 3104 Et
554 3056 743 3119 classes]
780 3054 917 3107 Quia
938 3056 1076 3106 haud
1093 3054 1249 3106 dubie
1271 3057 1417 3108 Nero

349 3130 535 3182 littora
555 3133 647 3182 illa
666 3133 961 3197 Campaniae
979 3132 1176 3195 adibat,
1193 3148 1293 3182 uon
1309 3133 1426 3182 sine·

352 3224 540 3275 magno
579 3211 831 3260 comitatu
878 3217 936 3259 et
983 3224 1174 3274 pompa
1212 3211 1420 3260 navium

356 3287 786 3352 triremiumque;
841 3301 938 3336 nec
978 3287 1066 3335 ilia
1115 3285 1255 3335 festa
1307 3286 1420 3336 sine

353 3366 487 3417 mole
526 3370 582 3414 et
622 3370 806 3429 paratu
843 3363 1067 3414 fortunae
1124 3363 1420 3427 principalis

354 3442 637 3496 celebrata.

418 3516 725 3581 ‘OrationeJ
758 3495 1108 3570 Quintilianus
1138 3519 1315 3568 1.vn1.
1353 3517 1419 3568 de

354 3595 452 3646 hac
490 3595 766 3645 oratione.
801 3594 990 3644 ‘Facit
1035 3594 1283 3659 quasdam
1312 3609 1424 3644 sen-

356 3672 551 3730 tentias
594 3674 705 3723 sola
757 3672 1072 3736 geminatio:
1121 3671 1288 3737 qualis
1341 3677 1425 3721 est

356 3750 572 3814 Senecae
610 3749 662 3798 in
697 3764 759 3798 eo
784 3748 997 3812 scripto,
1033 3749 1167 3814 quod
1194 3749 1334 3799 Nero
1359 3748 1424 3797 ad

359 3831 596 3877 senatum
617 3825 776 3884 misit,
798 3825 971 3875 occisa
992 3832 1180 3887 matre,
1213 3840 1332 3875 cum
1367 3840 1425 3875 se

359 3902 709 3967 periclitatum
756 3900 922 3950 videri
963 3901 1161 3950 vellet:
1192 3902 1425 3956 ,Salvum

359 3973 442 4030 ine
481 3992 595 4028 esse
632 3976 819 4041 adhuc,
858 3992 955 4027 nec
980 3977 1162 4043 credo,
1182 3992 1281 4027 nec
1303 3993 1426 4043 gau-

360 4055 496 4105 deo.’
524 4054 735 4118 Lipsius.

424 4133 443 4165 ‘
477 4130 851 4195 confessionem]
901 4131 1038 4183 Quia
1073 4147 1260 4198 nempe
1283 4131 1427 4197 inge-

332 4221 337 4224 ·
364 4206 447 4259 nio
483 4206 700 4266 Senecae
740 4208 987 4260 utebatur
1010 4208 1172 4269 Nero,
1206 4208 1274 4268 ad
1295 4222 1430 4258 com-

350 4283 630 4349 ·'poueudas
648 4284 915 4364 ‘orat-iones*
953 4289 1009 4346 et
1039 4284 1281 4354 epistolas
1306 4300 1328 4360 ς·
1356 4285 1433 4338 id-

1491 2437 1582 2487 sed
1618 2437 1888 2499 Senecam,
1932 2437 2082 2506 quod·
2109 2437 2284 2502 palam
2316 2434 2553 2501 profiteri

1488 2514 1691 2566 facinus
1716 2530 1867 2565 ausus
1888 2519 2045 2565 esset.

1556 2594 1767 2657 Quippe
1792 2592 2061 2643 audaciam
2083 2590 2192 2655 ipse
2215 2597 2272 2640 et
2290 2587 2558 2653 impuden-

1492 2671 1620 2721 tiam
1665 2671 1925 2720 addidisse
1990 2668 2206 2718 facinori
2261 2666 2562 2728 videbatur,

1493 2747 1630 2814 quod
1656 2748 1916 2812 precipue
1938 2760 2122 2796 cavere
2146 2743 2423 2793 tenebatur
2444 2757 2555 2793 rec-

1494 2831 1577 2875 tor
1605 2825 1843 2888 juventae
1887 2823 2149 2888 principis.
2221 2823 2314 2870 Est
2357 2820 2445 2885 qui
2477 2819 2556 2869 sic

1492 2907 1701 2951 vertat.
1687 2918 1699 2931 ·
1735 2901 1874 2954 Quia
1906 2903 2012 2950 tale
2045 2898 2242 2950 facinus
2266 2897 2557 2961 approbare

1494 2981 1633 3030 ultro
1661 2979 1959 3039 videbatur,
1981 2976 2116 3042 quod
2139 2990 2325 3039 nempe
2350 2973 2558 3025 rationi-

1493 3057 1589 3107 bus
1609 3056 1809 3106 diluere
1825 3064 2117 3105 conaretur.
2485 3071 2494 3080 ι

1567 3134 1706 3190 Quod
1722 3133 1934 3183 oratione
1953 3132 2041 3180 tali
2062 3129 2394 3190 confessionem
2409 3128 2559 3192 scrip-

1493 3210 1654 3273 sisset]
1689 3212 1867 3273 Longe
1883 3210 2065 3258 melius
2087 3207 2377 3270 fortiusque
2405 3206 2560 3256 ,1Εωί-

1497 3289 1597 3338 lius
1667 3288 1984 3351 Papinianus
2042 3285 2286 3334 Bassiano
2345 3281 2574 3332 restitit.'

1499 3364 1707 3429 Apoph.
1731 3367 1779 3413 8.
1815 3364 1829 3391 ‘
1856 3362 2129 3411 Bassianus
2148 3358 2441 3408 Antoninus
2458 3358 2574 3407 Im-·

1426 3463 1431 3468 ·
1497 3446 1708 3504 perator
1720 3453 1904 3502 magna
1919 3436 2182 3487 laborabat
2196 3435 2409 3496 invidia,
2423 3435 2574 3499 quod²

1498 3516 1715 3567 fratrem
1738 3515 2028 3566 occidisset.
2095 3513 2326 3578 Ideoque
2360 3512 2567 3563 AEmilio

1502 3594 1793 3658 Papiniano
1816 3593 2048 3657 praetorii
2072 3591 2338 3656 praefecto,
2375 3592 2442 3642 ob
2474 3607 2576 3643 exe

1501 3670 1673 3720 imiam
1685 3671 1819 3734 juris
1839 3670 2182 3735 prudentiam,
2195 3685 2406 3719 summae
2427 3667 2568 3734 apud

1505 3748 1761 3796 Romanos
1801 3746 2142 3809 auctoritatis,
2181 3747 2444 3811 negotium
2477 3744 2577 3795 de··
2633 3785 2641 3792 .
2738 3776 2752 3789 .

1504 3823 1671 3887 derat,
1705 3828 1765 3873 ut
1800 3823 1897 3873 hoc
1930 3822 2132 3873 facinus
2167 3822 2306 3887 apud
2328 3827 2570 3871 senatum

1505 3899 1831 3949 defenderet.
1898 3898 1974 3950 At
2006 3900 2048 3948 is
2087 3899 2380 3962 respondit,
2411 3898 2580 3961 longe¹

1505 3975 1712 4025 facilius
1736 3975 2067 4040 parricidium
2090 3973 2566 4039 perpetrari,quam

1506 4050 1754 4103 defendi?
1819 4053 2064 4103 Obbane
2081 4052 2373 4104 libertatem
2394 4050 2582 4100 Bassi-²

1507 4144 1635 4179 anus
1691 4128 1888 4190 occidit
1941 4127 2108 4179 virum
2181 4125 2572 4180 immortalitate

1507 4206 1737 4272 dignum.
2607 4211 2610 4214 ’
