3063 4952
570 393 750 462 2006
2460 355 2641 477 [lun.
2659 411 2766 463 sis.

576 541 711 643 quo
736 558 1027 631 venerat,
1058 550 1286 617 itinere
1313 545 1640 628 reditum,³
1675 543 1792 614 sed
1837 549 2108 616 flexisse
2136 551 2225 616 ad
2242 550 2561 628 Panium,
2586 547 2765 613 Ρω-
2798 541 2803 559 ³

575 660 844 736 fectum,
876 665 940 721 et
970 656 1300 740 expositis
1331 654 1625 719 Caesaris
1647 654 1885 740 jussiS,
1927 674 2012 719 an
2049 656 2557 738 obtemperaret,
2586 654 2770 716 inter5

578 762 957 844 rogavisse3
1001 757 1455 840 monitumque
1485 759 1571 821 ab
1615 776 1719 834 eo,
1764 761 1837 821 ut
1880 753 2314 840 exequeretur
2332 756 2370 836 ;’
2412 755 2615 820 fatali.
2644 756 2771 819 om-

578 867 760 934 nium
791 865 1096 946 ignavia:
1140 880 1292 923 nam
1322 867 1387 923 et
1414 859 1725 922 Silvanus
1751 859 1933 924 inter·
1964 860 2351 944 conjuratos
2389 863 2559 936 erat,
2589 876 2772 940 auge-

578 969 824 1052 batque
854 966 1129 1042 scelera,
1159 965 1227 1027 in
1259 983 1539 1046 quorum
1575 963 1890 1027 ultionem
1938 969 2377 1028 consenserat.
2467 960 2646 1025 Voci
2684 965 2774 1024 ta-

581 1091 728 1135 men
758 1078 823 1135 et
849 1069 1146 1152 aspectui
1178 1068 1496 1151 pepercit.
1586 1066 2079 1150 Intromisitque
2110 1065 2195 1130 ad
2233 1066 2561 1129 Senecam
2587 1082 2773 1126 unum

581 1193 670 1237 ex
693 1170 1242 1248 Centurionibu8,‘¹
1274 1170 1391 1252 qui
1419 1173 1440 1202 ‘
1471 1170 1930 1234 necessitatem
1958 1167 2274 1233 ultimam’
2301 1167 2736 1231 denuntiaret.

1271 408 1340 455 Ο.
1388 403 1587 454 coitu
1600 404 1756 453 Eut
1803 404 2063 454 TAct‘n

582 1339 800 1388 vertisse
822 1339 885 1388 ad
907 1337 1144 1400 Fenium,
1165 1335 1469 1400 praefectum
1504 1336 1739 1399 praetorii,
1778 1343 1832 1386 et
1868 1336 2023 1385 editis
2056 1335 2296 1385 mandatis
2329 1334 2582 1398 principis,
2622 1336 2781 1394 postu·

583 1406 731 1463 lasse,
754 1419 819 1452 an
844 1403 1079 1452 obediret
1102 1420 1114 1451 ε
1151 1403 1469 1463 Feniumque
1494 1403 1539 1450 ei
1563 1402 1892 1465 praecepisse,
1915 1410 1973 1450 nt
1995 1409 2195 1464 ageret,
2212 1402 2329 1464 quod
2358 1401 2644 1463 imperatum
2675 1400 2781 1471 erut,

572 1469 722 1529 fatali
740 1475 1010 1518 cunctorum
1028 1468 1254 1516 socordia.
1323 1467 1507 1529 Quippe
1527 1471 1573 1515 et
1597 1467 1823 1516 Silvanus
1854 1467 1982 1516 inter
2011 1468 2174 1532 affines
2209 1465 2554 1526 conjurationis
2583 1468 2697 1524 erat,
2714 1476 2780 1528 ‘¹²7'

580 1533 883 1597 tendebatque
894 1531 1133 1595 facinora,
1151 1534 1199 1580 in
1218 1548 1410 1595 quorum
1432 1532 1689 1581 vindictam
1714 1533 1826 1595 ipse
1859 1532 2225 1594 conspiraverat.
2292 1535 2529 1579 Attamen
2551 1529 2602 1577 id
2626 1529 2782 1575 denun-

582 1601 707 1647 tiare
729 1599 839 1662 ipse
862 1612 1032 1646 coram
1055 1600 1273 1656 Seneca,
1294 1612 1431 1659 seque
1451 1598 1563 1659 ejus
1583 1597 1792 1659 aspectui
1824 1597 2042 1645 exhibere
2064 1612 2157 1644 uon
2178 1595 2425 1644 sustinuit.
2499 1591 2780 1642 Introduxit-

584 1680 670 1727 que
693 1665 742 1713 iu
764 1664 936 1713 villam
957 1678 1098 1712 unam
1119 1677 1181 1712 ex
1198 1663 1562 1724 centurionibus,
1582 1665 1664 1725 qui
1683 1676 1977 1727 supremam
2001 1663 2045 1710 ei
2068 1662 2437 1711 necessitatem
2463 1659 2705 1708 indiceret.
2766 1717 2771 1726 ‚

1493 1826 1550 1845 ‘O
1557 1825 1849 1845 ‘NOOOO‘OO

586 1943 713 1990 dinis
733 1948 781 1990 et
801 1958 972 1991 amore.
1040 1944 1171 1992 Mss.
1205 1943 1354 1994 Harl.
1378 1944 1529 1993 Bodl.
1555 1944 1663 1995 Jes.
1690 1942 1867 1995 Guelf.
1899 1959 2038 2008 seque
2058 1942 2242 1992 ratione
2266 1976 2279 1991 .
2298 1977 2311 1991 .
2335 1976 2348 1990 .
2370 1976 2382 1988 .
2403 1938 2678 1988 umora-3
2707 1931 2785 1983 Sic

588 2009 756 2055 altera
777 2022 929 2056 manu
954 2007 1278 2057 emendatum
1307 2009 1358 2057 in
1377 2010 1481 2058 Ms.
1507 2011 1657 2059 Harl.
1697 2009 1851 2058 Prius
1875 2008 2050 2059 fuerat
2069 2010 2338 2071 scriptum,
2359 2004 2643 2059 redditum3
2664 2005 2719 2074 ut
2740 2003 2790 2046 et

589 2072 640 2120 in
667 2072 769 2122 Ms.
796 2071 977 2122 Guelf.
1002 2072 1253 2123 Mendose
1279 2074 1331 2122 in
1353 2075 1455 2125 Ms.
1481 2075 1610 2139 Reg.
1630 2080 1686 2124 et
1708 2074 1940 2125 editione
1959 2074 2210 2139 principe,
2224 2070 2545 2121 redditurum.
2577 2069 2788 2116 Brotier.
2827 2145 2834 2156 Ο

1575 2222 1795 2273 NOTAE

585 2343 796 2420 cedere,
844 2373 946 2423 quo
1004 2358 1070 2408 de
1124 2372 1182 2407 se
1228 2362 1487 2409 statueret
1529 2371 1649 2406 reus
1728 2354 1908 2421 poenis.
1983 2354 2279 2405 Vertram'us.

583 2449 748 2500 genus
791 2435 990 2500 mortis,
1027 2434 1163 2500 quod
1203 2434 1647 2498 expeditissimum

584 2512 865 2562 videretur.
927 2524 930 2525 ’

650 2586 735 2639 Sic
759 2601 916 2655 supra
937 2590 972 2640 l.
998 2604 1075 2639 xl.
1110 2589 1349 2639 Vitellius
1374 2588 1468 2638 sub
1493 2589 1645 2638 Clau-

586 2666 692 2729 dio,
720 2665 736 2693 ‘
758 2666 968 2716 Valerio
995 2666 1224 2716 Asiatico
1256 2666 1473 2715 liberum
1508 2680 1644 2714 mor-

585 2744 655 2791 tis
694 2741 961 2792 arbitrium
1023 2742 1256 2806 permisit
1276 2742 1306 2792 :'
1372 2742 1445 2792 sic
1489 2743 1644 2806 paulo

586 2826 728 2880 ante,
772 2819 787 2847 ‘
812 2819 1022 2869 Plautio
1075 2821 1331 2870 Laterano
1377 2834 1477 2869 non
1516 2817 1644 2867 illud

583 2893 741 2943 breve
810 2896 989 2945 mortis
1056 2896 1327 2946 arbitrium
1408 2895 1646 2960 permisit

582 2970 766 3019 Nero!

648 3045 734 3095 Ita
756 3062 956 3114 quoque
988 3047 1123 3097 infra
1144 3050 1181 3098 l.
1208 3063 1323 3099 xvr.
1346 3050 1360 3077 ‘
1385 3050 1645 3113 Thrasea»,

580 3123 778 3175 Sorano
810 3126 1142 3190 Serviliaeque
1178 3127 1330 3176 datur
1368 3128 1546 3177 mortis
1570 3142 1644 3177 ar-

581 3201 796 3252 bitrium
829 3219 894 3253 ex
918 3205 1413 3255 Senatusconsulto.'
1486 3204 1643 3268 Apud

582 3283 794 3333 Sueton.
838 3283 954 3333 Tib.
989 3288 1070 3334 54.
1114 3285 1127 3310 ‘
1151 3282 1447 3333 Germanici
1482 3282 1645 3331 filium

584 3366 769 3422 putant
786 3360 1050 3410 Neronem
1065 3361 1130 3411 ad
1151 3361 1491 3411 voluntariam
1510 3375 1644 3409 mor-

583 3440 689 3484 tem
710 3437 980 3486 coactum!

647 3513 957 3577 Placuitque
982 3515 1193 3564 Senecae
1211 3520 1430 3563 mortem
1453 3529 1515 3563 eo
1539 3528 1646 3563 mo-

584 3585 669 3649 do,
704 3603 804 3651 quo
842 3588 1045 3638 brevior
1085 3589 1261 3640 futura
1289 3596 1445 3650 esset,
1482 3590 1644 3651 magis

583 3661 871 3725 eligendam
928 3665 1171 3715 adversus
1227 3667 1516 3727 Platonem,
1554 3667 1640 3728 qui

584 3753 687 3788 non
725 3740 885 3789 licere
926 3742 1027 3791 sibi
1073 3743 1174 3806 ipsi
1214 3758 1392 3792 manus
1448 3742 1643 3792 inferre

582 3824 875 3872 censuerat,
897 3820 992 3881 Ep.
1015 3824 1097 3869 71.
1122 3820 1185 3868 ad
1210 3820 1481 3869 Lucilium.
1563 3873 1567 3878 ,

649 3897 665 3921 ⁴
688 3893 952 3959 Proinde,'
975 3896 1047 3946 ait
1068 3897 1342 3959 Ulpianus,
1363 3899 1378 3923 ⁸
1398 3910 1493 3944 nec
1514 3897 1641 3946 libe-

582 3982 694 4017 ram
747 3972 925 4020 mortis
969 3971 1272 4022 facultatem
1324 3972 1645 4021 concedendi

575 4045 666 4108 jus
706 4047 957 4110 praesides
999 4049 1220 4098 habeut:
1257 4049 1424 4097 multo
1457 4050 1644 4113 minus,

578 4112 678 4182 (ita
712 4122 851 4184 lego,
886 4138 1005 4184 non,
1033 4125 1191 4172 multo
1217 4125 1404 4187 magis)
1435 4126 1517 4172 vel
1560 4142 1643 4175 ve·

582 4208 718 4244 neno
743 4192 1022 4248 necandi(
1061 4201 1180 4249 Divi
1235 4210 1407 4251 tamen
1453 4201 1642 4253 fratres

584 4271 978 4338 rescripserunt,
1024 4278 1385 4340 permittentes
1429 4279 1645 4330 liberam

584 4348 766 4400 mortis
783 4349 1123 4404 facultatem!
1143 4358 1179 4406 l.
1201 4369 1327 4407 vm.
1350 4371 1397 4406 c.
1414 4361 1461 4407 1.
1484 4358 1556 4407 D.
1577 4348 1644 4409 de
1672 4368 1677 4374 ’

1768 2432 2008 2497 ¹[inlicere
2028 2428 2252 2493 mortem]
2283 2426 2370 2478 Sic
2408 2433 2465 2476 et
2502 2417 2784 2476 Alexander

1727 2508 1925 2560 occidit
1945 2509 2310 2560 Callisthenem
2332 2524 2345 2567 3
2371 2507 2449 2556 sic
2469 2513 2528 2556 et
2552 2504 2784 2562 Pericles,

1728 2588 1865 2651 quod
1920 2588 2142 2649 mireris,
2182 2583 2454 2634 interfecit
2513 2586 2784 2647 praecepto·

1725 2679 1833 2714 rem
1860 2679 2004 2713 suum
2032 2664 2395 2726 Anaxagoram
2420 2679 2433 2711 :
2483 2660 2695 2720 occidit,
2723 2655 2785 2705 in-

1728 2756 1903 2805 quam,
1928 2742 2015 2806 qui
2042 2756 2142 2790 non
2169 2739 2320 2801 fovit,
2345 2739 2435 2803 qui
2462 2753 2571 2787 non
2597 2735 2747 2802 pavit.

1790 2817 1998 2882 Apopb.
2035 2818 2069 2867 1.
2096 2831 2197 2866 vn.
2221 2820 2237 2844 ⁴
2263 2816 2391 2865 Cum
2438 2814 2678 2864 Pericles
2708 2824 2783 2859 ne-

1725 2893 1880 2957 gotiis
1912 2894 2143 2944 intentus
2184 2892 2425 2942 desiisset
2450 2905 2610 2956 agere
2629 2901 2785 2938 curam

1727 2972 2073 3035 Anaxagorae,
2087 2971 2199 3035 jam
2241 2970 2307 3018 ad
2335 2968 2664 3031 decrepitam
2687 2978 2789 3027 pro-

1727 3048 1864 3096 vecti
1901 3054 2248 3111 senectutem,
2276 3045 2560 3095 constituit
2581 3043 2665 3091 ille
2694 3041 2790 3088 ine-

1726 3124 1813 3172 dia
1835 3123 1983 3172 finire
2009 3125 2182 3173 vitam.
2249 3123 2314 3173 Id
2336 3123 2491 3172 simul
2533 3129 2593 3171 ut
2621 3132 2788 3169 renun-

1726 3200 1912 3265 tiatum
1938 3209 2020 3251 est
2044 3201 2259 3264 Pericli,
2276 3201 2461 3250 anxius
2481 3197 2725 3260 accurrit,
2740 3201 2788 3244 et

1726 3282 2064 3344 argumentiS,
2089 3281 2335 3345 precibus
2359 3288 2414 3330 et
2453 3278 2690 3344 lacrymis
2712 3290 2785 3326 co-

1725 3364 1876 3405 natus
1900 3366 1980 3406 est
2006 3358 2261 3406 hominem
2287 3372 2318 3406 a
2339 3365 2647 3420 spontaneae
2669 3366 2788 3403 mor-

1725 3434 1793 3484 tis
1832 3436 2101 3499 proposito
2136 3449 2417 3495 revocare;
2455 3435 2614 3498 idque
2638 3430 2786 3495 magis

1724 3526 1817 3561 sua
1862 3513 2025 3575 ipsius
2067 3529 2245 3576 causa,
2283 3527 2439 3576 quam
2480 3508 2784 3572 Philosophi.

1725 3589 1822 3638 Cui
1868 3587 2204 3652 Anaxagoras
2249 3595 2455 3638 retecta
2500 3586 2652 3644 facie,
2685 3585 2785 3648 jam

1723 3667 2079 3729 moribundus,
2114 3668 2369 3717 hacteuus
2406 3664 2706 3729 respondit:
2741 3659 2782 3710 Ο

1726 3744 1989 3793 Pericles!
2016 3751 2071 3793 et
2096 3743 2284 3808 quibus
2308 3743 2524 3792 lucerua
2547 3754 2674 3805 opus
2697 3742 2787 3799 est,

1723 3819 2002 3871 infundunt
2024 3821 2229 3871 oleum!

1787 3897 1812 3931 ‘¹
1860 3899 2027 3948 Unum¹
2061 3915 2122 3947 ex
2173 3895 2565 3958 Centurionibus]
2612 3894 2785 3956 Itaque

1728 3977 1901 4038 plures
1925 3977 2256 4025 centuriones
2296 3974 2508 4024 advecti
2544 3971 2609 4020 ad
2640 3981 2784 4018 uuum

1725 4052 2120 4102 homuncionem
2166 4053 2304 4101 intra
2340 4053 2511 4100 villam
2557 4047 2784 4111 occiden-

1727 4126 1863 4177 dum.
1931 4128 2091 4191 Puto,
2129 4144 2222 4177 sex
2262 4127 2426 4177 fuisse
2450 4124 2784 4177 centuriones,

1724 4212 1852 4270 quot
1877 4206 1929 4255 in
1956 4221 2061 4256 una
2083 4207 2335 4270 cohorte,
2366 4211 2425 4255 et
2455 4203 2531 4254 illi
2564 4200 2658 4251 sub
2691 4209 2780 4249 uno

1725 4281 2007 4347 Tribuno„
