3063 4952
489 339 688 438 ΜΩ.-

1159 377 1225 436 ss.
1252 380 1633 436 -conunmr
1669 375 1938 439 fuum-1
1963 403 1982 438 ·.

2371 390 2560 459 [Adr
2581 393 2710 451 noa

486 544 737 618 nurum
778 543 1179 610 manifestos
1225 544 1462 609 merito
1510 543 1601 609 ad
1661 545 2065 611 servitutem*
2079 547 2358 631 retrahi,
2399 559 2486 619 ut
2520 557 2699 622 metu

487 646 934 728 merceantur,
964 667 1135 733 quos
1161 644 1503 714 beneficia
1511 667 1646 714 non
1673 650 2146 716 mutavissent
2147 651 2194 703 '⁹
2435 681 2439 692 ·

574 743 693 817 27
737 749 1211 819 Disserebatur
1227 756 1495 818 contra:
1533 758 1553 788 ‘
1580 753 1957 820 Paucorum
1980 725 2288 839 culpam
2270 759 2437 844 ipsis
2460 761 2701 827 exitio-

460 928 467 933 ,
489 873 632 920 sam
649 875 797 921 esse
815 856 1056 922 debere
1076 878 1092 923 t
1124 858 1284 923 nihil
1310 857 1770 924 universorum
1788 856 1926 943 juri
1943 858 2387 942 derogandum
2405 881 2419 921 ε
2449 864 2701 948 quippe

486 958 619 1025 late
652 958 877 1026 fusum
922 961 994 1028 id
1043 981 1310 1049 corpus.

1400 961 1586 1027 Hinc
1634 962 2021 1046 plerumque
2059 960 2327 1041 ιτιίὶ)ιιε,ιι
2357 963 2705 1046 decurias)

484 1158 773 1221 vindicari3
809 1167 868 1211 ut
895 1159 1173 1212 formidine
1194 1162 1533 1214 cohibeantur
1550 1164 1649 1225 tui,
1669 1179 1820 1241 qnos
1823 1162 2015 1213 eximia
2039 1162 2210 1227 gratia
2232 1179 2334 1213 non
2359 1165 2624 1217 movisset.

557 1226 740 1275 Contra
773 1228 1153 1278 asseverabotur:
1185 1229 1486 1279 Paucorum
1524 1231 1695 1279 scelus
1726 1228 1849 1294 ipsis
1869 1231 2156 1278 solummodo
2188 1230 2533 1294 perniciosum
2582 1245 2696 1282 esse

483 1287 717 1352 debere3
750 1292 877 1342 nibil
907 1293 959 1342 in
983 1308 1253 1343 commune
1282 1294 1392 1358 juri
1415 1294 1813 1345 detrahendum.
1849 1295 2021 1345 Nam
2042 1297 2149 1343 late
2170 1301 2443 1344 extensum
2465 1310 2565 1346 esse
2584 1311 2697 1347 cor-

484 1367 583 1418 pus
600 1355 760 1407 illud.
800 1372 865 1406 ex
886 1373 988 1424 quo
1015 1374 1155 1425 saepe
1179 1360 1363 1426 tribus,
1383 1359 1644 1426 decurias,
1663 1360 1925 1410 ministros
1947 1360 2354 1425 magistratibus,
2377 1367 2433 1411 et
2451 1362 2700 1420 sacerdo&

1413 1505 1472 1525 θ’
1476 1504 1710 1525 ΟΟΝΟΟΟΟ
1715 1504 1739 1524 0
1743 1506 1772 1524 O

498 1607 502 1618 ·
550 1588 582 1634 8
614 1571 746 1636 Mas.
761 1584 911 1638 Harl.
932 1586 1045 1639 Jes.
1066 1589 1455 1640 adsmieminm.
1458 1592 1558 1638 -9
1592 1588 1722 1639 Mss.
1759 1586 1913 1648 Harl.
1936 1588 2091 1639 Bodl.
2115 1588 2228 1641 ales.
2247 1588 2431 1642 Guelf.
2466 1602 2557 1640 non
2579 1607 2703 1641 com-

483 1652 809 1704 amavissent.

1476 1785 1692 1838 No'rAE

483 1898 675 1950 bantur
726 1901 956 1965 patronis
1012 1902 1130 1952 suis.
1182 1901 1378 1956 ,Innuit
1423 1903 1549 1954 Tac.

485 1973 629 2026 Hist.
648 1978 685 2028 l.
706 1990 771 2027 11.
793 1982 875 2030 92.
898 1978 990 2030 ubi
1013 1979 1079 2029 de
1099 1978 1342 2044 Vitellio:
1378 1982 1392 2008 ‘
1418 1980 1549 2031 Gra-

482 2047 593 2104 tum
617 2054 925 2120 primoribus
946 2057 1197 2120 civitatis,
1219 2058 1377 2108 etiam
1398 2058 1550 2122 plebs

482 2129 814 2197 approbavit,
847 2134 981 2199 quod
1032 2134 1255 2185 reversis
1291 2136 1356 2186 ab
1391 2136 1549 2187 exilio

474 2206 602 2271 jura
634 2208 944 2261 libertorum
979 2213 1351 2276 concessissem
1387 2230 1548 2281 quan-

486 2300 640 2350 quam
675 2287 728 2337 id
753 2290 890 2339 omni
924 2291 1076 2341 modo
1101 2292 1310 2344 servilio
1341 2292 1556 2357 ingenia

482 2365 909 2430 corrumpebant,
933 2367 1127 2418 abditis
1172 2369 1408 2432 pecuniis
1453 2383 1551 2433 per

481 2441 716 2493 occultos
772 2449 828 2493 et
883 2443 1187 2495 ambitiosos
1237 2444 1396 2496 sinus.
1478 2447 1552 2497 Et

481 2519 693 2585 quidam
715 2522 766 2571 in
790 2522 996 2573 domurn
1020 2523 1244 2575 Caesaris
1268 2530 1550 2590 transgres-

482 2596 547 2658 si,
568 2603 725 2664 atque
749 2600 872 2665 ipsis
893 2601 1114 2651 dominis
1137 2603 1500 2666 potentiores.’

545 2677 737 2727 Exules
760 2685 816 2728 et
839 2678 1089 2742 damnati,
1109 2679 1246 2743 quod
1271 2680 1362 2745 jus
1386 2679 1548 2732 habu-

479 2765 568 2802 ere
589 2753 643 2802 in
678 2753 915 2818 libertos,
936 2755 1268 2819 amittebant,
1290 2762 1346 2806 et
1381 2757 1434 2806 id
1469 2772 1549 2806 re-

479 2843 732 2895 cuperare
778 2838 1022 2896 poterant
1065 2833 1236 2897 gratia
1276 2833 1547 2899 principis,

454 2922 600 2963 ,cum
652 2908 718 2958 ab
763 2910 919 2960 exilio
964 2918 1368 2961 revocarentur:
1423 2911 1546 2960 bine

477 2974 850 3050 intelligendus
894 2988 1037 3037 locus
1081 2989 1216 3037 alter
1237 2988 1425 3050 Taciti,
1456 2988 1547 3038 ubi

478 3058 631 3125 dicit,
672 3062 891 3114 clientes
934 3070 991 3115 et
1042 3064 1263 3114 libertos
1305 3064 1558 3116 laetitiam?

475 3138 734 3206 habuisse,
755 3156 870 3192 cum
893 3141 1087 3192 domini
1107 3143 1188 3217 sui
1211 3142 1548 3194 restitueren-

477 3223 587 3267 tur.

543 3293 722 3358 Forte,
746 3295 822 3346 sic
843 3297 1074 3346 nonnulli
1112 3284 1289 3347 liberti
1320 3297 1431 3348 laeti
1451 3314 1549 3364 per

478 3369 874 3437 gratitudinem,
890 3373 981 3425 sed
1005 3372 1216 3436 pessimi
1236 3374 1397 3425 etiam
1421 3391 1546 3440 gau·

477 3447 696 3513 debant,
717 3449 840 3514 quia
883 3450 1107 3513 patroni,
1131 3450 1255 3502 licet
1300 3453 1548 3517 restituti,

476 3539 581 3577 nou
601 3527 778 3578 statim
801 3533 975 3579 tamen
987 3530 1074 3594 jus
1098 3530 1149 3579 in
1175 3530 1391 3581 libertos
1408 3531 1546 3582 reci-

476 3604 729 3669 piebant;
779 3606 958 3673 sicque
1000 3606 1122 3658 boni
1166 3608 1303 3658 bona
1330 3606 1552 3658 fortuna·

476 3690 814 3750 patronorum
856 3685 959 3737 frui
1014 3692 1289 3750 poterant;
1328 3694 1387 3738 at
1417 3688 1543 3737 mali

474 3770 665 3827 sponte
698 3769 898 3814 tantum
931 3764 1170 3816 beneficii
1189 3780 1264 3828 ‘se
1288 3780 1542 3815 memores

473 3841 814 3905 praestabant,
833 3858 1022 3907 nempe
1045 3843 1088 3892 si
1110 3845 1322 3893 vellent.

537 3920 634 3970 Jus
671 3926 846 3970 autem
887 3922 939 3970 in
968 3921 1186 3971 libertos
1206 3919 1544 3971 auferebatur

472 3994 731 4048 damnatis
770 4000 1020 4063 patronis,
1055 4015 1172 4050 cum
1203 3998 1327 4063 ipsis
1362 4008 1545 4049 cetera

471 4076 608 4127 bona
624 4077 986 4128 auferrentur:
1022 4085 1079 4128 et
1098 4093 1214 4127 cum
1238 4092 1339 4128 non
1361 4083 1543 4142 posset

473 4154 716 4206 Vitellius
737 4171 866 4222 opes
899 4171 1077 4207 omnes
1098 4155 1226 4220 ipsis
1250 4155 1542 4219 restituere,

471 4231 594 4296 ipsis
616 4238 791 4283 tamen
814 4233 1048 4285 restituit
1077 4233 1219 4300 quod
1240 4233 1432 4300 potuit,
1446 4232 1540 4297 jus

474 4314 813 4375 patronatus.
851 4309 906 4360 in
948 4309 1090 4377 quod
1122 4310 1230 4376 jus,
1250 4310 1413 4362 veluti
1452 4311 1541 4361 de-

1629 1910 1823 1954 sertum
1859 1909 1950 1952 aut
1982 1899 2339 1965 confiscatum,
2379 1900 2699 1951 succedebat

1631 1982 1898 2047 princeps,
1921 1994 2012 2030 seu
2035 1978 2208 2030 fiscus.

1694 2057 2035 2107 Tenebantur
2052 2056 2126 2105 illi
2145 2056 2391 2121 obsequia
2411 2061 2466 2105 et
2490 2054 2702 2105 alimen-

1629 2139 1687 2184 ta
1724 2140 1980 2199 praestare
2023 2134 2272 2198 patronis,
2314 2140 2371 2183 et
2409 2132 2536 2197 ipsis
2571 2145 2702 2197 opes

1632 2227 1749 2263 suas
1766 2214 2080 2277 relinquere,
2094 2211 2136 2260 si
2151 2210 2262 2261 sine
2283 2210 2516 2276 legitimo
2537 2208 2704 2259 haereae

1632 2290 2077 2353 dedecessissent,
2093 2294 2186 2339 aut
2199 2303 2315 2339 cum
2336 2286 2462 2350 ipsis
2485 2285 2699 2350 partiri:

1631 2366 1773 2431 quod
1795 2380 1935 2430 saepe
1964 2365 2137 2416 servili
2159 2364 2368 2430 iugenio
2391 2363 2698 2413 eludebant.

1695 2441 1719 2476 ¹³
1758 2443 1949 2511 {ll-ibus]
1996 2443 2198 2494 Liberti
2237 2442 2473 2492 tulerunt
2518 2437 2703 2490 suffra·-

1632 2521 1773 2585 gium
1790 2521 1844 2571 in
1864 2526 2087 2585 quatuor
2098 2518 2292 2569 urbanis
2309 2517 2570 2579 tribubus,
2583 2530 2701 2581 qum

1627 2596 1819 2649 rusticis
1840 2598 2195 2662 ignobiliores,
2217 2604 2272 2646 et
2304 2595 2359 2645 in
2390 2594 2453 2644 iis
2472 2593 2702 2644 frumen·

1630 2681 1740 2726 tum
1761 2674 2110 2740 accipiebant.

1695 2752 1813 2805 Nec
1848 2768 2029 2803 verum
2066 2759 2165 2815 est,
2189 2757 2250 2802 ut
2272 2754 2504 2814 vertunt,
2525 2747 2702 2799 tribus

1627 2831 1858 2896 integras
1895 2846 1962 2880 ex
1994 2828 2308 2879 manumissis
2330 2825 2492 2879 fuisse
2510 2826 2700 2878 consti-

1627 2914 1789 2971 tutas,
1806 2907 1897 2957 sed
1922 2907 1974 2955 in
1997 2905 2219 2967 urbanas
2241 2905 2409 2955 tribus
2435 2904 2512 2954 illi
2535 2904 2706 2968 conji«

1627 2982 1913 3047 ciebantur,
1929 2997 2055 3048 quas
2091 2996 2185 3032 suo
2226 2995 2441 3032 numero
2465 2981 2700 3047 *supple-

1625 3061 1772 3111 bant.
2697 3067 2702 3075 ·

1692 3138 1708 3172 ¹
1742 3139 1998 3205 Demo-ias]
2026 3139 2254 3190 Judicum
2273 3153 2337 3188 ne
2361 3137 2600 3187 decurias
2625 3135 2704 3185 in-

1628 3218 1838 3282 telligit,
1878 3233 1942 3268 an
1980 3219 2151 3282 potius
2190 3214 2490 3267 scribarum?
2548 3220 2701 3279 puto,

1625 3298 1903 3348 scribarum.
1971 3296 2075 3349 Qui
2118 3295 2247 3345 ordo
2287 3296 2394 3344 late
2431 3289 2575 3341 fusus
2597 3291 2701 3340 Ro-

1626 3390 1743 3440 rnae,
1762 3383 1819 3426 et
1851 3390 1952 3425 non
1986 3374 2305 3424 inhonestus.
2370 3367 2574 3420 Liberti
2609 3380 2708 3419 au-·

1627 3461 1734 3506 tem
1773 3455 2008 3507 ordinem
2042 3466 2159 3502 eum
2197 3450 2370 3515 pretio
2394 3454 2538 3513 certo
2561 3454 2708 3495 eme-⁴

1624 3536 1768 3597 baut,
1785 3533 1864 3583 uti
1885 3547 1914 3582 e
1936 3531 2191 3581 Cicerone
2214 3526 2436 3577 haurias.
2461 3538 2548 3573 111.
2583 3523 2619 3572 1.
2637 3522 2702 3572 in

1624 3615 1845 3663 Verrem
1865 3628 1879 3660 ι
1902 3611 1918 3638 ‘
1933 3608 2019 3659 Ad
2038 3623 2128 3658 eos
2147 3620 2230 3655 me
2249 3603 2447 3655 scribas
2471 3614 2697 3661 revoca:
2751 3640 2754 3643 Α

1625 3688 1733 3738 noli
1753 3689 1843 3737 bos
1865 3685 2130 3750 colligere,
2147 3682 2236 3748 qui
2269 3678 2547 3730 nummulis
2588 3678 2706 3727 eor-i

1626 3764 1820 3831 rogatis
1842 3764 1909 3813 de
1930 3768 2177 3827 nepotum
2196 3758 2352 3810 donis·
2376 3771 2438 3806 ac
2464 3754 2699 3804 scenico·

1626 3858 1741 3892 rum
1763 3841 2068 3903 corollariis,
2099 3853 2217 3888 cum
2252 3834 2521 3888 decuriam
2558 3845 2697 3891 eme-

1627 3927 1768 3986 runt,
1791 3935 1858 3970 ex
1881 3919 2047 3984 primo
2072 3917 2253 3968 ordine
2289 3914 2618 3978 explosorum
2642 3909 2697 3960 in

1622 3998 1903 4049 secundum
1922 3996 2156 4047 ordinem
2173 3991 2401 4044 civitatis
2419 4004 2475 4039 se
2492 3988 2698 4039 venisse

1621 4077 1819 4127 dicunt.
1822 4075 1838 4099 '
1904 4076 1975 4125 Et
2014 4074 2168 4138 paulo
2207 4078 2324 4134 post
2369 4068 2436 4117 de
2475 4065 2660 4117 iisdem
2679 4080 2698 4114 ε

1619 4155 1636 4182 ‘
1654 4151 1964 4205 Mirabimur
1986 4158 2163 4240 turpes
2187 4149 2382 4213 aliquos
2402 4159 2517 4195 esse
2543 4144 2595 4193 in
2631 4156 2696 4193 eo
2771 4178 2776 4181 -

1617 4231 1823 4296 ordine,
1845 4244 1949 4299 quo
1966 4228 2129 4282 cuivis
2159 4226 2334 4294 pretio
2360 4224 2486 4276 licet
2510 4234 2696 4290 perve-

1620 4307 1789 4361 nire·'?
2698 4310 2702 4315 ·
