3063 4952
321 393 334 406 .
392 392 614 463 ‘ms

1102 409 1169 460 o.
1217 401 1588 458 conmuni
1636 400 1919 460 'mom‘
1963 417 1978 444 ›-

2318 412 2424 478 [A.
2438 384 2652 466 Utsooss
2668 419 2698 468 ῑῑ,

428 576 558 642 ope
586 555 862 621 Senecae
893 551 1353 637 dignationem⁸
1382 554 1597 618 Burro
1618 525 2034 619 'retentam.’'.
2075 549 2372 618 Plinius?
2388 558 2462 620 et
2480 550 2696 619 olus.

429 659 638 737 viuS,g
682 658 847 723 nihil
895 657 1270 721 dubitatum
1331 657 1415 720 de
1474 656 1608 720 fide
1656 656 1993 735 Praefecti,
2042 657 2352 721 referunt.

2413 697 2430 712 ψ
2462 656 2692 724 Sane?-

432 762 685 828 Fabius
715 763 992 826 inclinat
1038 762 1123 825 ad
1170 760 1401 825 laudes
1448 760 1744 838 Senecae,
1791 760 1986 844 cujus
2032 762 2333 826 amicitia
2373 755 2668 825 flos-m’tffl'

432 864 587 930 Nos
618 884 1022 929 consensum
1051 870 1395 929 auctorum
1419 865 1650 943 secuti,
1652 871 1684 912 4
1712 883 1863 947 quae
1888 863 2158 928 diversa
2190 861 2693 949 prodiderint;⁵

434 1011 639 1066 Buri-ho
680 1019 1057 1064 conservatam.
1138 1015 1331 1064 Plinius
1366 1020 1414 1064 et
1454 1015 1612 1075 Rufus
1648 1016 1876 1079 scribunt,
1907 1032 2001 1066 non
2036 1022 2296 1095 suspectum
2319 1015 2477 1079 fnisse
2496 991 2669 1079 fldem

437 1081 656 1132 Bam-125.-

705 1085 752 1129 εἰ
773 1084 900 1129 certe
919 1081 1174 1143 propendet
1195 1080 1413 1130 Fabius
1395 1097 1446 1129 in
1465 1082 1906 1131 commendationem
1926 1082 2132 1144 Senecoe,
2153 1098 2283 1143 ciuus
2305 1081 2676 1142 somnior-itote

434 1161 548 1196 usus
570 1150 656 1197 est.
727 1147 827 1195 Nos
845 1145 1139 1194 concordiam
1157 1146 1438 1210 scriptorum
1456 1147 1664 1195 secuturi
1687 1162 1880 1205 ammius,-
1923 1153 1978 1196 at
2000 1163 2103 1212 qua
2122 1149 2362 1197 coeaetraria
2384 1148 2484 1214 ipsi
2503 1146 2664 1236 scrip-

1364 1274 1541 1293 000000

1545 1274 1716 1295 OOOOOO

436 1367 549 1418 vius
571 1366 728 1418 habet
764 1366 1109 1418 stamme-4
1142 1366 1231 1417 Ita
1264 1367 1369 1417 Ms.
1393 1366 1529 1431 Reg.
1556 1366 1717 1418 editio
1741 1369 1990 1434 princeps
2024 1376 2080 1419 et
2117 1369 2457 1420 recentiores.
2524 1368 2682 1420 Mu*

1434 1514 1655 1565 NOTAE

437 1635 568 1687 ciliis
592 1648 796 1700 quoque
825 1629 1220 1695 jucundissimos
1254 1636 1311 1681 et
1345 1630 1504 1680 omni-

438 1728 526 1762 um
548 1712 788 1759 horarum
812 1708 1004 1756 amicos
1029 1705 1325 1769 professus!
1391 1706 1505 1760 Cae-

439 1788 557 1838 cina
587 1788 803 1846 Tuscus,
834 1799 987 1848 quem
1019 1784 1104 1832 hic
1141 1784 1388 1847 nominat,
1423 1794 1505 1834 est

437 1866 528 1916 ine
554 1863 660 1930 qui,
695 1869 876 1926 postea
907 1860 1054 1925 praef.
1078 1862 1314 1925 AEgypti,
1333 1877 1364 1911 a
1398 1864 1504 1912 Ne-

439 1956 568 1992 rone
592 1941 852 2003 relegatus
879 1944 974 1988 est.
1052 1939 1265 1987 Sueton.
1287 1953 1402 2002 cap.
1425 1943 1505 1990 35.

437 2022 454 2049 ⁴
489 2021 711 2070 Tuscum
752 2015 975 2074 nutricis¹
1024 2014 1187 2063 filium
1239 2011 1507 2079 relegavit,

441 2093 662 2165 quod,in
682 2093 1046 2158 procuratione
1063 2090 1292 2155 AEgypti,
1310 2091 1508 2142 balneis

439 2177 494 2225 i'n
534 2173 811 2224 adventum
849 2185 994 2220 suum
1038 2171 1317 2220 exstructis
1358 2171 1520 2220 levis--

547 2249 563 2272 2

443 2257 778 2394 ‘eguperfuit
801 2331 974 2376 tamen
1000 2323 1218 2386 Neroni,
1254 2326 1309 2373 et
1348 2325 1507 2374 norni-

443 2411 536 2455 nat
579 2404 766 2456 iterum
810 2408 988 2451 noster
1030 2401 1234 2452 Histor.
1287 2402 1375 2451 lib.
1418 2416 1504 2452 111.

441 2488 455 2514 ‘
484 2484 643 2549 Apud
710 2484 967 2535 Caecinam
1023 2484 1244 2532 'ruscum
1308 2484 1553 2546 epulari.

440 2562 649 2625 multOS,
691 2561 1011 2626 praecipuum
1056 2561 1249 2610 honore
1297 2561 1507 2612 Junium

443 2637 668 2688 Blaesum
690 2636 994 2687 nuntiatur.'
1058 2637 1267 2700 Lipsius.

484 2713 680 2768 =Vocat
703 2733 818 2767 enm
843 2717 950 2767 Dio
977 2718 1254 2766 Coeinuam:
1292 2704 1526 2777 corrigit*

444 2793 671 2858 Lipsius,
696 2801 752 2844 et
785 2793 967 2843 scribit
1007 2792 1277 2849 Coeeinam3
1327 2792 1417 2840 sed
1459 2793 1510 2840 in

440 2870 732 2920 nominibus
776 2868 1000 2934 propriis
1047 2867 1121 2916 sic
1161 2866 1351 2930 passim
1405 2867 1531 2915 Dio'

441 2953 536 2997 aut
569 2954 708 2998 errat
752 2955 842 2997 aut
880 2945 1132 3009 negligit3
1168 2945 1262 2992 'sic
1286 2944 1511 2993 Plautum

442 3023 663 3073 Πλουτὸν
684 3023 885 3084 scribit,
902 3019 1082 3083 Ξένιον,
1099 3033 1195 3083 pro
1219 3019 1514 3085 Cesennium,

443 3102 652 3152 Paetum
675 3115 875 3163 nempe.

472 3174 537 3243 γέ
586 3176 955 3241 Dignationem]
1024 3173 1373 3237 Dignitatem,
1425 3170 1527 3225 seu'

441 3270 628 3306 munus
674 3253 911 3320 praefecti
954 3252 1381 3315 praetorianarum
1432 3267 1509 3300 co·

443 3334 688 3383 hortium.
748 3331 926 3380 Vertit
948 3330 1208 3391 interpres
1232 3329 1517 3392 Hispanus,

439 3411 655 3474 gratiam
687 3408 936 3473 principis,
971 3405 1109 3470 quod
1146 3404 1260 3454 fere
1296 3405 1346 3454 in
1382 3407 1516 3456 idem

442 3487 657 3538 recidit.

513 3561 537 3594 f
582 3561 795 3624 Plinius]
861 3560 924 3609 In
965 3558 1110 3608 libris
1149 3558 1518 3624 Historiarum,

446 3654 599 3707 quos,
618 3655 649 3688 a
681 3638 784 3687 fine
810 3636 1006 3686 Aufidii
1033 3635 1199 3698 Bassi,
1229 3639 1519 3700 composuit

445 3715 668 3779 triginta
690 3720 744 3763 et
763 3728 940 3762 unum.
990 3712 1110 3775 Ipse
1134 3713 1185 3760 in
1211 3713 1517 3775 praefatione

444 3792 516 3844 nd
539 3792 751 3841 Titum:
805 3789 820 3816 ‘
846 3790 956 3838 Nos
990 3788 1197 3853 quidem
1235 3804 1410 3840 omnes
1434 3806 1519 3855 pa-

443 3879 585 3921 trem
633 3873 687 3915 te
723 3865 1042 3930 fratremque
1099 3866 1322 3915 diximus
1359 3882 1518 3930 opere

432 3948 606 4013 justo,
629 3950 918 4006 temporum
947 3950 1234 3993 nostrorum
1258 3944 1518 3994 historiam

446 4020 557 4074 orsi
583 4034 614 4068 s
635 4016 739 4068 fine
762 4018 956 4068 Aufidii
983 4018 1168 4067 Bassi.'

515 4090 742 4145 Eosdem
792 4095 948 4145 libros
1004 4096 1264 4159 inteiligit,
1315 4088 1517 4145 Histor.

446 4162 584 4230 flat.
617 4185 678 4221 n.
715 4175 796 4221 83.
827 4175 844 4201 ‘
867 4173 981 4223 Nec
1018 4173 1185 4221 minus
1223 4175 1404 4223 mirum
1441 4189 1519 4222 os-

446 4242 655 4300 tentum
679 4254 734 4297 et
755 4255 933 4299 nostra
955 4250 1200 4313 cognovit
1222 4257 1368 4310 aetas,
1386 4264 1521 4300 anno

447 4323 676 4378 Neronis
713 4324 962 4390 principis
994 4338 1259 4389 supremo,
1292 4324 1430 4376 sieut
1466 4325 1521 4375 in

1584 1632 1739 1681 rebus
1763 1632 1875 1697 ejus
1894 1635 2267 1698 exposuimus)
2335 1635 2408 1686 Et
2428 1650 2549 1701 cap.
2576 1640 2665 1686 5³.

1583 1710 1599 1736 ‘
1623 1708 1817 1759 Amnes
1856 1718 1995 1762 retro
2035 1711 2198 1762 fluere
2234 1719 2289 1774 et
2325 1720 2505 1763 nostra
2530 1713 2670 1763 vidit

1586 1791 1733 1848 aetas,
1754 1788 1978 1837 Neronis
2003 1789 2254 1855 principis
2276 1790 2673 1855 supremis,sic-

1587 1871 1646 1912 ut
1669 1864 1721 1912 in
1745 1864 1896 1913 rebus
1920 1866 2032 1929 ejus
2057 1867 2365 1918 retulimus?

1654 1940 1825 1989 Credo
1847 1947 2022 1991 autem
2043 1943 2313 2006 scripsisse
2337 1943 2607 1994 Aufidium
2637 1958 2672 1993 a

1588 2016 1736 2066 bellis
1774 2018 2009 2068 civilibus
2050 2020 2113 2068 ad
2139 2035 2246 2080 ,res
2293 2021 2523 2082 Claudii,
2578 2025 2674 2070 aut

1590 2094 1796 2156 paulum
1821 2087 1976 2145 infin.
2060 2096 2217 2146 Certe
2241 2097 2375 2146 vixit
2398 2113 2460 2146 ea
2484 2087 2675 2159 vetate,

1590 2175 1646 2219 et
1668 2170 1767 2219 viri
1787 2171 1969 2234 optimi
2002 2171 2102 2237 (ita
2125 2173 2399 2236 appellat)
2422 2173 2675 2224 constan-

1589 2247 1709 2296 tiam
1737 2248 1790 2295 in
1818 2250 1960 2297 lenta
1982 2258 2149 2298 morte
2173 2250 2375 2300 Seneca
2398 2250 2679 2313 describit,

1590 2323 1759 2388 Epist.
1783 2328 1860 2373 30.
1941 2327 2189 2376 Citantur
2224 2327 2345 2376 bina
2380 2329 2496 2392 ejus
2529 2326 2676 2392 frag-

1591 2403 1832 2450 mentam
1855 2402 2099 2451 Suus-oria
2117 2418 2208 2466 pro
2227 2404 2502 2454 Cicerone.
2535 2404 2680 2468 LipS.

1657 2487 1684 2522 8
1718 2480 1936 2543 Cluvius]
2006 2482 2125 2530 Non
2152 2483 2355 2532 Clivius.
2424 2484 2524 2532 Est
2558 2485 2677 2532 Clu-

1592 2556 1699 2605 vius
1735 2556 1821 2606 ine
1877 2558 2063 2620 Rufus,
2112 2559 2193 2608 vir
2230 2560 2539 2621 consularis,
2585 2559 2680 2623 qui

1591 2633 1745 2696 hujus
1783 2633 2148 2700 inferiorisque
2189 2635 2361 2684 aetatis
2401 2636 2682 2685 historiam

1592 2713 1817 2776 scripsit.
1899 2716 2037 2764 Ptin.
2063 2715 2230 2778 Epist.
2267 2715 2360 2764 lib.
2386 2724 2512 2763 v‘ur.
2548 2717 2565 2743 ‘
2589 2714 2680 2763 Ita

1593 2803 1766 2837 secum
1807 2791 2079 2855 aliquando
2120 2792 2360 2841 Cluvium
2403 2788 2687 2840 locutum?

1592 2868 1724 2929 Scis,
1745 2869 1967 2931 Virgini,
1989 2886 2104 2935 quae
2145 2872 2382 2921 historiae‘
2414 2871 2548 2921 fides
2591 2872 2690 2921 de-'

1594 2943 1812 2994 beatur:
1865 2944 2085 3010 proinde
2122 2949 2162 2996 si
2207 2949 2332 3013 quid
2358 2950 2408 2998 in
2445 2950 2687 3000 historiis

1598 3019 1724 3068 meis
1745 3020 1872 3085 legis
1898 3024 2047 3074 aliter
2072 3040 2134 3074 ac
2160 3027 2338 3089 velies,
2360 3041 2485 3091 rogo
2508 3027 2687 3092 ignos-

1598 3094 1722 3144 cas?
2685 3106 2693 3127 ²

1619 3202 1624 3205 -
1667 3172 1883 3238 Cluvius]
1940 3166 2044 3226 Hic
2068 3185 2149 3227 est
2171 3180 2383 3228 Cluvius
2407 3178 2595 3243 Rufus,
2616 3181 2694 3232 de·

1599 3264 1702 3314 quo
1740 3250 1843 3300 Dio
1898 3254 1987 3302 lib.
2027 3268 2136 3315 Lx„
2187 3257 2274 3304 ubi
2316 3258 2383 3307 de
2428 3258 2646 3310 Nerone
2672 3256 2694 3310 ἑ

1596 3334 1611 3357 ‘
1636 3330 1872 3380 Certavit
1897 3333 1947 3381 i'n
1969 3334 2205 3390 omnibus
2231 3335 2464 3400 urbibuS,
2487 3339 2542 3387 in
2568 3339 2693 3404 qui·

1597 3408 1694 3457 bus
1731 3407 1928 3459 fiebant
1967 3412 2273 3473 certamina,
2334 3414 2514 3478 ibique
2556 3432 2691 3481 quo-

1597 3483 1915 3549 tiescumque'
1952 3488 2215 3549 praeconio
2245 3505 2375 3554 opus
2398 3489 2524 3556 fnit,
2561 3494 2695 3543 Ciu-

1598 3558 1684 3608 vio
1713 3559 1845 3609 Rufo
1865 3576 1988 3611 usus
2010 3562 2124 3612 est?

1663 3634 1750 3683 Sic
1773 3643 1824 3684 et
1850 3624 2063 3689 Sueton.
2083 3645 2168 3690 21.
2186 3641 2203 3668 ‘
2229 3642 2411 3706 thue
2439 3644 2700 3696 constitit

1599 3718 1814 3776 peracto
1853 3714 2129 3779 principio,
2163 3718 2373 3769 Nioben
2413 3734 2470 3769 se
2510 3730 2702 3772 canta·

1603 3795 1792 3851 turum,
1830 3794 1922 3852 per
1963 3792 2204 3842 Cluvium
2233 3795 2426 3845 Rufum
2450 3801 2702 3848 consuia-

1604 3878 1715 3912 rem
1741 3867 2130 3927 pronuntiavit!
2199 3872 2304 3920 Hic
2328 3882 2515 3936 postea
2555 3890 2700 3939 pree-

1601 3942 1803 4004 positus
1846 3943 2136 4008 Hispaniae‚
2167 3956 2222 3997 ct
2264 3964 2507 4000 reversus
2548 3952 2705 4004 bello

1601 4016 1741 4065 civili
1778 4026 1897 4081 post
1935 4021 2223 4087 Neronem,
2260 4042 2374 4076 eam
2419 4029 2564 4081 rexit
2607 4032 2707 4083 ab*-

1602 4106 1721 4141 sens
1742 4094 1837 4143 sub
1857 4096 2090 4150 Vitellio.
2477 4128 2480 4133 ·

1668 4157 1693 4200 Β
1727 4169 1941 4235 thit]
2007 4175 2220 4227 Potuit
2228 4179 2424 4230 Fabius
2462 4187 2714 4251 protegi,

1603 4251 1698 4296 aut
1739 4248 1899 4297 etiam
1939 4229 2152 4313 provebi
2174 4259 2494 4318 auctoritate
2528 4269 2589 4351 et
2631 4262 2716 4315 f·-

1603 4337 1732 4375 vore
1754 4324 1986 4381 Senecae.
