3063 4952
451 396 633 492 15⁰2,-

1154 408 1230 456 ·O.
1256 403 1640 484 '‘CORNELH,
1686 400 1954 484 TAGJ'UY

2337 403 2430 470 [Α.
2452 404 2526 474 u.
2543 408 2672 478 sio.

1454 641 1668 693 NOTAE

451 781 669 849 prolatae
714 776 988 830 sententiae
1042 781 1281 841 patrum3
1337 774 1511 839 itaque

448 874 621 926 neque
658 864 865 923 patrum
910 869 1191 905 consensus
1214 851 1336 902 satis
1357 851 1513 900 'inno-

450 937 705 994 tesccbat.

452 1015 463 1022 ’
516 1014 647 1065 Atl.
674 1026 791 1063 x1v.
814 1010 903 1061 ubi
934 1011 999 1074 de
1024 989 1259 1058 Antistio
1278 1007 1514 1071 majesta·

450 1092 519 1143 tis
542 1096 804 1151 accusatO,
838 1102 943 1137 rem
972 1086 1259 1136 retulerant
1279 1083 1515 1134 consules

450 1168 587 1232 apud
604 1165 984 1228 senatum‚jam
1004 1162 1294 1228 protulerat
1316 1166 1518 1209 senten-

449 1247 579 1295 tiam
603 1243 855 1295 Marullus
887 1242 1062 1292 consul
1086 1239 1406 1303 designatus,
1429 1236 1516 1286 cui

449 1322 601 1372 ‘multi
624 1329 795 1386 patres
827 1325 1169 1377 assenserant,
1202 1316 1380 1381 sicque
1403 1329 1516 1363 sen-

450 1398 642 1447 tentias
687 1411 808 1447 suas
880 1399 1234 1460 promserunt3
1290 1397 1346 1440 at
1401 1404 1523 1462 cum,

448 1474 698 1524 Thraseae
747 1471 1084 1533 dissensisset,
1133 1477 1242 1521 tum
1295 1465 1519 1532 maxima

440 1564 572 1641 *pars
595 1556 800 1615 patrum
819 1548 1013 1613 pedibus
1034 1548 1086 1596 in
1106 1544 1400 1595 ‘sentmttioem
1421 1543 1520 1604 eius

449 1627 584 1684 iere,·
606 1627 767 1690 igitur
792 1631 898 1674 tum
923 1625 1140 1688 prolatae
1166 1626 1285 1669 sunt
1300 1625 1519 1669 senten-

452 1704 559 1766 tiae,
581 1703 722 1753 facta
753 1702 938 1751 relatio
975 1716 1005 1748 a
1027 1697 1355 1758 consulibns;
1393 1701 1519 1745 atta·

450 1791 557 1829 men
575 1780 784 1828 consules
810 1777 1038 1842 perficere
1067 1778 1256 1825 senatus
1276 1762 1518 1823 decretum

452 1857 680 1905 nonensi.

518 1933 594 1983 At
616 1938 793 1982 nostro
831 1932 928 1981 hoc
965 1932 1084 1982 loco
1124 1931 1159 1978 l.
1187 1942 1313 1979 xm.
1347 1941 1515 1992 neque

455 2010 761 2059 relationem
798 2008 1101 2071 inceperant
1141 2006 1400 2069 consules),
1432 2020 1518 2054 nc-

454 2101 555 2151 que
618 2091 796 2149 patres
862 2088 1202 2145 censuerant3
1260 2081 1515 2147 quomodo

453 2162 616 2226 igitur
638 2161 869 2212 scribere
897 2166 1178 2225 potuerunt
1213 2172 1519 2209 consensum

452 2237 694 2292 Senatus?

523 2318 766 2367 Habetur
820 2322 874 2368 et
914 2317 1083 2377 simile
1117 2314 1242 2381 quid
1302 2328 1392 2365 xv.
1436 2316 1519 2363 22.

454 2387 543 2462 ubi
587 2393 745 2442 etiam
784 2401 968 2444 censet
1010 2394 1261 2455 Thrasea,
1304 2406 1523 2455 procon-

455 2469 588 2519 sules
611 2485 714 2519 non
746 2470 939 2521 debere
975 2469 1231 2521 demereri
1252 2469 1440 2532 socios,
1462 2474 1522 2520 ut

454 2546 577 2613 ipsis
603 2548 782 2611 gratiae
805 2554 1026 2612 agantur
1047 2549 1100 2597 in
1120 2547 1241 2607 fine,
1264 2562 1381 2596 cnm
1404 2561 1521 2611 pro-

455 2624 628 2683 vincia
641 2625 923 2675 decedunt.
987 2625 1074 2675 Sic
1087 2625 1255 2673 Taciti
1276 2624 1364 2673 illo
1388 2624 1524 2687 loco,

456 2707 731 2766 postquam
764 2701 1074 2751 sententiam
1119 2715 1264 2750 suam
1306 2700 1525 2764 protulit

456 2779 701 2840 Thrasea,
748 2779 763 2807 ‘
789 2794 976 2843 magno
1010 2793 1218 2828 assensu
1262 2776 1526 2827 celebrata

456 2855 753 2918 sententia,'
809 2844 1048 2904 Thraseae
1089 2868 1309 2918 nempe:
1365 2856 1381 2882 ‘
1400 2867 1524 2903 ⁷non

457 2935 631 3000 tamen
672 2934 1173 2982 senatusconsultum
1219 2930 1400 2995 perfici
1433 2946 1525 2996 po-

459 3009 579 3072 tnit,
599 3009 944 3060 abnuentibus
968 3009 1264 3079 consulibus
1291 3023 1350 3058 ea
1375 3008 1441 3058 dc
1463 3023 1522 3058 re

461 3084 720 3135 relatum.'

527 3161 698 3225 Igitur
718 3162 805 3212 hic
826 3160 954 3212 ordo
975 3162 1095 3223 fuit,
1141 3177 1259 3213 cnm
1282 3162 1348 3212 tle
1382 3177 1525 3213 sena-

462 3240 783 3309 tusconsulto
803 3238 1121 3304 perficiendo
1139 3248 1406 3304 ageretur:
1423 3241 1534 3304 pri--

461 3330 545 3365 mo
569 3330 676 3366 rem
702 3317 1028 3387 proponebat
1049 3323 1139 3366 aut
1161 3319 1339 3366 consul
1365 3318 1529 3382 desig-

461 3398 629 3456 natus,
661 3397 752 3442 aut
789 3408 920 3442 unus
962 3409 992 3443 e
1032 3395 1285 3458 patribnS,
1309 3395 1453 3445 etde
1472 3411 1528 3446 rc

461 3468 731 3532 proposita
771 3469 1019 3518 censebat
1050 3470 1184 3537 ipse,
1207 3471 1530 3535 proferebat-

464 3559 566 3615 qne
586 3545 915 3608 sententiam,
935 3552 989 3594 et
1014 3549 1327 3610 argumentis
1359 3537 1531 3599 firmass

462 3619 557 3689 bat
583 3636 598 3679 ;
620 3619 672 3667 id
694 3634 722 3668 e
746 3621 956 3684 Repubf
970 3635 1082 3671 esse
1103 3639 1117 3683 3
1153 3624 1271 3673 dein
1295 3627 1530 3675 consules

458 3710 576 3744 rem
601 3695 742 3758 apud
762 3704 993 3747 senatum
1028 3698 1346 3760 referebant,
1377 3702 1418 3751 si
1453 3703 1533 3766 ip-

464 3770 535 3820 sis
561 3768 843 3830 videretur,
866 3780 920 3822 et
934 3774 1184 3824 relatione
1205 3775 1362 3839 facta,
1386 3792 1533 3839 roga-

462 3846 592 3898 bant
605 3849 908 3911 sententias,
929 3851 1244 3916 prolatisque
1264 3853 1535 3904 sententiis

464 3928 693 3991 patrum,
714 3925 877 3975 fiebat
894 3930 1416 3981 senatusconsultum.

533 3999 618 4050 Sic
642 4008 697 4050 et
723 4002 822 4051 hoc
859 4005 971 4052 loeo
1010 4009 1258 4067 nostro,‘
1280 4007 1490 4056 actum
1478 4024 1529 4056 ιιι

468 4061 653 4141 senatu
689 4092 721 4125 a
727 4078 1058 4142 ‘quibusdam
1082 4092 1284 4144 patrum
1311 4082 1377 4131 de
1394 4082 1533 4132 frau‘-

467 4151 620 4202 dibus
661 4152 984 4220 libertorum,
1009 4156 1447 4223 efflagitatumque
1470 4167 1530 4209 ut

469 4226 720 4291 adversus
737 4232 872 4280 male
895 4233 1106 4283 meritos
1136 4234 1440 4284 revocandae
1474 4232 1534 4285 li-

469 4302 690 4361 bertatis
720 4306 843 4371 jus
865 4311 1099 4374 patronis
1152 4311 1399 4375 daretur!
1466 4310 1534 4363 Id

1591 774 1933 838 proposuerat
1985 767 2038 818 in
2084 770 2269 818 senatu
2322 766 2465 817 haud
2498 765 2662 818 dubie

1590 864 1722 900 unus
1740 863 1768 898 c
1788 848 2040 913 patribus.
2104 847 2177 895 Et
2189 847 2499 896 sententiam
2516 860 2662 897 suam

1593 913 1659 975 de
1683 940 1739 974 re
1763 924 2072 988 protulerat,
2091 922 2485 987 rationibusque
2503 929 2559 974 et
2580 937 2664 973 ar·

1594 1001 1849 1067 gumentis
1871 993 2136 1060 firmarat,
2179 999 2231 1047 in
2270 1008 2388 1049 eum
2409 994 2526 1049 fere
2546 1012 2665 1049 sen·

1596 1093 1743 1141 sum3
1775 1077 1996 1128 coalitam
2031 1076 2248 1138 libertate
2288 1075 2673 1152 irreverentiam

1592 1160 1675 1221 &a

1662 1235 1734 1286 Et
1773 1248 1830 1283 re
1870 1233 2158 1298 proposita,
2191 1232 2433 1298 dietaque
2455 1238 2674 1283 senten-v

1598 1311 1689 1374 tia,
1745 1325 1849 1360 non
1920 1311 2153 1369 deerant,
2222 1310 2308 1375 qui
2367 1315 2668 1376 censerent,

1598 1403 1787 1453 nempe
1834 1388 1921 1437 alii
1962 1393 2158 1454 patres,
2190 1387 2282 1438 sed
2305 1386 2459 1451 pauci
2481 1386 2668 1437 adver·

1598 1481 1685 1516 sus
1723 1466 1957 1518 libertos.
2022 1466 2182 1515 Forte
2224 1470 2281 1516 et
2314 1463 2403 1514 alii
2426 1478 2491 1513 ea
2512 1462 2580 1532 de
2606 1475 2667 1516 re

1600 1542 1914 1593 sententiam
1938 1541 2199 1605 dicebant,
2218 1547 2309 1592 aut
2321 1541 2497 1591 dicere
2510 1527 2688 1605 para-⁹,

1598 1620 1746 1682 bant,
1788 1620 1841 1669 in
1878 1620 2181 1669 alterutram
2203 1623 2427 1683 partem,
2452 1617 2496 1666 si
2521 1609 2669 1666 retu·

1597 1697 1778 1747 iissent
1823 1696 2092 1758 consules3
2135 1696 2228 1745 sed
2251 1696 2347 1744 'illi
2386 1694 2668 1744 relationem

1594 1774 1804 1838 incipere
1823 1790 1915 1823 non
1938 1773 2040 1823 ausi
2062 1778 2200 1822 sunt.
2270 1768 2554 1825 Quomodo
2569 1761 2669 1836 igi⁴

1599 1858 1684 1901 tur
1706 1850 2057 1915 perscripsere
2076 1863 2347 1899 consensum
2380 1853 2587 1911 senatus,
2623 1847 2674 1914 si

1595 1941 1767 1992 neque
1790 1927 1956 1976 relata
1991 1939 2073 1974 res
2095 1940 2124 1975 a
2147 1924 2459 1988 consulibus,
2495 1939 2676 1997 neque

1598 2013 1801 2070 patrum
1816 2003 1972 2054 dictae
1990 2003 2264 2054 sententiae
2288 2005 2312 2052 ?
2343 2004 2501 2068 Puto,
2523 2009 2668 2068 post-

1598 2100 1748 2150 quam
1790 2098 1853 2133 ea
1895 2097 1978 2133 res
2018 2082 2286 2147 proposita
2319 2080 2437 2143 fuit,
2463 2081 2676 2145 agitata

1600 2168 1680 2212 est
1722 2161 1774 2210 in
1819 2166 2004 2209 senatu
2041 2153 2225 2209 studiis
2247 2158 2669 2221 diversus,1taut

1592 2240 1706 2304 jam
1750 2237 1874 2287 satis
1914 2242 2215 2302 appareret,
2268 2235 2390 2302 qnid
2447 2224 2681 2286 sentiret

1600 2316 1823 2367 maxima
1864 2330 1987 2379 pars
2029 2321 2254 2364 senatus.
2317 2314 2508 2379 Sicque
2549 2307 2674 2364 eon-¹

1602 2394 1759 2455 sulca,
1782 2392 1908 2441 licet
1936 2405 2045 2440 rem
2067 2404 2171 2441 non
2193 2388 2470 2453 referrent,
2491 2396 2669 2440 tamen

1602 2471 1916 2536 colligerunt
1953 2471 2116 2520 veluti
2159 2468 2407 2535 suffragia
2441 2476 2670 2535 patrum,

1604 2562 1659 2600 et
1674 2550 1929 2613 scripsere
1948 2547 2169 2612 principi
2184 2560 2487 2597 consensum
2504 2546 2671 2608 illum,

1606 2634 1660 2676 ct
1680 2634 1743 2675 ut
1763 2626 1818 2674 in
1839 2641 1896 2675 re
1932 2625 2064 2674 tanti
2087 2623 2351 2689 momenti,
2392 2623 2483 2673 ille
2504 2622 2674 2672 auctor

1604 2692 1956 2752 constitutionis
1966 2700 2131 2766 fieret.

1609 2796 1614 2801 ·
1670 2782 1742 2829 Et
1785 2780 1861 2829 ibi
1902 2779 2109 2829 Tacitus
2144 2777 2309 2847 refert
2344 2793 2524 2843 magis,
2545 2776 2678 2846 quid

1604 2857 1862 2907 sentirent
1886 2862 2081 2920 patres,
2113 2871 2284 2922 quam,
2326 2856 2448 2922 quid
2494 2869 2672 2906 cense-

1605 2939 1724 2983 rent
1745 2949 1758 2982 ι
1794 2947 1894 2982 non
1919 2934 2055 2982 enim
2080 2947 2282 2996 revera,
2300 2936 2418 2983 tum'
2433 2936 2557 2982 vere
2581 2936 2676 2983 aut

1605 3010 1814 3075 proprie
1832 3017 2158 3060 censuerunt.
2191 3010 2256 3059 In
2281 3010 2373 3059 tali
2398 3009 2674 3066 occasione

1606 3086 1813 3152 quidam
1850 3087 1977 3137 ordo
2020 3093 2077 3137 et
2115 3087 2280 3136 veluti
2320 3076 2452 3136 certi
2485 3085 2676 3150 gradus

1606 3171 1773 3215 erant.
1842 3164 1980 3213 Nam
2013 3164 2098 3213 vel
2134 3163 2287 3228 plane
2332 3148 2683 3226 respuebatur

1607 3230 1710 3304 res,
1746 3241 1813 3289 ob
1853 3247 2118 3291 auctorem
2163 3240 2458 3302 sentcntiae,
2492 3238 2577 3289 vel
2607 3237 2684 3307 obt·

1609 3333 1719 3368 rem
1742 3318 1922 3381 ipsam,
1937 3323 1997 3367 ut
2015 3317 2239 3369 Caecinae
2257 3317 2480 3381 contigit
2499 3330 2676 3383 supra.

1610 3395 1712 3444 Vel
1737 3409 1844 3443 rem
1885 3395 1950 3443 ad
1991 3393 2284 3458 principem
2317 3393 2709 3456 remittebant„

1611 3478 1672 3527 ut
1712 3469 1851 3534 apud
1895 3471 2026 3519 Tac.
2070 3483 2158 3519 ιιι.
2194 3474 2275 3519 52.
2309 3469 2399 3518 ubi
2427 3469 2681 3532 a'gcbatur

1612 3548 1678 3596 de
1700 3547 1825 3595 luxu
1845 3563 1861 3609 ;
1884 3547 1966 3596 vel
1987 3540 2093 3596 reni
2114 3547 2384 3610 agitabant
2402 3547 2454 3595 in
2475 3553 2680 3610 senatu,

1612 3630 1669 3673 et
1691 3630 1864 3673 tamen
1888 3624 2197 3673 relationem
2221 3637 2321 3672 non
2342 3623 2684 3687 incipiebant,

1613 3706 1671 3763 et
1713 3707 1887 3749 tamen
1941 3700 2330 3750 inclinationem
2366 3705 2422 3748 et
2466 3704 2683 3749 consen4

1616 3792 1729 3841 suni
1764 3783 1969 3826 senatus
2012 3776 2312 3826 scribebant
2345 3776 2589 3842 principi,
2622 3780 2702 3827 ιιι.

1613 3853 1850 3902 hocloco
1874 3866 2004 3909 xm
2024 3856 2108 3902 26.
2167 3849 2172 3854 ’

1676 3924 1775 3979 vel
1797 3930 2101 3978 relationem
2135 3927 2395 3979 faciebant
2429 3929 2686 3998 consules,

1612 4013 1670 4056 et
1710 4007 1963 4055 relatione
1996 4005 2155 4070 facta,
2193 4007 2453 4072 dictisque
2472 3994 2690 4056 senten-²

1614 4083 1717 4147 tiis,
1741 4085 2240 4133 senatusconsultum
2249 4079 2690 4141 wnondnm'facere

1610 4156 1909 4221 audebant3
1945 4161 2253 4213 scribebant
2276 4168 2450 4212 tamen
2474 4175 2688 4211 consen·

1615 4252 1727 4286 sum
1750 4237 1892 4286 illum
1915 4245 2125 4287 senatus
2149 4232 2380 4301 Caesari,
2386 4245 2446 4288 ut
2470 4237 2688 4305 contigit

1617 4317 1848 4367 x1v.49.
1883 4313 1974 4364 ubi
2002 4314 2069 4365 de
2091 4313 2344 4382 Antistio,
2366 4314 2455 4366 ubi
2476 4328 2534 4383 re
2554 4315 2692 4366 rela'·
