3063 4952
520 400 719 469 leluz

1222 421 1288 469 G.
1334 416 1696 470 com-nul
1743 415 2021 473 TAOE'Hf

2398 431 2497 496 [A.
2514 426 2584 484 U.
2605 428 2715 485 siv.

522 570 726 642 lffiusr
776 578 996 662 plebis
1043 582 1428 665 anteposuit·
1480 582 1661 666 apud
1723 582 2038 649 circum-:¹
2093 600 2389 671 namque*
2433 589 2522 654 ad
2577 565 2716 656 ea'm
2734 569 2743 625 ’-

526 680 703 746 diem
732 682 1069 749 indiscreti
1097 686 1401 765 inibant‚²
1418 694 1438 721 ⁸
1460 688 1620 772 quia
1646 688 1756 764 lex
1786 687 2062 752 Roscia¹
2090 690 2274 788 nihil,
2292 692 2424 756 nisi
2454 693 2539 758 de
2567 716 2725 779 qua·-

515 878 607 925 pus
625 865 898 917 indistincte
919 873 968 917 et
985 869 1244 931 matiscus
1261 869 1527 935 intrabant,
1560 872 1675 935 quia
1696 873 1774 921 lex
1809 873 1984 922 Roscia
2005 873 2129 923 nihil
2144 874 2290 939 cavit,
2307 875 2405 925 nisi
2424 877 2485 925 de
2510 881 2725 940 quatuor-

1442 1006 1618 1032 “Oete

1624 1008 1799 1032 ““““

553 1086 558 1089 ’
586 1109 613 1155 1
651 1105 781 1156 Mss.
816 1105 964 1160 Harl.
985 1109 1095 1163 Jes.
1115 1111 1414 1164 sedebam-2
1445 1112 1533 1163 Sic
1560 1106 1688 1165 Mss.
1713 1114 1869 1165 Corb.
1893 1117 2067 1168 Guelf.
2092 1119 2369 1170 Rhenanus
2392 1127 2450 1170 et
2473 1120 2729 1171 recentio-

1513 1278 1732 1354 1501*AE

516 1379 696 1432 navit?
760 1384 1067 1450 Latinitate,
1093 1388 1145 1438 id
1168 1398 1267 1453 est,
1294 1392 1416 1456 jure
1439 1394 1578 1445 tatii

516 1458 724 1509 vetata.
789 1461 920 1511 Inde
963 1466 1101 1529 apud
1140 1467 1370 1518 Plinium
1412 1471 1444 1520 l.
1488 1484 1576 1520 m.

515 1535 727 1600 legitur,
778 1541 1013 1604 quae‘dam
1059 1545 1253 1607 oppida
1289 1544 1451 1596 fuisse
1492 1548 1577 1597 ci·

515 1613 657 1663 vium
683 1616 852 1667 Rom.
906 1620 923 1648 ⁴
947 1620 1050 1668 alia
1100 1621 1399 1673 Latinorum
1438 1630 1579 1674 vete-

517 1693 665 1740 mm?

582 1769 693 1820 Cic.
718 1771 782 1821 ad
808 1771 920 1823 Att.
944 1776 980 1826 l.
1000 1789 1116 1827 m.
1158 1781 1173 1807 ‘
1195 1780 1366 1830 Multa
1385 1780 1578 1831 Siculis

517 1843 901 1913 Caesar,neque
925 1867 1008 1901 me
1029 1853 1214 1919 invito,
1236 1865 1292 1906 et
1316 1859 1358 1906 si
1383 1857 1578 1908 Latini-

515 1926 599 1971 ta's
633 1930 766 1986 erat,
801 1941 905 1975 nou
926 1926 1157 1982 ferenda.
1161 1936 1176 1958 ’
1237 1934 1434 1984 Latiam
1454 1950 1578 2000 quo-

516 2004 619 2062 que
638 2001 755 2050 dare
786 2002 922 2053 dixit
942 2006 1287 2070 Spartianus
1272 2026 1325 2060 ιιι
1351 2012 1579 2063 Hadria·

513 2087 600 2125 no.
663 2078 782 2128 Tac.
822 2080 959 2132 Hist.
995 2094 1082 2133 m.
1115 2086 1369 2138 ‘Foedera
1402 2091 1582 2156 sociis,

514 2151 715 2203 Latium
739 2158 968 2207 externis
989 2160 1252 2226 dilargiri.
1284 2164 1523 2229 lampenas.

578 2231 675 2280 Jus
710 2233 869 2298 Latii]

513 2311 628 2358 διδ.
651 2315 710 2360 ut
729 2325 884 2376 supra
908 2328 955 2363 c.
977 2319 1061 2366 22.
1099 2316 1342 2371 Tiuemon.

578 2385 739 2452 Latii]
768 2389 884 2440 nb.
910 2403 987 2443 x'1.
1007 2408 1055 2442 c.
1079 2399 1162 2445 23.
1198 2397 1348 2448 Idem.

517 2501 518 2504 η
576 2469 602 2505 ¹1
635 2464 867 2529 Equitum
916 2470 1230 2523 Romanunm
1274 2478 1415 2541 locos]
1492 2478 1580 2527 Ita

511 2553 623 2589 mos
653 2541 706 2590 in
735 2544 891 2595 Circo
931 2548 1149 2599 sedendi
1185 2550 1315 2614 fuit3
1349 2553 1489 2619 (nam
1512 2554 1580 2605 de

512 2617 717 2667 theatro
740 2620 869 2670 alius
895 2623 1016 2673 mihi
1035 2625 1179 2676 locus
1190 2625 1232 2691 ;)
1264 2628 1329 2677 ad
1355 2628 1580 2695 Augusti

512 2699 679 2743 aevum
698 2700 1064 2759 spectaculum
1073 2700 1126 2751 id
1148 2710 1375 2769 senatus,
1398 2719 1577 2772 eques,

511 2770 691 2834 plebes
715 2761 913 2825 inibant
932 2777 1219 2830 indiscreti.

464 2837 487 2851 ⁹
577 2846 714 2897 Nam
736 2850 930 2903 Roscia
961 2856 1048 2904 lex
1080 2862 1137 2906 et
1167 2856 1311 2909 Julia
1330 2845 1579 2909 'l'heatra-

510 2922 595 2983 lis,
618 2924 684 2973 de
704 2941 859 2978 scena
878 2936 1079 2981 tantum
1101 2942 1367 2999 caverant,
1387 2950 1486 2985 non
1511 2935 1591 2985 de·

513 2998 789 3050 curulibus
828 3004 982 3056 ludis.
1048 3008 1152 3061 Qui
1175 3011 1417 3074 quoniam
1442 3012 1574 3061 anti·

512 3074 762 3141 quissimss
801 3081 1051 3145 religione
1086 3086 1332 3150 quadam,
1367 3103 1575 3156 censeo,

512 3157 571 3203 et
585 3153 736 3204 simul
760 3165 860 3207 non
896 3160 1184 3214 alienandae
1206 3165 1368 3229 plebi,
1399 3181 1572 3218 serva-

511 3237 595 3282 tus
616 3232 669 3283 in
690 3233 753 3285 iis
769 3251 877 3288 mos
899 3240 1120 3305 priscus.

531 3309 820 3363 Cornelio
842 3316 1014 3366 Cinna
1027 3318 1253 3382 demum,
1282 3327 1338 3372 et
1360 3321 1593 3373 Valerio·

514 3384 758 3439 Messalla
780 3391 924 3442 Coss.
948 3408 1082 3444 anno
1106 3397 1250 3446 urbis
1269 3402 1384 3449 758.
1415 3397 1591 3450 mutu·x

513 3462 895 3530 vitAugustus.
963 3470 1070 3521 Dio
1105 3472 1140 3523 l.
1163 3487 1249 3524 nv.
1271 3475 1379 3525 ‘Et
1401 3485 1582 3527 cursus

512 3549 761 3603 equorum
802 3547 1015 3596 seorsim
1054 3549 1262 3614 quidem
1295 3560 1583 3624 senatores,

512 3619 572 3665 et
620 3620 831 3669 seorsim
886 3617 1087 3688 equites
1130 3642 1161 3676 a
1199 3635 1381 3679 cetera
1425 3632 1584 3696 plebe

512 3701 771 3759 spectant,
795 3700 933 3762 quod
950 3708 1006 3750 et
1028 3703 1181 3753 hodie
1203 3703 1300 3754 fit:

574 3768 661 3820 Ita
686 3779 743 3821 nt
765 3774 947 3825 saltem
961 3778 1180 3840 juberet
1202 3782 1410 3831 seorsim
1430 3799 1577 3849 spec-

509 3853 623 3897 tare
648 3856 902 3916 senatum,
934 3856 1147 3906 seorsim
1180 3860 1435 3924 equitem:
1471 3877 1574 3912 nou

509 3928 684 3977 tamen
719 3930 835 3982 loca
858 3934 960 3983 illis
981 3941 1130 3985 certa
1164 3938 1448 4003 assignaret
1470 3947 1574 3992 sta-

508 4005 685 4069 taque.

437 4138 452 4144 ³
574 4082 761 4150 Itaque
797 4086 851 4135 in
888 4088 993 4137 alia
1024 4095 1183 4155 atque
1218 4093 1320 4143 alia
1362 4094 1583 4159 regione

507 4158 650 4220 Circi
671 4164 1002 4230 spectabant,
1032 4165 1308 4233 (sedilibus
1326 4170 1577 4223 videlieet

504 4233 588 4286 his
603 4243 693 4285 aut
714 4237 811 4288 illis
835 4255 866 4289 a
888 4241 1061 4304 plebe
1068 4245 1340 4309 occupatis
1344 4244 1384 4312 ,)
1405 4247 1579 4298 donec

507 4307 747 4366 tollendae
798 4313 1110 4387 confusioni,
1158 4319 1405 4375 Claudius
1447 4324 1588 4392 imp.

938 2235 1089 2288 Anno
1129 2241 1310 2292 Romae
1352 2242 1579 2294 conditae
1598 2242 1601 2243 ⁷

1660 1397 1862 1446 senatui
1895 1398 2139 1449 attribuit·
2179 1406 2377 1449 certam
2412 1408 2735 1448 mansuram·

1659 1484 1760 1539 que
1780 1475 1970 1527 sedem.
2037 1477 2311 1527 Suetonius
2335 1492 2380 1526 c.
2402 1481 2486 1526 21.
2531 1476 2548 1503 ‘
2575 1473 2747 1524 Circo·

1659 1553 1882 1602 maximo
1915 1555 2218 1604 marmoreis
2257 1553 2553 1604 carceribus
2579 1563 2723 1600 aura-

1660 1629 1829 1694 tisque
1847 1632 2002 1679 metis
2037 1633 2264 1694 exculto,
2291 1630 2508 1695 propria
2524 1634 2745 1678 senato&

1659 1706 1799 1756 ribus
1822 1709 2097 1758 constitui}
2119 1709 2253 1772 loca,
2268 1707 2562 1772 promiscue
2585 1718 2728 1768 spec-

1659 1789 1771 1833 tare
1816 1784 2019 1834 solitis.’
2104 1784 2199 1834 Ait
2235 1784 2529 1848 promiscue.-
2562 1780 2727 1844 magis

1656 1876 1782 1911 vere
1806 1862 2135 1927 proprieque,
2154 1877 2300 1926 vage.

1718 1934 1852 1997 ‘Eam
1893 1939 2029 1988 enim
2065 1938 2297 1988 Suetonii
2330 1944 2560 1987 mentem
2596 1948 2731 1997 esse,

1657 2013 1824 2063 libens
1847 2015 2103 2064 concredo
2141 2029 2252 2064 rem
2292 2029 2406 2064 eam
2446 2011 2731 2077 explicanti

1660 2106 1777 2141 cum
1802 2107 1944 2155 cura‘,
1966 2095 2002 2144 l.
2028 2107 2117 2145 nr.
2139 2093 2155 2121 ‘
2176 2093 2499 2158 spectabant
2522 2090 2731 2156 quidem

1663 2177 1816 2220 antea
1838 2171 1888 2219 in
1912 2171 2084 2235 Circo,
2106 2171 2314 2221 seorsim
2353 2175 2409 2218 et
2445 2166 2735 2232 separatim*

1660 2254 1935 2299 senatores*
1964 2254 2019 2297 et
2052 2249 2249 2313 equites
2281 2262 2312 2296 a
2345 2251 2525 2296 cetera
2557 2243 2732 2293 turba.

1661 2323 1905 2374 Nondum
1928 2322 2117 2374 ‘tamen
2160 2330 2307 2374 certa
2346 2327 2402 2371 et
2434 2327 2573 2370 stata
2612 2321 2741 2395 loca

1658 2398 1761 2449 illis
1783 2400 2042 2464 assignata
2066 2406 2204 2451 sunt.
2271 2399 2374 2450 sed
2414 2404 2542 2447 tunc
2580 2396 2742 2447 Clam·

1659 2475 1794 2539 dius,
1817 2478 1990 2526 sedem
2014 2492 2169 2542 quam
2191 2491 2327 2526 nunc
2349 2479 2631 2537 occupant,
2654 2487 2732 2523 se-

1659 2554 1928 2605 natoribus
1959 2554 2252 2617 constituit,
2290 2558 2346 2603 et
2369 2559 2631 2617 praeterea
2653 2550 2729 2615 ip-

1661 2628 1750 2693 sis,
1788 2629 1830 2678 si
1860 2630 1949 2695 qui
1972 2632 2188 2693 vellent,
2218 2635 2455 2695 spectare
2491 2628 2644 2677 ludos
2680 2627 2737 2677 in'

1660 2705 1865 2770 privata
1887 2712 2033 2755 veste
2052 2705 2321 2771 permisit!

1723 2782 1828 2833 Sed
1876 2783 2121 2833 Claudius
2156 2784 2359 2834 senatui
2400 2790 2644 2833 tantum:
2679 2798 2731 2832 e-

1660 2860 1794 2924 quiti
1819 2875 1943 2910 ecce
1970 2875 2107 2909 nune
2132 2861 2295 2911 Nero.
2334 2860 2552 2911 Sueten.
2574 2875 2622 2910 c.
2649 2864 2730 2909 11.

1660 2937 1676 2964 ‘
1698 2936 2030 2987 Circensibus
2050 2938 2165 2987 loca
2189 2936 2352 3002 equiti
2370 2944 2579 2987 secreta
2600 2953 2631 2987 a
2650 2951 2731 2987 ce-

1663 3013 1787 3063 teris
1826 3013 2045 3064 tribuit!
2107 3013 2306 3062 Plinius
2344 3024 2471 3063 vm.
2518 3017 2570 3062 7.
2607 3012 2737 3076 satis

1653 3090 1880 3140 ostendit
1897 3104 2029 3140 nova
2045 3089 2372 3140 exaediflcata
2388 3104 2451 3139 ea
2468 3091 2585 3140 loca
2607 3088 2739 3152 fuis--

1652 3170 1776 3219 se:‘
1795 3168 1974 3218 Caesar
1988 3167 2267 3229 Dictator:
2290 3167 2478 3232 inquit,
2499 3168 2517 3196 ‘
2540 3168 2733 3231 euripis

1653 3260 1864 3296 arenam
1896 3279 1905 3286 x
1933 3244 2317 3308 circumdedit3
2381 3259 2510 3309 quos
2588 3244 2727 3294 Nero

1652 3323 1900 3389 princeps
1922 3323 2147 3386 sustulit,
2169 3322 2336 3387 equiti
2360 3323 2475 3372 loca
2499 3319 2738 3371 addens!

1727 3398 1881 3451 Quod
1907 3400 1960 3449 in
1982 3397 2087 3449 fine
2124 3399 2395 3448 verborum
2416 3398 2609 3448 Dionis
2633 3399 2727 3460 est,

1661 3465 1821 3526 nolim
1853 3477 2109 3541 negligas.
2175 3477 2312 3526 Nam
2335 3476 2494 3525 etiam
2516 3481 2637 3540 post
2659 3475 2730 3524 lo·

1661 3569 1724 3605 ca
1746 3554 1928 3617 divisa,
1965 3555 2261 3619 promiscue
2298 3553 2449 3603 licuit
2489 3560 2735 3617 spectare

1663 3631 2006 3696 senatoribus,
2029 3631 2124 3681 sed
2153 3631 2207 3680 in
2229 3637 2394 3694 veste,
2416 3637 2477 3679 ut
2502 3630 2603 3692 ait,
2627 3628 2729 3695 pri·¹

1660 3709 1800 3761 vata.

1682 3787 2036 3851 Exemplum
2076 3786 2127 3835 in
2162 3783 2334 3834 Plinio
2371 3783 2543 3847 Epist.
2583 3784 2615 3833 l.
2649 3793 2725 3831 ix.

1659 3863 1750 3913 ubi
1774 3865 1934 3913 Corn.
1968 3861 2180 3912 Tacitus
2203 3861 2290 3910 liic
2321 3859 2438 3924 ipse
2470 3865 2647 3909 noster
2678 3859 2731 3907 in

1657 3940 1954 4005 equestribus
2023 3945 2252 4004 spectat,
2328 3937 2429 3986 etsi
2485 3944 2727 3987 senator:

1657 4020 1674 4049 ‘
1701 4018 2000 4085 Nunquam<
2035 4016 2351 4081 majorem,’·
2382 4014 2458 4064 ait
2513 4013 2725 4075 Plinius,

1658 4096 1675 4125 ⁶
1701 4096 1825 4160 cepi*
1862 4095 2200 4159 voluptatem,
2243 4099 2396 4158 quam
2441 4103 2614 4155 nuper
2656 4100 2727 4139 ex‘

1658 4185 1895 4224 sermone
1930 4172 2086 4222 Corn.
2106 4169 2292 4220 Taciti.
2360 4167 2629 4219 Narrabat
2653 4180 2725 4216 se·

1658 4249 1797 4301 disse
1814 4265 1871 4300 se
1894 4247 2231 4301 Circensibus
2251 4247 2546 4314 proximum
2569 4244 2724 4350 equiti

1658 4326 1832 4379 Rom.’
1855 4330 1957 4381 effe.
