3063 4952
359 403 659 474 Lesbo-1³

1055 402 1463 458 lunanum
1512 406 1662 456 LIB.
1706 406 1882 458 1111.

2391 388 2570 465 1³91

348 551 479 619 δικ
515 551 918 618 Proconsuli
964 568 1290 618 venenum
1334 546 1505 619 'inter
1549 554 1784 639 epulas
1834 555 2062 621 datum
2105 558 2208 622 est
2254 549 2567 649 aperiiuS,

346 674 564 739 -quam
622 660 699 722 ut
750 655 1115 721 fallerenw

1230 655 1378 721 Nec
1442 658 1666 721 minus
1736 663 2121 744 properato*
2177 656 2567 741 Narcissus,

358 756 628 824 Claudii
659 759 956 837 libertuS‚
997 759 1081 823 de
1119 760 1317 845 cujus
1349 759 1588 845 J'urgiis
1640 758 1959 826 adversus
2001 760 2441 846 Agrippinam
2465 780 2567 833 ro-

361 861 514 940 tuli,
564 882 810 947 aspera
861 863 1167 929 custodia
1210 867 1277 927 et
1336 864 1733 929 necessitate
1765 871 2098 930 extrema⁰
2155 863 2243 932 ad
2287 870 2566 942 mortem

361 965 575 1048 agitur
595 975 646 1046 3¹²

708 966 918 1031 invito
970 964 1305 1050 Principe,
1354 966 1548 1050 cujus
1602 965 1848 1031 abditis
1901 967 2118 1033 adhuc
2163 968 2396 1047 vitiis)
2441 985 2565 1054 pa·

359 1068 705 1132 avaritiam
737 1088 816 1134 ac
845 1067 1375 1154 prodigentiam,¹
1397 1069 1562 1134 mire
1591 1071 2056 1163 congruebate·

355 1268 565 1316 eman
545 1283 599 1318 m
619 1269 828 1319 convivio
847 1268 1163 1349 magnetius,

1181 1286 1322 1335 quam
1341 1275 1396 1320 ut
1416 1273 1635 1321 laterent.
1704 1270 1809 1320 Nee
1829 1267 2288 1347 manufestis-auter
2306 1268 2565 1320 mium

354 1331 550 1382 libertas
574 1334 784 1397 Claudii,
804 1337 863 1384 de
884 1335 1015 1396 eilias
1034 1336 1403 1387 contentionibus
1420 1338 1643 1386 adversm
1661 1336 1978 1400 Agrippinum
1996 1335 2184 1398 scripsi,
2200 1335 2265 1383 ad
2283 1348 2439 1385 neom
2457 1337 2561 1385 udi—

348 1397 505 1457 gilur,
524 1400 696 1449 stricta
717 1401 946 1461 custodia,
968 1406 1016 1450 et
1037 1401 1312 1453 necessitate
1331 1402 1537 1459 ultima,-
1581 1401 1814 1450 renitente
1842 1402 2044 1458 Nerone,
2061 1400 2189 1460 euius
2208 1399 2462 1452 latentibus
2477 1402 2562 1450 ud-

349 1462 440 1512 lmc
448 1462 665 1527 flagitiis
684 1466 889 1514 maxime
910 1467 1204 1517 conveniebat
1219 1483 1308 1532 per
1327 1468 1545 1534 rapiendi
1563 1466 1969 1531 profundendique
1989 1464 2252 1515 libidinem.

1344 1646 1559 1699 NOTAE

351 1769 589 1833 Caesaris,
627 1773 746 1837 quia
794 1774 924 1824 tales
965 1776 1296 1841 imponebant
1337 1779 1412 1829 rei

348 1846 606 1912 familiari,
640 1857 696 1900 et
732 1859 1096 1915 procuratores
1134 1855 1414 1905 constitue-

347 1923 475 1974 bant
496 1926 549 1974 in
574 1929 871 1993 provinciis,
911 1930 1000 1996 qui
1018 1930 1198 1982 fiscum
1222 1933 1413 1997 princi·

336 2002 424 2066 pis
445 2014 707 2054 curarent.

408 2080 531 2130 Vidi
568 2082 656 2148 qui
688 2084 889 2135 huncce
912 2086 1101 2137 AElium
1130 2087 1410 2140 confuude-

345 2161 428 2206 ret
467 2172 585 2207 cum
625 2159 897 2224 Narcisso,
938 2164 1031 2214 sed
1072 2162 1236 2215 falso:
1291 2181 1410 2215 uam

345 2231 619 2284 Narcissus
657 2238 917 2288 occiditur
951 2241 1088 2305 apud
1117 2241 1409 2292 Sinuessam

343 2310 395 2359 in
417 2311 590 2375 Italia,
615 2322 671 2363 et
691 2315 853 2365 AElius
889 2318 1051 2368 habet
1088 2319 1409 2383 procuratio-

342 2388 528 2438 nemin
549 2389 695 2453 Asia,
713 2399 767 2441 et
786 2394 914 2443 vivit
939 2401 1150 2457 postea3
1187 2410 1249 2445 ac
1271 2410 1410 2445 nien-

341 2462 412 2516 tio
436 2466 547 2531 ejus
578 2469 741 2518 multa
772 2470 825 2519 in
864 2471 1011 2522 libris
1049 2472 1407 2538 sequentibus,

342 2548 395 2592 et
415 2544 642 2593 maxima
667 2560 786 2609 pars
810 2547 898 2596 ille
934 2549 1160 2599 cladium
1185 2550 1406 2615 Reipub

336 2620 430 2670 sed
455 2619 593 2670 infra
614 2629 834 2672 vocatur
854 2622 1046 2675 Helius.

398 2704 436 2730 ¹¹¹
475 2700 636 2755 Quum
656 2705 709 2748 ut
721 2699 978 2765 fallerent]
1043 2700 1107 2752 Id
1133 2707 1234 2764 est,
1255 2711 1405 2768 quam

337 2778 397 2824 ut
438 2773 688 2826 laterent.
771 2778 895 2841 Ipse
950 2779 1227 2842 proconsul
1270 2778 1407 2829 forte

337 2864 536 2902 veneno
557 2867 615 2901 se
643 2854 836 2903 tentari
858 2855 1067 2916 nesciit,
1105 2855 1297 2919 alioqui
1321 2870 1406 2905 ea-

337 2926 527 2988 visset3
580 2936 672 2978 aut
690 2930 732 2979 si
758 2938 866 2980 tum
890 2929 1139 2994 advertit,
1178 2946 1292 2980 cum
1319 2932 1405 2981 da-

338 3008 448 3053 tum
469 3003 572 3053 fuit
596 3020 865 3069 venenum,
904 3007 980 3056 sic
1004 3008 1169 3056 vitare
1193 3022 1293 3057 uon
1321 3023 1407 3071 po·

338 3081 471 3141 tuit3
528 3082 623 3131 sed
663 3083 750 3131 alii
796 3084 1190 3133 circumstantes
1230 3084 1405 3133 dolum

336 3157 666 3221 intellexere,
698 3161 851 3209 etiarn
878 3175 993 3210 eum
1017 3174 1271 3209 venenum
1307 3162 1405 3225 ipsi

335 3233 559 3284 infusum
598 3244 698 3300 est,
731 3252 845 3286 uam
878 3241 895 3266 ‘
920 3237 1059 3286 inter
1094 3237 1274 3299 epulas
1312 3237 1404 3285 da-

336 3318 448 3361 tum
486 3319 569 3362 est
595 3313 858 3376 apertius,’
890 3328 1042 3379 quam
1079 3318 1138 3363 ut
1179 3328 1403 3377 praesen-

336 3390 463 3440 tium
487 3392 661 3440 oculos
683 3389 864 3441 fallere
888 3399 1112 3455 possent.

400 3468 668 3531 Fallet-ent]
730 3470 916 3534 Neque
938 3468 1075 3518 forte
1098 3468 1292 3517 latendi
1316 3475 1406 3519 aut

335 3543 551 3596 fallendi
591 3563 764 3596 curam
803 3548 1111 3608 habuerunt,
1149 3546 1405 3595 mandatis

337 3621 703 3673 dominantium
729 3623 951 3687 subnixi,
973 3631 1029 3673 et
1060 3623 1280 3673 audacia
1300 3637 1403 3672 non

337 3699 451 3750 rudi
475 3701 654 3749 talium
679 3702 948 3749 scelerum.

398 3779 425 3808 ¹⁸
458 3777 562 3825 Nec
580 3777 733 3825 urinas
750 3775 1021 3840 properato]
1058 3776 1258 3840 Nempe
1280 3729 1401 3827 dolo

334 3857 390 3901 et
410 3856 611 3901 scelere
636 3854 957 3917 Agrippinae,
979 3867 1097 3917 quae
1124 3854 1234 3916 jam
1253 3856 1402 3902 domi-

332 3943 447 3977 num
467 3930 750 3988 occiderat,
784 3944 918 3977 nunc
957 3937 1013 3978 et
1049 3930 1225 3979 domiai
1258 3932 1403 3980 domi·-

332 4019 448 4055 uam
470 4006 538 4055 ad
561 4016 779 4055 mortem
804 4007 983 4070 adigit.

397 4083 663 4148 Proper-ato
689 4085 960 4147 Narcissus]
1006 4086 1188 4147 Forte,
1210 4100 1292 4135 nee
1314 4086 1402 4134 mi-

329 4173 420 4208 nus
449 4175 648 4223 propere
679 4162 917 4209 Antonius
954 4163 1235 4219 Narcissum
1283 4177 1402 4211 nam

330 4242 502 4285 mater
522 4238 728 4306 Claudii
748 4240 977 4302 Antonia,
1010 4248 1064 4289 et
1102 4242 1259 4290 etiam
1294 4238 1402 4289 filia

331 4310 565 4376 ejusdem
598 4315 808 4365 Claudii
825 4317 1039 4367 Antonia
1061 4317 1216 4369 dicta.
1296 4317 1400 4368 Ta-

1492 1778 1648 1839 citus,
1681 1778 1698 1806 ‘
1715 1775 1939 1827 Antonia
1961 1789 2026 1825 ex
2049 1773 2241 1825 Petina
2257 1772 2408 1826 erat?
2469 1772 2556 1823 Sic

1492 1860 1549 1904 et
1580 1854 1817 1904 Aaronem
1857 1853 2000 1903 Felix
2039 1852 2229 1913 dictus,
2267 1852 2356 1917 qui
2396 1850 2558 1902 etiam

1494 1931 1699 1981 Claudii
1722 1930 1958 1979 libertus.
2039 1927 2315 1979 Narcissus
2336 1927 2401 1980 ab
2424 1926 2557 1992 epis-

1491 2008 1611 2057 tolis
1635 2006 1836 2056 Claudii
1858 2005 1979 2069 fuit,
1996 2020 2122 2071 quas
2141 2018 2318 2055 omues
2333 2003 2558 2056 morien‘s

1491 2084 1789 2145 combussit,
1830 2084 1947 2149 quia
1984 2087 2190 2133 secreta
2223 2082 2278 2132 in
2309 2080 2557 2146 Agrippi-

1490 2174 1611 2209 nam
1665 2159 2020 2210 continebant.
2112 2157 2353 2222 Amplius
2407 2160 2558 2222 quam

1490 2244 1675 2301 quater
1694 2236 1877 2285 millies
1912 2233 2211 2286 sestertium
2236 2230 2557 2299 possidebat.

1486 2313 1577 2364 Sic
1595 2314 1722 2375 Dio,
1745 2318 1798 2363 et
1819 2312 2059 2365 Juvenal.
2080 2313 2188 2362 Sat.
2214 2311 2230 2339 ⁸
2250 2311 2300 2361 N
2306 2324 2369 2361 ec
2392 2309 2556 2360 Croesi

1488 2388 1701 2440 fortuna
1739 2405 1982 2456 unquam,
2003 2404 2102 2441 nec
2141 2388 2352 2439 Persica
2392 2400 2557 2452 regna

1486 2466 1761 2519 Sufficiunt
1806 2468 1995 2531 animo,
2037 2482 2135 2517 uec
2178 2464 2379 2516 divitiae
2423 2464 2556 2515 Nar-

1487 2546 1624 2609 cissi,
1687 2545 1912 2595 Indulsit
1956 2546 2136 2595 Caesar
2180 2543 2262 2594 cui
2308 2541 2558 2593 Claudius

1486 2621 1694 2685 omnia,'
1729 2625 1828 2671 διο.
1895 2620 2172 2672 Vocabant
2204 2619 2443 2671 danim
2474 2619 2555 2668 de-

1483 2699 1621 2749 mini.

1547 2783 1575 2810 θ
1609 2775 1903 2825 Necessitate
1930 2773 2166 2836 extrem]
2231 2771 2332 2821 Vel
2354 2771 2474 2834 vim,
2497 2776 2556 2823 et

1482 2866 1860 2918 quamcumque
1908 2852 2269 2901 necessitatem
2309 2847 2558 2914 intelligit

1487 2930 1540 2978 in
1565 2944 1776 2995 genere,
1798 2931 1884 2979 vel
1906 2928 2093 2979 famem
2114 2944 2130 2991 ;
2165 2933 2221 2978 et
2244 2929 2430 2992 potuit,
2449 2941 2554 2977 nou

1484 3022 1587 3056 uuo
1611 3021 1804 3072 genere
1827 3004 2152 3057 necessitatis
2173 3003 2309 3068 adigi
2331 3004 2396 3054 ad
2420 3017 2552 3054 mor-

1485 3091 1611 3134 tem.
2524 3100 2531 3110 ·

1551 3160 1637 3223 Vi,
1678 3161 1981 3225 asperitate,
2014 3157 2220 3210 saevitia
2256 3158 2555 3222 satellitum,

1485 3235 1641 3297 fame,
1662 3233 1912 3302 minisque
1929 3246 1983 3287 et
2002 3246 2142 3286 metu
2162 3241 2554 3298 tormentorum,

1487 3328 1548 3362 ac
1575 3321 1775 3363 terrore
1798 3311 2053 3362 carnificis
2075 3321 2128 3361 et
2154 3311 2345 3376 laquei,
2378 3310 2443 3359 ad
2466 3324 2553 3360 oc-

1482 3392 1772 3455 cupandam
1798 3396 2014 3439 mortem
2040 3388 2282 3451 conpelli
2307 3386 2497 3450 potuit.

1549 3474 1575 3509 Ρ
1607 3467 1685 3516 Ad
1708 3473 1903 3516 mortem
1934 3467 2121 3529 agitur]
2191 3464 2464 3514 Narcissus
2499 3465 2554 3515 vi

1484 3545 1677 3608 aliqua,
1698 3545 1762 3593 ad
1783 3553 1997 3593 mortem
2017 3544 2115 3592 sibi
2134 3541 2552 3591 consciscendam

1482 3622 1726 3683 adigitur.
1794 3622 1930 3671 Nam
1969 3620 2039 3668 ibi
2081 3619 2183 3667 duo
2224 3618 2550 3681 adhibentur,

1485 3714 1671 3762 aspera
1693 3700 1943 3759 custodia,
1965 3704 2021 3745 et
2061 3696 2341 3744 necessitas
2379 3701 2553 3746 extra·

1440 3790 1585 3825 ‘ma.
1665 3777 1771 3825 Per
1821 3777 2189 3824 necessitatem
2247 3778 2550 3835 extremam,

1480 3854 1579 3903 vim
1601 3853 1865 3917 intelligit,
1886 3865 1986 3916 qua
2023 3865 2078 3899 se
2111 3850 2222 3914 ipse
2258 3848 2551 3899 interficere

1472 3930 1772 3993 juberetur,
1807 3936 2104 3992 cogeretur,
2143 3927 2318 3987 vellet,
2366 3925 2549 3975 nollet.

1481 4008 1606 4055 Tale
1664 4008 1937 4070 imperinm
2002 4003 2391 4063 dominantium,
2445 4015 2550 4066 quo

1483 4095 1618 4135 mors
1644 4086 1904 4146 indicitur,
1922 4092 2133 4135 extrema
2156 4082 2404 4132 necessitas
2425 4087 2528 4131 est.

1547 4169 1572 4205 ‘l
1607 4163 1804 4213 Abditas
1824 4165 1976 4212 adhue
1998 4162 2154 4225 vitiis]
2169 4189 2174 4195 ·
2188 4162 2349 4210 Certe
2372 4157 2551 4209 abdita

1477 4241 1650 4290 adhuc
1673 4242 1799 4290 vitia
1824 4240 2065 4300 Neronis,
2093 4246 2150 4287 et
2187 4250 2283 4302 per
2319 4235 2546 4301 quinque
2583 4283 2586 4286 ,

1479 4330 1643 4367 annos
1667 4317 1856 4368 bonum
1879 4316 2166 4383 principem
2191 4313 2320 4379 egit,
2344 4317 2437 4362 aut
2459 4309 2547 4365 ad·
