3063 4952
347 365 400 418 J.
428 366 488 418 c.
513 366 622 432 ss]

1075 363 1283 414 ANNA
1296 363 1488 416 mm
1538 365 1685 417 Lm.
1728 366 1859 418 XV.

2384 359 2557 427 1853

348 512 714 573 cernerent:
761 505 1127 592 (adjecisse
1175 507 1366 575 Deos
1414 510 1678 592 dignum
1703 519 1731 552 ⁸
1772 509 2311 597 Arsacidarum,)
2356 517 2556 583 simul

343 614 419 673 et
448 608 534 673 de
560 612 929 691 legionibus
963 611 1290 677 Romanis
1319 612 1726 678 statuerent?

1820 613 2017 679 Missi
2053 625 2250 700 post²
2284 641 2322 681 a
2357 621 2551 684 Paeto

345 816 557 860 tuerent
576 812 694 876 quid
719 812 784 862 de
809 811 1055 885 Arm-onia
1075 822 1333 878 ageretur.
1403 814 1716 878 Adjunxisse
1747 817 1892 865 Deos
1922 822 2135 874 eventum
2168 819 2378 882 dignum
2399 819 2555 873 Arsa·

344 875 578 936 cidarum
597 879 773 942 gloria,
789 884 843 930 ut
859 881 1009 930 simul
1022 887 1076 929 et
1100 881 1166 930 de
1186 880 1477 942 legionibus
1496 882 1647 931 Rom.
1664 881 2023 932 decernerent.
2089 883 2219 933 Dein
2243 885 2372 933 misit
2391 885 2555 943 Palus

1279 1035 1452 1056 000000

327 2725 596 2776 cernerent,
615 2730 708 2777 pro
731 2725 1017 2781 composito
1038 2725 1280 2782 usurpat)
1293 2725 1396 2767 Aa·

315 2790 490 2849 jecisse
512 2791 641 2840 Deos
659 2792 857 2855 dignum
879 2793 1037 2842 decus
1058 2795 1398 2845 Arsacidarum

328 2868 563 2935 fastigio,
589 2878 651 2921 ut
669 2872 877 2922 simulet
897 2875 957 2923 de
975 2873 1236 2936 legionibus
1255 2874 1393 2927 Rom.

338 2962 373 2997 a
393 2963 450 2998 se
478 2950 701 2999 obsessis
730 2955 1008 3001 adunent.
1074 2951 1289 3001 Omittit
1306 2951 1395 3011 ille

327 3024 614 3089 particulas
631 3027 896 3091 quasdam,
918 3042 1033 3092 quae
1052 3030 1279 3093 suppleri
1300 3043 1396 3093 per

329 3108 560 3153 mentem
587 3104 801 3166 debent,
837 3110 893 3153 et
923 3104 1076 3153 facile
1113 3113 1260 3156 certe
1283 3105 1396 3172 sub-

326 3179 553 3245 intelligi
575 3188 790 3244 possunt
811 3183 1122 3232 attendenti.

397 3263 426 3289 ¹
457 3257 703 3319 Adiecisse
746 3261 874 3309 Deos
919 3260 1137 3323 dignum]
1202 3262 1394 3311 Locum

330 3333 467 3383 hunc
489 3349 665 3386 sanum
700 3336 1083 3402 integrumque,
1113 3342 1170 3388 et
1191 3342 1393 3387 tantum

332 3412 698 3475 explicandum
723 3413 1025 3464 contendo.-
1077 3413 1268 3463 Sensus
1291 3413 1393 3478 hic,

328 3496 388 3538 ut
410 3488 712 3540 brevissime
743 3492 939 3541 dicam:
974 3492 1109 3541 Tum
1144 3491 1391 3555 temporis

328 3564 427 3615 hoc
445 3566 558 3630 ipso
576 3567 628 3615 in
646 3567 758 3616 loco
778 3567 890 3618 fore
909 3575 1254 3633 opportunum
1276 3582 1395 3619 con·

327 3644 541 3701 sultare,
552 3644 674 3709 quid
695 3645 1038 3696 decernerent
1055 3646 1121 3695 de
1133 3645 1393 3697 Armeniae

327 3720 655 3783 possessione
680 3722 848 3783 simul,
870 3730 944 3787 et,
970 3722 1148 3788 (quam
1171 3724 1264 3774 Dii
1285 3738 1392 3773 rem

329 3798 535 3860 dignam
559 3797 928 3850 Arsacidarum
952 3803 1228 3865 majestate
1252 3801 1392 3866 adje-

320 3875 553 3941 cerant,)
587 3877 706 3941 quid
731 3886 996 3928 satuerent
1019 3878 1082 3927 de
1104 3878 1392 3943 legionibus

328 3952 600 4015 Romanis,
633 3969 786 4019 quam
811 3955 910 4006 illis
943 3959 1108 4019 legem
1131 3955 1271 4021 pacis
1303 3957 1390 4006 da·

327 4035 463 4081 rent.
1368 4072 1371 4076 -

397 4108 609 4157 Consilio
627 4108 744 4171 quid
762 4114 1023 4172 cernerent,
1043 4109 1274 4159 breviter
1293 4116 1390 4173 est,

331 4197 436 4247 quo
476 4190 738 4235 tractatur
769 4188 882 4249 quid
900 4189 1215 4247 decernerent,
1236 4202 1392 4252 quem

319 4258 490 4312 -furem
526 4262 898 4323 controversiae
927 4264 995 4315 de
1024 4264 1269 4323 Armenia
1301 4263 1392 4317 im.-

1454 1036 1629 1056 000000

1476 2725 1626 2779 apud
1645 2725 1839 2765 bivium
1862 2728 1918 2771 x.
1942 2725 1989 2765 7.
2058 2725 2339 2769 monemus.
2516 2755 2518 2758 .

1542 2791 1808 2854 Adice-isse]
1844 2791 1948 2848 Hic
1970 2792 2182 2841 turbant
2200 2790 2539 2855 interpretes3

1477 2868 1570 2919 sed
1594 2867 1828 2919 frustra.
1915 2868 2203 2933 Rescripsit
2238 2869 2540 2933 Vologeses,

1475 2946 1576 3009 sibi
1607 2946 1799 3003 fratres
1840 2946 2185 3012 opperiendos
2222 2962 2352 2996 esse.
2437 2947 2540 2997 Re-

1475 3025 1703 3089 scripsit,
1756 3024 1908 3075 illum.
1945 3025 2133 3085 locum,
2188 3037 2377 3087 nempe
2434 3038 2540 3088 quo

1476 3103 1701 3155 obsessae
1717 3104 1946 3168 legiones
1958 3105 2224 3163 Romanae,
2233 3109 2540 3166 tempusque

1474 3169 1768 3245 proximum
1794 3182 1983 3229 comisto
2013 3178 2233 3229 fratrum
2254 3178 2540 3229 destinatum

1475 3271 1612 3319 esse,
1640 3272 1741 3322 quo
1763 3257 1923 3306 simul
1957 3256 2057 3318 ipsi
2092 3259 2388 3305 statuerent
2411 3252 2539 3316 quid

1473 3332 1540 3382 de
1562 3331 1813 3396 Armenia
1837 3332 2195 3403 decernerent.

1541 3408 1713 3459 Etiam
1747 3403 2037 3472 rescripsit,
2067 3406 2290 3468 adiecisse
2310 3410 2367 3454 et
2388 3405 2539 3471 Deos,

1473 3501 1585 3536 rem
1617 3485 1824 3550 dignam
1857 3483 2231 3535 Arsacidarum
2264 3482 2448 3547 gloria,
2476 3489 2539 3533 ut

1472 3565 1617 3615 simul
1638 3569 1686 3613 et
1705 3566 1764 3613 de
1791 3562 2051 3626 legionibus
2083 3562 2224 3611 Rom.
2259 3566 2538 3613 stanam.

1476 3642 1630 3695 Quod
1680 3642 1830 3705 paulo
1885 3640 2051 3690 minus
2104 3639 2358 3702 contigitt
2414 3651 2537 3688 nam

1475 3721 1660 3771 eodem
1696 3721 1813 3770 loco
1862 3726 2093 3769 statuere
2144 3718 2210 3766 de
2249 3714 2537 3780 legionibus

1475 3797 1716 3858 obsessis,
1754 3796 1936 3845 eodem
1967 3795 2084 3845 loco
2117 3799 2368 3858 statutum
2389 3796 2446 3841 et
2467 3789 2537 3841 de

1473 3874 1737 3933 Armenia,
1758 3880 1812 3929 et
1833 3872 1898 3921 de
1924 3888 2070 3937 pace,
2108 3871 2199 3921 sed
2224 3883 2323 3917 non
2348 3865 2535 3915 eodem

1453 3958 1711 4015 ,tempore
1744 3965 1845 4016 quo
1880 3949 2145 4016 obsidione
2177 3950 2374 4009 ereptae
2414 3950 2536 3993 sunt

1469 4029 1731 4093 legiones:
1805 4028 1860 4075 id
1922 4025 2118 4075 factum
2172 4020 2382 4085 ibidem,
2439 4018 2534 4069 sed

1470 4110 1677 4171 Ρθθῐθᾶ,
1752 4118 1939 4169 nempe
1988 4100 2284 4163 Corbulone
2346 4097 2535 4164 imper·

1471 4190 1613 4247 ante·
