3063 4952
405 385 408 388 ⁴
507 354 680 423 1576

1190 367 1284 418 υ.
1333 367 1699 418 conns-mr
1746 362 2018 418 uer-rr.
2396 372 2719 437 [suma
2795 354 2797 356 ’

503 518 915 597 cacabatum
942 516 1536 602 eximebanturque
1549 516 1792 596 etiam,
1824 536 1978 600 quae
2009 519 2404 584 testamento
2429 519 2722 601 matriS‚‘¹

497 627 624 687 aut
671 621 850 686 'aviae
904 617 1403 706 acceperant)⁸‘
1447 621 1518 685 in
1566 621 1819 686 insulas
1851 620 2209 685 Baleares⁸
2237 622 2543 705 pellitur:
2589 643 2726 688 non
2824 614 2829 618 ⁴

502 723 577 788 in
623 726 775 809 ipso
821 724 1222 803 discrimine,
1273 725 1406 787 n'on
1453 728 1609 807 post
1655 723 2144 789 damnationem
2174 723 2425 790 fractus
2455 727 2681 791 animo
2694 747 2722 792 ,τ

501 828 967 912 ferebaturque
1011 828 1289 913 copiosa
1340 833 1409 892 et
1461 826 1673 892 mollit
1699 829 1839 892 vita
1885 833 2213 892 secretum
2260 827 2427 893 illud
2477 830 2725 896 tolera-

503 933 709 999 visse.
801 931 1051 997 Filium.
1077 931 1261 1017 ejuS,=
1297 931 1750 1010 Nerulinum‚⁹
1799 933 2136 1014 aggressis
2185 935 2721 1012 accusatoribuS,

501 1055 623 1120 per
644 1088 649 1091 .
674 1034 988 1100 invidiam
1037 1037 1248 1119 patris
1290 1041 1357 1100 et
1405 1037 1687 1115 crimina
1732 1036 2298 1120 repetundarum,⁸¹
2346 1033 2727 1101 intercessit

504 1136 896 1222 PrincepS,v
927 1145 1245 1223 tanquam
1275 1139 1444 1203 satis
1474 1138 1746 1221 expleta
1776 1139 2087 1204 ultione.w
2629 1166 2634 1169 -

502 1339 553 1385 et
571 1336 719 1400 nepti,
740 1334 1177 1400 excipiebanturque
1197 1337 1342 1387 etiam
1362 1352 1465 1401 quae
1481 1335 1742 1384 habuerant
1761 1349 1822 1384 ex
1838 1333 2067 1397 supremis
2088 1331 2263 1382 tabulis
2283 1331 2470 1396 matris,
2486 1337 2574 1381 aut
2592 1333 2729 1397 avi,)

499 1401 555 1450 in
577 1400 755 1450 insulas
777 1401 1004 1451 Baleares
1025 1407 1287 1452 amovetur.-
1320 1403 1485 1453 nonin
1506 1402 1608 1465 ipso
1637 1401 1866 1464 periculo,
1904 1414 2047 1463 neque
2074 1403 2182 1462 post
2200 1397 2438 1458 judicium
2460 1399 2622 1447 auimo
2644 1401 2727 1448 de-

489 1466 665 1527 jectus.
732 1465 1080 1531 Dicebaturque
1099 1469 1399 1518 solitudinem
1419 1468 1554 1517 illam
1572 1466 1822 1530 pertulisse
1856 1464 2097 1514 luxurioso
2120 1469 2166 1512 et
2183 1463 2516 1522 delicatissimo
2534 1463 2728 1513 vivendi

490 1541 685 1594 genere.
742 1532 936 1582 Ver-um
959 1533 1145 1583 obstitit
1169 1535 1331 1583 Caesar
1350 1531 1654 1593 delatoribus,
1684 1531 1766 1594 qui
1794 1545 1883 1594 per
1904 1529 2065 1579 odium
2093 1529 2251 1592 patris
2274 1533 2321 1576 et
2350 1528 2406 1577 ob
2415 1528 2627 1592 flag-itia
2645 1538 2729 1592 pe·

498 1600 682 1647 calatus
714 1598 993 1648 invadebant
1011 1599 1179 1664 filium
1198 1599 1301 1660 eJ'us
1324 1597 1628 1660 Ner-utinum,
1645 1610 1831 1661 nempe
1853 1594 1988 1659 quasi
2009 1595 2219 1644 uindicta
2239 1594 2420 1644 satiata
2444 1596 2726 1659 expletaque

501 1665 621 1713 satis
641 1677 900 1729 superque
921 1669 1060 1715 esset.
1684 1701 1692 1733 :

1426 1775 1487 1795 Ν
1489 1773 1783 1795 θθθθθθθθ

502 1863 535 1908 8
569 1857 897 1908 Emeudabat
929 1859 1219 1922 MerceruS,
1256 1862 1335 1909 ace
1395 1864 1517 1909 erat.
1575 1855 1954 1907 Freinshemius
1979 1852 2314 1919 conjiciebat,
2344 1853 2726 1917 anicet-eperunt,

503 1924 640 1988 quod
665 1923 830 1973 edidit
853 1924 1278 1974 Cl.Lanemand.
1378 1925 1468 1973 vice
1506 1922 1687 1986 recepi
1725 1937 1755 1971 e
1799 1923 1902 1971 Ms.
1945 1920 2141 1970 Medic.
2207 1919 2379 1983 Vulgo
2420 1918 2474 1966 in
2509 1920 2641 1969 Mss.
2666 1927 2725 1970 et

504 1987 820 2039 editionibus
841 1989 1124 2051 veteribus,
1156 1990 1253 2051 avi,
1276 1990 1412 2053 quod
1448 1996 1503 2039 et
1525 2004 1557 2038 a
1578 1987 1841 2038 Gronovio
1864 1993 1920 2036 et
1951 1985 2153 2050 Ryckio
2190 1984 2406 2049 legitur..
2461 1985 2723 2049 separata

501 2059 739 2104 materna
761 2056 913 2118 bona,
950 2061 1006 2104 et
1040 2053 1145 2104 filio
1186 2054 1412 2116 reddita,
1438 2055 1550 2119 jam
1575 2052 1793 2104 vidimus
1833 2068 1890 2101 su
1932 2067 1987 2100 ra
2010 2050 2201 2100 Annal.
2234 2063 2320 2099 111.
2351 2053 2433 2099 68.
2501 2051 2721 2100 Brotier.

503 2123 603 2169 ——9
635 2120 722 2169 Sic
765 2121 869 2171 Ms.
892 2119 1065 2170 Vatic.
1089 2125 1235 2173 1958.
1259 2128 1315 2170 et
1350 2120 1469 2170 libri
1490 2134 1667 2170 omnes
1686 2118 1833 2168 editi.
1931 2132 1966 2166 n
1985 2118 2114 2167 Mss.
2137 2115 2313 2165 Vatic.
2338 2118 2466 2164 1863
2492 2123 2550 2165 et
2572 2121 2720 2166 1864.

504 2184 613 2237 JeS.
636 2185 790 2237 Corb.
822 2187 1112 2238 Verulinum.
1179 2186 1308 2236 Cod.
1334 2187 1474 2239 Flor.
1526 2185 1813 2235 Nerllinum.

1494 2321 1714 2374 NOTAE

500 2418 606 2484 ipsi
639 2410 849 2471 ademta
884 2420 972 2484 sit,
1007 2425 1209 2471 tantum
1232 2427 1292 2472 ut
1315 2420 1570 2472 concede·

501 2505 651 2555 retur
672 2499 785 2565 filio
822 2505 871 2550 et
907 2501 1059 2565 nepti,
1090 2501 1209 2566 quia
1246 2515 1348 2551 non
1375 2500 1570 2561 fractus

500 2577 679 2641 απίηιο,
712 2586 768 2629 et
791 2578 913 2644 quia
933 2579 1117 2642 copiosa
1140 2583 1187 2626 et
1208 2579 1336 2628 molli
1367 2578 1469 2627 vita
1499 2592 1569 2627 se-

498 2661 680 2705 cretum
699 2656 821 2705 illud
842 2655 1080 2717 toleravit,
1112 2661 1166 2704 et
1203 2656 1325 2718 quia
1357 2669 1423 2703 ne
1459 2654 1572 2720 qui-

499 2730 621 2780 dem
638 2723 855 2781 verbum
874 2732 958 2781 hic
979 2731 1046 2780 de
1065 2730 1212 2793 fisco,
1231 2739 1320 2782 aut
1344 2732 1568 2796 praemiis

502 2814 885 2868 accusatorum,
936 2816 1038 2857 seu
1087 2806 1568 2873 quadruplatorum,

501 2885 643 2949 quod
688 2885 739 2934 in
779 2884 1028 2933 invidiam
1063 2873 1366 2935 adduiisset
1404 2887 1569 2936 Nero-

501 2973 623 3010 nem
657 2965 713 3010 et
743 2961 1014 3024 Senecam,
1043 2962 1186 3025 quasi
1223 2960 1359 3010 illius
1381 2962 1567 3026 opibus

497 3037 778 3101 inhiarent,
791 3037 1001 3088 videtur
1023 3038 1100 3088 illi
1121 3038 1304 3088 relicta
1323 3052 1441 3103 pars
1463 3054 1564 3089 non

499 3112 706 3164 modica
729 3113 996 3179 bonorum,
1029 3129 1132 3180 qua
1155 3129 1211 3163 se
1233 3114 1289 3164 in
1310 3115 1464 3166 exilio
1486 3122 1564 3166 to-

498 3191 730 3242 leraret:
775 3192 860 3242 vel
903 3206 1025 3257 pars
1052 3192 1198 3255 fisci,
1238 3206 1358 3257 pars
1400 3194 1567 3243 altera

499 3267 721 3320 filiorum
746 3267 865 3321 fuit.

566 3352 595 3387 Ρ
629 3346 756 3397 Filio
798 3352 844 3396 et
887 3346 1018 3410 nepti
1055 3362 1181 3412 pars
1210 3346 1565 3410 concedebatur]

444 3455 447 3458 -
500 3421 709 3487 Ablego
742 3429 795 3473 te
831 3423 897 3473 ad
922 3424 1209 3489 Cujacium,
1244 3424 1465 3475 Observ.
1487 3437 1566 3474 vr.

497 3503 550 3551 c.
589 3505 700 3551 23.:
735 3502 839 3566 -qui
883 3507 1005 3551 ante
1045 3516 1129 3551 me
1174 3501 1376 3552 abunde
1415 3502 1567 3552 dixit.
1599 3523 1606 3528 ·

500 3578 733 3643 Lipsius.-

502 3685 511 3691 ‹
568 3661 592 3696 ⁴¹
632 3655 1253 3719 Quoetestamentomatris]
1288 3655 1418 3708 Quae
1438 3670 1566 3719 opes

502 3736 654 3781 erant
676 3730 839 3781 adhuc
861 3732 914 3781 in
938 3738 1205 3797 potestate
1231 3732 1411 3797 patris,
1438 3734 1565 3783 alio-

502 3807 808 3874 quifrustra
829 3808 1214 3873 exciperentur.
1542 3845 1550 3855 .

566 3884 698 3950 ‘Aut
708 3886 829 3936 auioe
842 3888 1140 3952 acceperant]
1159 3887 1329 3952 Vulgo
1344 3880 1456 3940 avi.
1481 3888 1563 3937 An

500 3964 622 4014 avioe
643 3961 894 4028 ceperant?
927 3964 1242 4014 Freinshem.
1287 3965 1468 4028 Immo,
1489 3982 1567 4016 ae·

499 4048 706 4108 ceperat.
737 4063 744 4072 ·
771 4043 1057 4091 MerceruS.
1261 4082 1267 4088 .
1484 4073 1487 4076 Δ

568 4121 674 4171 Aut
693 4118 795 4182 avi]
828 4119 1091 4183 Intelligo,
1112 4119 1192 4168 avi
1210 4120 1428 4169 materni.
1481 4120 1567 4170 Sic

503 4194 941 4261 prospiciebatur,
977 4210 1043 4245 ne
1080 4193 1249 4257 liberi,
1291 4194 1357 4245 ob
1395 4196 1565 4247 scelus

504 4272 681 4339 patris,
713 4276 948 4323 materna
971 4270 1108 4332 bona
1141 4272 1473 4326 amitterent:
1507 4279 1564 4324 et

1649 2418 1724 2468 sic
1744 2417 1895 2467 unius
1920 2417 1995 2467 rei
2017 2431 2143 2483 opes
2164 2416 2376 2468 familiae
2400 2417 2655 2484 perirent.

1713 2495 1881 2560 quue
1915 2496 2205 2547 clementiae
2238 2496 2361 2561 fuit,
2385 2511 2451 2546 ue
2475 2496 2544 2545 ob
2568 2497 2720 2547 unius

1650 2573 1844 2623 crimen
1904 2573 2079 2636 plures
2136 2572 2348 2623 familiae
2404 2572 2719 2637 dignitatem

1648 2650 1973 2700 amitterent:
1997 2650 2175 2715 sicque
2188 2650 2484 2700 leniebatur
2501 2648 2719 2699 offensio

1648 2735 1704 2777 et
1725 2727 1942 2791 invidia,
1956 2741 2108 2792 quam
2130 2743 2196 2778 ex
2220 2728 2411 2779 talibus
2430 2728 2721 2778 damnatio-

1646 2807 1796 2856 nibus
1819 2806 1992 2857 subire
2017 2808 2261 2872 princeps
2286 2813 2505 2872 posset.-

1653 2915 1658 2920 ·
1712 2890 1731 2915 ⁸
1762 2884 2013 2948 Baleares]
2078 2885 2270 2935 Insulae
2330 2885 2604 2950 Hispania*
2664 2885 2720 2934 in

1646 2962 1775 3011 mari
1812 2963 2220 3013 Mediterraneo.
2287 2963 2460 3013 Hodie
2483 2964 2724 3026 Mnjorea,

1648 3040 1889 3103 Minorca,
1921 3043 2006 3103 850.
2041 3041 2136 3092 sub
2160 3041 2390 3091 dominio
2418 3041 2584 3106 Regis
2619 3041 2728 3091 Ca·-

1647 3117 1845 3180 tholici,
1866 3131 1957 3166 sen
1982 3116 2270 3181 Hispaniae.
2310 3117 2628 3167 Rllenonius.
2703 3140 2710 3148 ·

1707 3196 1724 3227 ⁸
1758 3195 1961 3259 copiosa
1983 3200 2031 3245 et
2052 3193 2204 3256 molli]
2247 3195 2456 3258 Nempe
2497 3209 2565 3244 ex
2607 3194 2728 3259 opi-

1644 3273 1741 3324 bus
1781 3290 1899 3339 quae
1934 3275 2020 3323 vel
2061 3273 2161 3337 ipsi
2200 3274 2401 3323 relictae
2442 3281 2612 3337 erant,
2632 3274 2722 3323 vel
2767 3306 2775 3311 -

1648 3351 1850 3415 quasin
1872 3350 2011 3400 sinus
2044 3349 2394 3420 potentiorum
2434 3349 2723 3399 amicorum

1647 3426 1945 3490 abdiderat,
1962 3432 2053 3475 aut
2076 3440 2141 3474 ex
2165 3424 2315 3474 bonis
2337 3424 2446 3475 filio
2464 3426 2723 3492 neptique

1647 3503 1921 3567 concessis,
1954 3518 2070 3568 quae
2108 3501 2175 3551 ab
2197 3501 2320 3566 ipsis
2358 3502 2409 3551 ei
2446 3502 2725 3552 subminis-

1648 3586 1787 3631 trata
1819 3582 1873 3630 in
1908 3580 2081 3643 exilio,
2113 3572 2196 3628 vel
2229 3579 2293 3629 ab
2318 3579 2529 3641 amicis;
2564 3578 2721 3645 siqui

1648 3657 1802 3707 amici
1844 3657 2086 3721 perculso
2130 3661 2187 3705 et
2228 3654 2480 3720 fulgurita
2523 3656 2728 3706 bomini

1646 3741 1946 3798 supersunt.
2679 3741 2710 3750 ”

1710 3818 1733 3844 ¹¹
1770 3811 1988 3861 Crimina
2022 3809 2413 3874 repetundarum]
2463 3812 2588 3861 Non
2626 3825 2722 3875 pa·

1646 3889 1758 3951 tris,
1772 3888 1864 3937 sed
1883 3888 2152 3952 ipsiusmet
2164 3887 2258 3936 filii
2279 3888 2539 3937 Nerulini.
2578 3888 2717 3938 Nam

1646 3973 1703 4015 et
1730 3966 1843 4029 jam
1866 3971 2024 4020 aetate
2047 3971 2326 4029 provectus
2351 3965 2461 4028 ille,
2497 3970 2554 4014 et
2575 3963 2734 4015 forte·

1639 4044 1752 4109 jam
1774 4044 1947 4093 munia
1980 4043 2189 4106 publica
2212 4042 2433 4104 obierat,
2468 4044 2638 4107 gratia
2660 4049 2718 4093 et

1648 4122 1961 4172 auctoritate
2003 4120 2164 4184 patris
2208 4119 2432 4169 honores
2488 4133 2715 4183 propere

1648 4198 1904 4258 ademtnS,
1930 4204 1987 4246 et
1999 4199 2109 4261 jam
2135 4196 2289 4247 alieni
2311 4196 2715 4266 provinciae-fimi-

1644 4275 1876 4342 positus3
1917 4281 1974 4325 et
2009 4274 2192 4325 eodem
2232 4281 2471 4341 auctore,
2506 4275 2590 4325 vel
2615 4283 2718 4341 -pas
