3063 4952
570 363 750 437 ‘1786
1244 385 1313 443 e.
1358 385 1726 441 ocal-uum
1757 389 2031 440 »uem
2389 410 2396 413 ·
2433 401 2621 467 [mu.
2651 409 2764 459 εις,

535 492 538 497 .
572 527 737 593 forte
789 532 904 597 aut
948 532 1016 593 te
1040 526 1357 595 Vitelliov
1400 534 1504 596 ter
1550 530 1854 612 Consilii,
1898 540 2020 601 aut
2059 553 2167 601 ne
2213 536 2537 606 Claudios
2585 550 2766 627 post·

570 631 818 712 ponisst
902 631 1064 711 Sed,
1095 640 1436 715 quantum²
1458 633 1784 702 Volusio³
1814 636 2011 721 longa
2048 641 2487 724 parcimonia‘
2518 646 2768 729 quaesi·

575 814 787 879 consuli,
801 821 890 864 aut
904 830 986 867 me
1005 816 1221 868 Claudio
1241 819 1441 870 σεθου-ἰ.
1505 820 1608 871 Sed
1631 828 1875 888 quantum
1899 822 2145 874 diuturna
2165 822 2433 889 frugalitas
2456 827 2660 891 paravit
2670 829 2778 878 Vo-

1493 985 1553 1008 θ’
1556 986 1638 1007 000
1644 984 1843 1008 “OQ“

643 1095 672 1140 1
706 1089 794 1141 Ita
816 1091 943 1142 Mss.
962 1094 1103 1145 Flor.
1118 1094 1247 1162 Reg.
1264 1098 1465 1151 vitiose
1478 1101 1530 1152 in
1549 1104 1660 1154 aliis
1680 1106 1885 1170 seriptis
1898 1112 1953 1155 et
1971 1104 2123 1154 editis
2136 1103 2300 1165 libris,
2318 1103 2572 1169 preponis,
2584 1109 2647 1154 nt
2659 1103 2772 1167 jam

540 1155 778 1218 ‘pridem
813 1159 1012 1209 mom&
1046 1161 1265 1225 Lipsius.
1319 1167 1533 1219 Brotier.
1599 1171 1671 1221 Et
1704 1170 1997 1221 Gronovius
2035 1177 2092 1220 et
2128 1169 2359 1235 Ryekins
2394 1173 2606 1218 servant
2649 1185 2775 1244 pra·

573 1220 825 1283 ponite-2
859 1223 1082 1275 Omnino
1113 1229 1510 1295 emendandum,
1549 1237 1623 1284 vel
1652 1235 1897 1298 quantuni,
1930 1242 2020 1285 aut
2043 1240 2111 1296 et,
2151 1235 2229 1284 uti
2252 1235 2458 1284 volebat
2481 1232 2774 1284 Acidalius.

580 1285 854 1350 Repugnat
877 1290 1031 1353 eniin,
1050 1294 1149 1342 sed.
1216 1294 1278 1343 In
1304 1297 1431 1346 Mss.
1454 1298 1602 1350 Harl.
1627 1301 1780 1350 Bodl.
1798 1302 1907 1353 Jes.
1932 1315 2025 1365 pro
2057 1301 2140 1348 sed
2169 1304 2391 1363 quantum
2410 1299 2605 1376 legitur
2629 1301 2715 1348 sed
2735 1298 2778 1347 εἰ

576 1366 685 1414 qne.
752 1353 1076 1406 Brotier.-8
1109 1357 1174 1408 In
1191 1360 1367 1413 Vatic.
1402 1370 1704 1416 constanter
1734 1366 1977 1416 scribitur
2018 1365 2258 1415 Volusiano.-
2296 1370 2354 1414 et
2386 1377 2461 1414 sie
2495 1364 2583 1414 ed.
2623 1379 2776 1429 pr.—

1562 1532 1613 1583 N
1619 1534 1786 1584 OTAE

578 1641 591 1665 ‘
616 1638 767 1690 Quod
782 1639 823 1688 si
845 1639 965 1703 ipsis
981 1641 1335 1707 voluptatibus
1354 1645 1490 1698 bona
1506 1655 1634 1699 aetas

576 1714 767 1767 fruitur
809 1717 1086 1780 lubentius,
1145 1721 1363 1783 primum
1403 1726 1633 1787 parvulis

581 1789 770 1840 fruitur
794 1792 980 1842 rebus.’
1031 1795 1307 1846 Salmasius.

641 1874 666 1899 ⁰
697 1867 889 1931 Prima]
923 1870 1095 1920 Prima
1116 1872 1319 1937 imperii
1353 1877 1522 1940 spatia
1559 1877 1635 1927 in·

578 1938 803 2006 'gi-edim,
824 1951 880 1994 et
901 1944 1064 1995 adhuc
1088 1951 1140 1996 te
1162 1948 1436 2000 honoribus
1454 1959 1509 2001 et
1527 1954 1635 2017 opi-

576 2018 673 2067 bus
691 2019 965 2082 majoribus
987 2025 1246 2074 cumulare
1266 2041 1466 2090 possum
1488 2047 1503 2091 ;
1537 2031 1635 2081 nisi

579 2093 715 2145 sorte
761 2103 813 2146 te
857 2100 1113 2162 praeponis
1151 2103 1396 2156 vitellio:
1435 2106 1491 2155 id
1535 2112 1635 2171 est,

578 2175 677 2225 nisi
710 2173 842 2226 forte
865 2186 916 2227 te
940 2178 1049 2247 jam
1073 2181 1281 2231 Vitellio
1319 2192 1402 2235 ter
1422 2187 1634 2251 consule

579 2252 818 2303 ditiorem
860 2261 915 2305 et
952 2256 1263 2307 ornatiorem
1302 2267 1485 2323 putas3
1535 2261 1635 2311 nisi

579 2328 714 2380 forte
751 2346 833 2381 me
868 2332 1082 2383 Claudio
1115 2338 1405 2400 praepouis:
1441 2339 1495 2388 id
1534 2346 1634 2402 est,

579 2406 676 2456 uisi
708 2415 858 2472 putas
887 2420 968 2459 me
989 2410 1100 2474 jam
1134 2404 1478 2464 liberaliorem
1499 2416 1556 2465 in
1578 2421 1634 2467 te

579 2482 754 2549 fuisse,
786 2502 939 2551 quam
977 2487 1078 2539 fuit
1112 2491 1357 2541 Claudius
1395 2495 1447 2542 in
1468 2494 1635 2545 Vitel-

580 2562 718 2615 lium.
786 2564 857 2615 At
901 2563 1036 2617 forte
1075 2566 1277 2620 facilior
1321 2572 1635 2638 nitidiorque

573 2638 714 2690 foret
734 2656 933 2705 sensus,
948 2645 1186 2709 legendo,
1207 2649 1464 2711 postponis.
1530 2651 1634 2701 Sed

574 2716 700 2766 nihil
719 2733 886 2767 more.
935 2720 988 2769 Si
1010 2719 1068 2769 τὸ
1093 2737 1198 2784 proe
1218 2724 1356 2773 vocis
1383 2728 1639 2790 praeponas,

573 2795 943 2857 ‚compendiose
986 2798 1237 2863 scriptum
1289 2798 1408 2862 fuit,
1464 2802 1637 2854 facilis

574 2871 754 2932 lapsus
778 2867 1194 2926 exscribentium.
1352 2919 1358 2924 .

570 2986 579 2994 .
643 2954 670 2988 Ρ
703 2949 962 3009 Nisiforte
980 2957 1065 3001 aut
1086 2958 1135 3002 te
1161 2954 1374 3020 Vitellio]
1426 2955 1510 3005 Au
1534 2955 1633 3008 ful-

582 3037 707 3085 gore
725 3027 1115 3087 magistratuum
1134 3035 1188 3079 te
1204 3041 1355 3095 putas
1370 3032 1638 3085 Vitellium

570 3098 806 3148 anteire?
838 3116 999 3165 erras,
1032 3106 1074 3153 si
1106 3105 1161 3154 id
1183 3109 1371 3171 credis,
1410 3111 1635 3163 Seneca:

581 3176 670 3225 ille
687 3174 819 3225 enim
839 3179 1044 3228 tertium
1063 3183 1277 3235 Consul:
1302 3200 1367 3234 an
1385 3201 1468 3236 me
1486 3188 1639 3239 Clau-

574 3253 666 3303 dio
709 3255 1192 3310 beneficentiorem?
1257 3269 1312 3311 at
1355 3263 1398 3313 is
1441 3263 1639 3326 majora

580 3335 802 3384 eontulit
831 3335 880 3384 in
905 3339 1138 3388 amicum.
1203 3340 1435 3392 Proinde
1456 3357 1637 3393 verum

576 3409 680 3460 uon
703 3418 783 3460 est
814 3418 1056 3478 utrosque
1091 3429 1182 3463 nos
1216 3430 1505 3467 mensuram
1544 3419 1638 3468 im-

580 3486 817 3549 plevisse.
842 3489 974 3539 Nam
989 3492 1231 3542 Claudius
1245 3493 1391 3556 plura
1407 3493 1642 3560 donavit,

576 3570 637 3612 et
655 3563 806 3626 plura
820 3565 1060 3616 Vitellius
1083 3570 1306 3634 accepit.
1333 3570 1416 3619 De
1437 3572 1639 3640 Vitellii

576 3641 815 3704 potentia
830 3642 923 3693 sub
939 3644 1156 3694 Claudio
1172 3646 1638 3711 imperatore‚-Sue-

574 3719 845 3769 ,tomhaecz
881 3722 896 3749 ‘
922 3722 1048 3771 Mox
1086 3738 1202 3773 cum
1237 3725 1458 3776 Claudio
1501 3727 1637 3790 priu-

581 3796 700 3860 cipe
732 3797 861 3846 duos
894 3799 1105 3862 insuper
1137 3801 1426 3853 ordinarios
1458 3819 1640 3856 eonsu-

576 3873 714 3923 latus
731 3889 1100 3941 censuramque
1119 3878 1302 3940 gessit:
1326 3895 1499 3931 curam
1513 3898 1641 3947 quo-

581 3967 682 4016 que
737 3953 939 4016 imperii
986 3955 1233 4005 sustinuit
1276 3956 1493 4014 absente
1537 3959 1636 4010 eo.'

574 4029 865 4081 Salamina.
1070 4077 1075 4082 .

574 4147 581 4158 ,
646 4107 763 4156 Nisi
770 4107 927 4172 sor-te]
960 4107 1025 4158 ld
1043 4106 1195 4159 faeile
1212 4117 1386 4174 potest
1404 4114 1515 4177 pati
1529 4128 1641 4165 sen-

576 4195 715 4245 sum,
743 4197 897 4247 quem
929 4183 1190 4249 ingeniose
1229 4187 1494 4240 adinvenit
1523 4190 1639 4245 flo-

493 4328 497 4332 1
579 4264 716 4309 rent.
747 4258 1034 4324 Interpres.
1076 4262 1269 4328 Prima,
1288 4262 1461 4329 inquit
1477 4266 1640 4332 Nero,

1713 1641 1916 1715 imperii
1948 1656 2005 1700 et
2033 1647 2361 1700 liberalitatis
2394 1648 2565 1712 spatia
2604 1646 2778 1713 ingre·

1714 1727 1847 1790 dior,
1882 1736 1938 1779 et
1979 1735 2069 1779 tua
2113 1735 2261 1791 aetas,
2294 1741 2326 1777 o
2356 1726 2579 1788 Seneca,
2600 1724 2780 1776 valida

1713 1803 1901 1868 adhue,
1941 1810 1998 1854 et
2041 1803 2195 1853 rebus
2236 1797 2291 1853 e't
2329 1799 2563 1850 fruitioni
2600 1815 2777 1850 rerum

1713 1880 1873 1930 etiam
1897 1879 2116 1941 sufficit3
2147 1878 2248 1928 nisi
2275 1876 2411 1927 forte
2436 1883 2489 1926 te
2503 1877 2623 1940 jam
2647 1890 2780 1940 με·

1715 1957 1860 2021 ponis
1882 1957 2112 2021 Vitellio,
2148 1971 2258 2018 seu,
2287 1954 2386 2004 nisi
2420 1952 2560 2003 forte
2584 1961 2640 2002 te
2665 1953 2780 2017 jam

1713 2035 2025 2084 ornatiorem
2040 2041 2193 2098 putas
2204 2031 2445 2093 Vitelli03
2462 2037 2555 2080 aut
2573 2029 2675 2080 nisi
2693 2030 2784 2078 mi·

1712 2125 1807 2160 nus
1824 2125 1907 2160 me
1927 2109 2063 2160 forte
2086 2116 2374 2174 potentem,
2392 2113 2484 2157 aut
2504 2106 2783 2157 liberalem

1713 2193 1883 2251 putas,
1900 2202 2054 2251 quam
2075 2186 2175 2236 fuit
2200 2184 2464 2235 Claudius.

1776 2263 1880 2314 Sed
1902 2270 2103 2313 tantum
2125 2261 2295 2326 abest,
2314 2268 2375 2311 ut
2400 2268 2455 2309 tu
2479 2259 2673 2324 opibus
2699 2260 2787 2309 ad-

1714 2356 1890 2407 aeques
1908 2340 2173 2390 Vitellium
2200 2346 2282 2388 ter
2303 2338 2586 2399 consulem,
2608 2352 2788 2388 censo-

1714 2432 1947 2484 remque,
1957 2433 2073 2467 eum
2084 2429 2252 2482 neque
2263 2415 2431 2466 adhue
2440 2415 2662 2480 explere
2673 2429 2789 2464 mea

1714 2498 1768 2546 in
1793 2506 1847 2548 te
1873 2498 2151 2549 liberalitas
2168 2496 2369 2561 potuit,
2402 2501 2657 2559 quantum
2682 2494 2785 2544 Vo-

1715 2575 1845 2625 lusio
1869 2575 2022 2637 longa
2044 2572 2352 2638 parsimonia
2373 2571 2650 2636 quaesitum
2674 2578 2772 2621 est.

1780 2660 1806 2694 ‘¹
1843 2650 2328 2715 Claudio-praeponis]
2370 2648 2426 2697 Si
2461 2647 2590 2711 quid
2610 2645 2787 2708 video,

1711 2737 1807 2780 aut
1828 2730 2099 2792 negatione
2121 2727 2275 2776 insita
2308 2724 2665 2783 scribendum,
2698 2738 2789 2773 non

1711 2806 1974 2870 preponis.-
2008 2815 2099 2855 aut
2119 2804 2423 2854 mutandum
2446 2801 2498 2850 in
2521 2801 2789 2865 postponis.

1717 2882 1877 2931 Certe
1894 2888 1951 2931 et
1968 2882 2112 2931 Nero
2123 2878 2322 2944 judicio
2341 2885 2462 2926 ante
2479 2876 2786 2928 Claudiumz

1716 2965 1771 3006 et
1812 2958 2010 3007 Seneca
2051 2956 2193 3006 omni
2233 2970 2289 3005 re
2331 2962 2452 3003 ante
2489 2952 2787 3004 Vitellium.

1717 3034 1928 3098 Lipsius.

1713 3147 1720 3154 .
1782 3110 2031 3173 Negatio,
2046 3123 2199 3173 quam
2218 3106 2422 3169 Lipsius
2445 3105 2531 3154 hie
2554 3106 2789 3155 inserere

1719 3187 1894 3249 vellet,
1935 3186 2103 3234 locum
2158 3184 2347 3233 habere
2400 3196 2499 3230 non
2545 3181 2787 3230 videtur:

1715 3278 1834 3312 nam
1859 3263 1924 3311 de
1957 3261 2274 3311 liberalitate
2314 3265 2514 3308 tautum
2557 3258 2789 3322 loquitur

1718 3340 1881 3402 Nero,
1901 3353 2010 3388 noir
2025 3338 2093 3387 de
2116 3336 2303 3386 ceteris
2326 3333 2621 3384 virtutibus·

1782 3419 1899 3468 Tua
1930 3425 2076 3478 aetas,
2107 3414 2294 3482 inquit,
2327 3417 2412 3461 est
2442 3409 2616 3459 adhue
2652 3424 2786 3473 prae·

1715 3495 1831 3544 miis
1870 3492 2150 3555 sufficiens,
2186 3497 2242 3539 et
2282 3503 2378 3553 ego
2415 3502 2527 3537 sum
2568 3486 2623 3536 in
2659 3486 2787 3550 ipsis

1714 3570 1871 3619 initiis
1915 3566 2120 3631 imperii
2164 3580 2226 3616 ae
2247 3562 2641 3620 ,liberalitatisz
2693 3559 2790 3611 nisi

1715 3644 1852 3696 forte
1897 3644 2180 3705 existimas,
2231 3648 2287 3692 te
2328 3640 2524 3705 majora
2568 3639 2791 3704 praemia

1715 3721 2094 3786 amplioresque
2132 3718 2416 3783 dignitates
2458 3731 2488 3764 a
2521 3731 2608 3765 me
2646 3730 2792 3765 acee-

1709 3800 1873 3864 pisse,
1912 3812 2065 3864 quam
2098 3812 2129 3846 a
2164 3795 2378 3844 Claudio
2413 3793 2661 3841 Vitellius
2706 3798 2788 3841 ter

1718 3876 1916 3939 consul,
1955 3881 2046 3924 aut
2096 3887 2178 3921 me
2227 3867 2582 3920 liberaliorem
2627 3867 2790 3918 fuisse

1718 3968 1843 4018 erga
1875 3960 1948 4013 te,
1986 3965 2136 4015 quam
2172 3948 2414 3999 Claudius
2447 3961 2574 4009 erga
2618 3945 2785 3994 illum.

1718 4031 1806 4082 Ita
1846 4029 2006 4080 sentit
2050 4029 2208 4079 etiam
2249 4024 2547 4096 Salinerim.
2617 4022 2790 4072 Pithe-

1716 4123 1797 4158 aa.
2195 4149 2198 4154 .

1719 4191 1728 4194 ”
1785 4190 1805 4216 ¹
1844 4182 2030 4236 Volusio
2050 4182 2191 4244 longa
2208 4174 2523 4246 paroimonia]
2559 4173 2689 4224 Dixi
2711 4186 2790 4223 su-

1713 4274 1850 4327 praz
1883 4256 2042 4325 addo,
2069 4258 2169 4309 hoe
2189 4267 2378 4306 nomeu
2397 4252 2452 4304 iu
2470 4250 2645 4303 Vatie.
2667 4263 2788 4306 cou-
