3063 4952
255 485 265 491 .
349 437 410 494 J.
434 437 632 502 (zm-1

2393 403 2593 487 9048?

355 599 457 661 se,
486 585 509 616 ‘
533 588 631 645 ut⁵
663 580 985 662 templum
1019 578 1106 640 D.
1141 575 1421 641 Neroni⁴¹
1447 597 1651 661 qnam
1679 565 2061 645 maturrime
2078 559 2347 665 publiea
2364 600 2572 663 peon·

354 686 478 750 nia
535 682 932 769 poneretur?
1040 680 1242 760 Quod
1294 681 1561 764 quidem
1615 682 1727 745 ille
1786 682 2193 759 decernebat,
2256 695 2283 746 t
2306 703 2571 767 ,nquam

355 788 636 852 mortale
663 787 999 868 fastigium
1026 803 1295 866 egresso
1315 790 1384 847 et
1402 786 1886 849 venerationem
1918 785 2284 850 hominum⁶
2312 787 2569 871 merito,

1042 429 1464 480 A-nnanmn
1513 427 1665 482 mn.
1705 429 1829 483 XV.
2004 425 2041 460 ’ἲ

355 952 462 997 tens
480 949 712 997 munies!
730 948 981 1010 protulisse
999 933 1302 995 mentioni.
1327 952 1387 995 ut
1419 961 1571 1011 quam
1612 947 1881 996 celerrime
1921 948 2173 1003 templum
2211 951 2575 997 exstrueretur

359 1013 506 1063 Divo
531 1013 728 1063 Neroni
753 1013 964 1076 pnhlico
988 1020 1173 1060 sumtu.
1241 1013 1380 1068 Quod
1410 1014 1601 1073 quiden
1634 1014 1790 1061 cosm
1821 1011 2036 1060 censebat
2069 1012 2295 1075 pri-cipi,
2324 1012 2458 1074 qnasi
2489 1013 2575 1077 qni

355 1083 534 1128 sortem
555 1079 824 1127 monaliu-
836 1079 949 1142 jam
980 1078 1266 1138 excessisset,
1285 1093 1342 1127 ac
1371 1079 1576 1126 celestes
1596 1079 1792 1127 bosom
1814 1078 2089 1126 meruisset:
2121 1082 2243 1141 qaod
2269 1078 2477 1140 quidem
2505 1076 2570 1127 nd

1292 1208 1648 1248 υγθθκδθθθ

360 1292 516 1342 Harl.
553 1291 765 1343 Jes.-—o
796 1291 1024 1341 Brotier.
1054 1292 1186 1354 legit
1206 1293 1549 1341 venerationem
1578 1293 1768 1348 Deum:
1799 1297 1854 1341 et
1877 1291 1951 1340 sic
1973 1291 2385 1340 emendationem
2411 1290 2578 1357 expli·

361 1365 480 1407 cat:
521 1358 620 1406 Ms.
647 1358 776 1420 Reg.
797 1357 1141 1405 venerationem
1161 1360 1224 1406 ad
1248 1359 1402 1407 Deum
1437 1360 1554 1406 item
1585 1356 1824 1406 heminam
1854 1359 2042 1406 annito.
2090 1357 2216 1405 Mss.
2247 1357 2396 1407 Harl.
2420 1356 2577 1408 Bodl.

359 1423 474 1476 Jcs.
498 1430 554 1472 et
572 1433 779 1471 veteres
803 1423 1078 1480 editiones,
1100 1424 1442 1471 mationem
1458 1424 1573 1471 item
1601 1423 1837 1471 hominurn
1860 1423 2043 1472 merita
2117 1423 2175 1471 {n
2200 1421 2576 1472 recentioribus

360 1488 677 1538 editionibus
702 1489 960 1547 omissum,
985 1490 1116 1537 itm.
1186 1490 1444 1550 Muretus,
1477 1489 1718 1549 Ursinus,
1749 1487 2197 1537 Schurzfleischius
2223 1502 2313 1550 pro
2336 1488 2578 1536 hominnm

360 1553 712 1603 emendabant
735 1554 992 1602 mittam.
1058 1552 1170 1604 Jac.
1195 1555 1509 1610 Gronovius,
1529 1555 1750 1603 coelitum.
1811 1554 1888 1602 Ex
1922 1555 2024 1603 Ms.
2053 1555 2180 1618 Reg.
2206 1562 2259 1602 et
2282 1554 2397 1614 ipso
2421 1567 2578 1602 sensu

360 1619 658 1676 emendavi,
681 1619 855 1667 Desa.
922 1619 1193 1668 Glossema
1216 1629 1317 1683 est,
1335 1622 1449 1668 item
1473 1621 1730 1668 hominum.
1765 1619 1992 1668 Brotier.
2055 1619 2413 1668 Venerationm
2428 1617 2579 1666 Ιωικί-

359 1700 497 1734 nun.
556 1684 796 1733 Muretus
834 1692 890 1732 et
926 1684 1141 1732 Ursinus
1179 1686 1511 1746 corrigebant
1552 1685 1829 1735 Numimm.
1862 1685 1979 1735 Jac.
2022 1684 2315 1734 Gronovius
2355 1684 2581 1733 caelitans.

360 1749 631 1798 Naminum
664 1751 907 1812 placebat
943 1753 1104 1798 etiam
1143 1749 1586 1801 Schurzfleiscbio.
1652 1749 2017 1813 oppositionis
2052 1751 2138 1798 lex
2173 1750 2276 1797 tale
2302 1750 2420 1811 quid
2446 1747 2581 1798 desi-

357 1813 532 1863 derat.
603 1815 804 1862 Mer-tali
812 1813 1022 1875 fastigio
1041 1816 1322 1878 opponitur
1340 1817 1578 1865 veneratio
1600 1815 1881 1865 Numinmn.
1918 1816 2045 1863 Mss.
2086 1823 2142 1863 et
2177 1814 2296 1863 edd.
2333 1819 2465 1862 vett.
2491 1812 2581 1861 ad·

360 1879 498 1930 dunt
518 1881 636 1928 item
658 1885 781 1928 ante
798 1879 1072 1937 Ιιυπιίιιαις
1103 1880 1240 1944 qnod
1280 1882 1490 1931 sustulit
1531 1883 1826 1930 Rhenanus.
1878 1880 2151 1930 Brotierus
2173 1896 2204 1928 e
2235 1881 2334 1928 Ms.
2367 1879 2497 1942 Reg.
2520 1883 2581 1928 et

360 1960 518 1996 sensu
544 1945 689 1993 dedit
713 1960 818 1992 ves.
842 1945 1017 1994 Deam.
1058 1960 1159 1994 non
1197 1948 1345 1995 male.
1402 1949 1592 1996 Ernst.
1661 1946 1800 1996 Illud
1841 1947 1957 1995 item
1994 1955 2164 1996 ortum
2198 1953 2315 1994 erat
2336 1960 2368 1995 e
2391 1944 2582 1994 vitiosa

360 2011 646 2074 scriptura,
671 2026 823 2073 qnam
849 2012 984 2058 Bml.
1008 2018 1201 2072 servat,
1222 2012 1460 2061 veneratio
1477 2014 1594 2062 item
1627 2012 1752 2061 hom.
1786 2026 1879 2075 pro
1905 2013 2245 2061 amionem
2264 2011 2390 2059 hom.
2457 2009 2581 2059 Non

360 2076 539 2137 video,
561 2076 819 2139 quomodo
844 2076 1007 2125 Rhen.
1032 2090 1259 2125 asserere
1285 2079 1537 2140 potuerit,
1562 2080 1679 2126 item
1700 2092 1801 2126 non
1836 2091 1950 2125 esse
1975 2078 2025 2125 in
2044 2078 2178 2125 libro
2203 2073 2579 2137 manuscripto.

360 2141 489 2204 Ipse
511 2141 660 2189 dedit
681 2142 1044 2202 venerationem,
1067 2142 1346 2190 emendans
1380 2143 1491 2191 scil.
1543 2142 1665 2203 Bip.
1701 2142 1773 2191 sic
1807 2142 1976 2189 locum
2012 2141 2365 2189 constituunt:
2401 2144 2449 2187 et
2470 2154 2578 2187 ven.

363 2208 566 2254 nerito.-
596 2208 729 2268 ilem,
750 2207 987 2254 honum
1017 2209 1308 2269 quorundam
1329 2208 1389 2255 ad
1409 2207 1566 2255 entim
1584 2208 1687 2255 dolo
1712 2208 1747 2257 i.
1771 2221 1819 2254 e.
1862 2205 1997 2253 inani
2032 2205 2243 2254 solertia
2282 2205 2453 2264 rebus,
2487 2202 2578 2251 nbi

368 2284 608 2333 evenere,
651 2273 826 2320 omina
869 2270 1155 2335 qnaerendi,
1184 2272 1237 2320 in
1271 2273 1459 2336 dm
1495 2273 1674 2334 exim,
1721 2270 2023 2335 praesaginm
2064 2272 2263 2331 mortis,
2298 2273 2580 2318 semerm-

365 2336 499 2386 Mihi
518 2337 803 2398 simplicior
826 2338 980 2400 longe
1003 2336 1301 2386 emendatio
1324 2338 1378 2386 in
1413 2344 1641 2386 mentem
1680 2336 1842 2398 venit,
1872 2351 2025 2400 qaam
2055 2337 2263 2386 Hillero
2285 2336 2447 2384 etiam
2466 2334 2580 2396 pla-

364 2403 535 2452 cuisse
550 2401 705 2452 video
730 2404 855 2452 Rae.
879 2407 959 2451 19.
979 2404 1273 2465 quorundam
1294 2405 1399 2454 dolo
1419 2404 1482 2451 ad
1496 2403 1653 2452 oraim
1669 2404 1745 2456 sui
1764 2404 1925 2455 exitu
1944 2406 2222 2464 redactur,
2243 2402 2344 2465 vel,
2368 2405 2426 2448 ut
2444 2399 2580 2450 Hm.

1358 2531 1574 2583 No'rAE

430 2643 456 2677 ‘¹
493 2645 734 2709 Tmplum
770 2646 841 2695 D.
884 2644 1093 2707 Neroni]
1127 2644 1266 2695 Hinc
1302 2659 1433 2708 prae-
1513 2644 1768 2694 tali'tatem
1788 2642 2048 2708 effugisse,
2060 2645 2170 2708 jam
2194 2643 2339 2710 quasi
2363 2642 2583 2692 mortale

366 2720 567 2785 sagium
586 2720 767 2770 mortis
804 2720 1140 2782 Neronianae,
1173 2726 1229 2769 et
1250 2721 1433 2771 Divum
1511 2719 1776 2784 fastigium
1810 2735 2068 2785 egressus,
2088 2729 2145 2770 et
2171 2721 2318 2786 qnasi
2338 2720 2581 2770 divinita-

364 2798 636 2862 appellans
660 2798 945 2856 Neronem,
983 2797 1026 2846 si
1060 2797 1126 2846 de
1159 2797 1433 2846 mendacio
1516 2805 1620 2847 tem
1645 2805 1913 2848 assecutus
1930 2799 2285 2862 reputabatur.

364 2888 473 2924 non
512 2873 745 2934 erubuit,
783 2873 850 2922 de
890 2871 1116 2922 infausto
1153 2873 1327 2937 potnit
1370 2872 1434 2921 ti·
1578 2876 1680 2925 Sed
1715 2876 1764 2924 id
1790 2877 1961 2940 potius
1996 2890 2148 2925 omen
2182 2875 2364 2925 mortis
2395 2880 2580 2939 postea

364 2964 509 3000 mere
531 2966 544 2997 ι
571 2950 810 3013 quoniam
832 2949 1166 2999 maledictum
1189 2954 1291 3012 est,
1309 2956 1433 2999 ante
1512 2953 1848 3016 interpretati
1871 2960 1993 3001 sunt
2030 2953 2279 3001 homines.
2346 2951 2578 3016 Ideoque

366 3023 644 3089 ἀποθέωσιν,
659 3024 827 3075 Deum
837 3024 1095 3073 Caesarem
1115 3037 1432 3088 nuncupare.

364 3105 721 3154 Tertullianus
747 3102 1023 3167 Apologet.
1045 3106 1124 3152 34.
1183 3103 1401 3154 Vertran.

437 3181 679 3243 Templum
700 3179 827 3227 Divo
852 3177 1054 3240 Neroni]
1083 3178 1234 3227 Tales
1268 3178 1433 3227 Divos

1513 3031 1677 3095 magis
1726 3030 1960 3079 mortalis
2003 3030 2256 3092 creditus,
2300 3029 2435 3094 qnod
2467 3029 2579 3093 jam

1513 3109 1684 3158 Divus
1709 3116 2005 3158 vocaretur.
2079 3174 2086 3179 ἡ

1579 3187 1663 3235 Sic
1687 3187 2038 3250 Vespasianus
2077 3186 2299 3236 moriens
2332 3187 2386 3236 in
2415 3192 2582 3236 semet

367 3257 502 3306 salse
559 3255 743 3303 derisit
780 3255 1039 3315 Diogenes
1096 3254 1322 3317 Cynicus
1361 3254 1433 3303 A·
1506 3263 1716 3327 jocatus
1733 3270 1834 3325 est,
1856 3262 1873 3289 ⁴
1893 3268 1952 3312 ut
1975 3270 2122 3326 puto,
2139 3264 2288 3312 Dens
2310 3260 2413 3324 fio,’
2437 3266 2579 3312 teste

369 3332 529 3397 poph.
551 3346 634 3381 111.
659 3335 739 3380 74.
771 3331 786 3357 ‘
811 3328 1159 3378 Athenienses
1193 3344 1289 3393 per
1310 3330 1435 3381 adu-

367 3412 613 3462 lationem
652 3409 1016 3469 decreverunt,
1047 3415 1107 3457 ut
1136 3407 1436 3459 Alexander

367 3502 466 3552 pro
490 3485 678 3536 Libero
701 3492 851 3549 patre
868 3484 1150 3532 haberetur
1166 3493 1221 3533 et
1244 3484 1436 3534 colere-

283 3592 292 3597 ·
369 3572 474 3614 tur.
558 3564 716 3612 Hunc
754 3561 1001 3610 honorem
1045 3558 1266 3609 irridens
1305 3559 1436 3609 Dio-

370 3655 560 3705 genes:
597 3640 667 3688 Et
688 3652 790 3700 me,
811 3636 995 3700 inquit,
1015 3635 1235 3698 Serapin
1256 3634 1434 3685 facite.

368 3718 447 3768 Ut
479 3716 616 3766 enim
656 3713 895 3763 Bacchus
928 3713 1065 3762 inter
1095 3711 1310 3775 Satyros
1335 3718 1438 3774 est,

368 3794 447 3844 ita
481 3792 691 3855 Serapis
731 3790 796 3840 ab
833 3790 1112 3854 AEgyptiis,
1134 3789 1310 3853 specie
1348 3789 1438 3840 bo-

368 3872 466 3935 vis,
485 3869 712 3921 colitur!

434 3952 507 4001 Et
531 3949 828 3998 Alexander
851 3948 961 4011 ipse
984 3962 1102 3998 cum
1127 3947 1316 4013 aliquis
1335 3946 1432 4011 ipsi

371 4029 531 4080 talem
548 4027 874 4077 divinitatem
889 4028 1168 4089 ingereret,
1184 4029 1198 4055 ‘
1221 4025 1432 4091 quales,'

371 4106 586 4172 inquit,‘
613 4104 706 4154 Dii
728 4119 922 4167 sumus,-
943 4105 1118 4167 timeo,
1134 4119 1200 4154 ne
1222 4104 1338 4153 Diis
1358 4104 1434 4153 in-

369 4183 498 4234 visi!

437 4260 516 4311 D.
539 4258 746 4323 Neroni]
782 4259 957 4321 Forte,
988 4258 1109 4323 quia
1140 4258 1305 4310 vitata
1327 4266 1435 4310 tam

370 4335 565 4391 infesta
584 4336 958 4404 conjuratione,
988 4335 1102 4401 jam
1135 4336 1284 4403 quasi
1303 4351 1438 4389 mor·

1516 3339 1779 3389 Suetonio.

1582 3416 1657 3466 At
1676 3417 1932 3483 quomodo
1968 3418 2135 3479 Dens,
2168 3416 2256 3481 qui
2277 3432 2344 3467 ne
2369 3416 2579 3483 quidem

1515 3493 1667 3543 homo
1686 3502 1786 3557 est,
1809 3495 1897 3560 qui
1920 3494 2097 3545 nullibi
2119 3496 2350 3560 gentium
2372 3496 2484 3546 est?
2513 3510 2581 3545 an

1515 3571 1662 3620 Deus
1696 3586 1808 3620 esse
1833 3579 2026 3635 potest,
2054 3574 2140 3636 qui
2178 3587 2291 3621 esse
2330 3578 2386 3621 et
2421 3572 2583 3637 impe-

1513 3661 1630 3696 rare
1652 3647 1837 3698 desiit?
1876 3649 1963 3697 Sic
2006 3656 2178 3698 tamen
2222 3655 2341 3712 post
2378 3648 2490 3699 fata
2524 3656 2581 3700 et

1516 3724 1717 3774 cineres
1742 3724 2086 3774 adulationem
2113 3726 2468 3790 propagabant
2489 3725 2583 3776 bo·

1516 3801 1571 3849 ni
1609 3809 1802 3867 patres,
1837 3805 1979 3867 quasi
2026 3803 2280 3851 saevitiam
2323 3817 2584 3853 successo-

1517 3892 1630 3927 rum
1653 3878 1727 3927 sic
1752 3878 2054 3928 redemturi.
2115 3880 2246 3929 Nam
2270 3895 2337 3929 ex
2354 3881 2581 3930 clemen·

1516 3953 1593 4002 tia
1614 3959 1669 4003 et
1694 3955 1916 4018 Reipub.
1940 3955 2073 4004 bene
2090 3963 2255 4019 gesta>
2274 3958 2440 4020 gloria
2460 3957 2584 4008 boni

1513 4032 1776 4096 principes
1801 4033 1933 4081 coelo
1954 4032 2149 4084 dicati:
2185 4040 2243 4083 ut
2265 4041 2447 4095 contra
2474 4048 2586 4085 sce·

1513 4110 1671 4160 lerosi
1691 4110 1860 4174 gloria
1880 4110 2036 4168 omni,
2071 4111 2306 4176 coeloque
2328 4117 2582 4163 aeternnm

1515 4187 1768 4247 abdicati,
1791 4191 2147 4251 perpetuaque
2171 4187 2223 4237 in
2248 4194 2488 4254 posteros
2508 4190 2583 4241 in-

1515 4263 1929 4317 famiadamnati
1950 4270 2089 4314 sunt.
