3063 4952
545 403 722 472 17⁷6
1255 416 1323 465 c.
1367 371 1737 465 conuenit
1782 410 2045 462 ucrrr
2115 474 2124 485 ἡ

543 566 826 633 validior
848 557 1224 645 Tigellinus
1253 561 1318 624 in
1350 561 1573 624 animo
1603 558 1958 642 Principis,
1991 563 2057 622 et
2089 558 2423 624 intimis¹⁰J
2465 562 2762 627 libidini-

543 669 671 734 bus
723 673 1101 733 assumtus:
1169 683 1485 749 prospera
1535 664 1767 746 populi
1821 669 1890 727 et
1936 663 2218 727 militum
2264 664 2446 729 fama
2493 664 2757 731 Rufus:

544 772 726 856 quod
756 771 933 857 apud
967 770 1298 834 Neronem
1329 767 1682 832 adversum
1707 767 2223 852 experiebatura

633 876 745 940 52.
814 875 1007 939 Mors
1058 873 1257 937 Burri
1302 871 1566 955 infregit
1616 870 1894 936 Senecae
1951 871 2353 955 potentiam;
2415 872 2586 958 quia
2635 892 2758 940 nec

543 979 743 1045 bonis
774 978 1024 1042 artibus
1066 976 1239 1041 idem
1268 975 1507 1040 virium
1540 980 1699 1053 erat,
1734 976 1935 1040 altero
1964 975 2143 1038 velut
2167 974 2340 1039 duce
2392 980 2648 1054 amoto,
2694 981 2761 1042 et

545 1081 734 1148 Nero
786 1080 868 1155 ad
913 1080 1291 1145 deteriores¹
1343 1078 1722 1145 inclinabat.
1812 1078 1911 1142 Hi
1941 1079 2146 1142 variis
2177 1080 2762 1144 criminationibus

546 1184 867 1248 Senecam
913 1182 1305 1258 adoriuntur,
1356 1186 1376 1215 ‘
1406 1188 1719 1264 tanquam
1750 1182 2042 1264 ingentes
2072 1187 2138 1245 et
2163 1182 2498 1265 privatum
2526 1189 2762 1266 supra²

542 1285 813 1351 modum
832 1290 1103 1349 evectas
1136 1303 1303 1367 opes
1330 1282 1554 1347 adhuc
1584 1289 1873 1367 augeret,
1905 1283 2221 1368 quodque
2250 1285 2473 1348 studia
2502 1285 2763 1348 civium

540 1392 612 1455 in
640 1409 714 1453 se
746 1393 1045 1465 verteret,
1066 1387 1406 1452 hortorum
1437 1406 1703 1471 quoque
1733 1387 2113 1452 amoenitate
2142 1392 2210 1452 et
2237 1387 2548 1452 villarum
2579 1408 2765 1471 mag-

541 1492 875 1557 nificentia
915 1491 1106 1575 quasi
1150 1491 1530 1574 Principem
1575 1489 2187 1574 supergrederetur?
2209 1498 2229 1537 ³
2321 1488 2766 1574 objiciebant

541 1598 764 1673 etiam,
810 1597 830 1627 ‘
861 1595 1257 1678 eloquentiae
1306 1593 1569 1658 laudem
1617 1596 1729 1658 uni
1775 1595 1908 1658 sibi
1954 1595 2309 1672 asciscere,
2346 1600 2414 1658 et
2460 1596 2762 1683 carmina

541 1697 834 1777 crebrius
862 1691 1215 1772 factitare,¹‘
1262 1702 1625 1780 postquam
1670 1697 1940 1761 Neroni»
1963 1716 2147 1761 amor
2177 1716 2404 1760 eorum
2431 1697 2759 1760 venisset.

2439 419 2534 485 μ.
2554 418 2625 473 υ.
2641 422 2758 473 m.

539 1845 612 1894 tia
640 1845 860 1907 Neronis,
882 1846 1002 1921 quia
1037 1861 1100 1895 ex
1135 1847 1324 1896 arcanis
1345 1847 1591 1898 libidinum
1612 1848 1831 1913 flagitiis
1862 1849 2068 1898 ascitust
2136 1828 2294 1907 Rufus
2315 1845 2489 1907 fausta
2522 1846 2681 1910 plebis
2713 1852 2760 1897 et

539 1911 743 1960 militum
765 1911 1149 1969 existimabam
1181 1915 1302 1976 quod
1321 1914 1372 1961 in
1392 1916 1548 1962 animo
1568 1914 1776 1963 Neronis
1795 1913 1892 1964 sibi
1913 1914 2138 1974 infestum
2158 1913 2403 1963 sentiebat.

605 1977 770 2024 Morte
792 1976 977 2024 Burrlu'
1000 1975 1283 2034 labefactata
1305 1977 1494 2028 Senecoe
1516 1980 1797 2039 auctoritas,
1835 1980 1944 2043 quia
1965 1995 2049 2028 nec
2069 1978 2277 2040 egregiis
2298 1977 2482 2027 artibus
2504 1980 2673 2027 endem
2694 1977 2765 2027 cis

539 2045 663 2102 erat,
686 2046 909 2104 tanquam
926 2042 1077 2089 altero
1096 2049 1276 2091 rectore
1297 2045 1499 2104 ademto,
1520 2050 1567 2094 et
1592 2046 1725 2093 Nero
1744 2046 1807 2093 ad
1827 2045 2008 2107 peiores
2029 2043 2362 2107 propendebat.
2430 2042 2490 2091 H
2494 2044 2511 2090 ἰ
2533 2042 2760 2092 Senecam

537 2106 889 2167 aggrediuntur
908 2107 1126 2168 plurimis
1145 2108 1408 2170 calumniis,
1442 2111 1586 2172 quasi
1622 2110 1787 2158 adhuc
1811 2110 2098 2158 cumularet
2136 2108 2345 2156 divitias
2383 2109 2686 2172 immensas,
2707 2114 2760 2157 et

540 2170 747 2219 civilem
773 2171 974 2219 niodum
1000 2186 1251 2235 egressas,
1267 2172 1507 2237 quodque
1527 2174 1722 2223 animos
1744 2173 1971 2222 favorem

540 2245 594 2283 et
617 2237 776 2285 etiam
800 2236 1062 2285 hortorum
1087 2239 1250 2298 cultu,
1266 2253 1327 2286 ac
1354 2239 1667 2301 praediorum
1691 2240 1959 2303 opulentia
1975 2190 2089 2288 ‹tle—re
2113 2239 2369 2288 Caesarem
2394 2239 2759 2288 antecelleret.

540 2301 892 2365 objectabant
915 2303 1090 2363 etiam,
1108 2303 1249 2367 quod
1274 2302 1530 2352 facundiae
1551 2305 1718 2354 decus
1755 2305 1838 2353 nni
1880 2304 1975 2353 sibi
2017 2310 2299 2367 arrogaret,
2336 2309 2393 2352 et
2428 2303 2624 2367 saepius
2649 2317 2757 2352 car-

536 2366 676 2417 mina
699 2374 1023 2430 contexeret,
1043 2368 1597 2433 postquam'Caesarem
1621 2370 1809 2434 cupido
1830 2384 2007 2420 eorum
2028 2369 2344 2418 incessisset.
2415 2369 2634 2433 Quippe
2649 2382 2754 2418 eum

1472 2501 1827 2520 OOOOOOOOOOOO

2010 2189 2074 2223 ue
2099 2174 2273 2236 populi
2297 2173 2394 2221 sibi
2418 2173 2756 2233 conciliaret;
2862 2224 2866 2228 ,

538 2584 600 2629 10
626 2555 711 2629 Ita
733 2580 834 2630 Ms.
859 2582 998 2631 Flor.
1065 2581 1129 2631 In
1152 2582 1281 2633 Mss.
1298 2582 1427 2646 Reg.
1445 2580 1601 2633 Corb.
1625 2587 1681 2631 et
1702 2580 1932 2633 editione
1956 2580 2213 2647 principe,
2232 2587 2279 2630 et
2302 2581 2353 2629 in
2373 2579 2583 2630 intimis.
2629 2582 2753 2631 Mas.
2855 2563 2858 2574 Ι

540 2646 689 2696 Harl.
713 2645 869 2694 Bodl.
892 2646 1002 2697 Jes.
1026 2653 1080 2696 et
1101 2648 1441 2708 Puteolanus,
1463 2663 1524 2697 ex
1548 2647 1749 2696 intimis.

601 2713 628 2759 1
666 2707 893 2759 Budens.
918 2712 1144 2762 habebat
1178 2714 1240 2762 nd
1280 2718 1502 2773 terrores,
1540 2713 1677 2761 unde
1715 2711 1943 2760 secunda
1965 2725 2148 2760 manus
2179 2712 2242 2760 ad
2277 2725 2474 2770 errores,
2507 2716 2752 2760 truncato

535 2774 679 2824 vocis
696 2776 895 2839 capite.
947 2776 1261 2836 Oberliu.—2
1293 2778 1379 2827 Sic
1415 2778 1544 2826 Mss.
1568 2776 1719 2826 Harl.
1743 2777 1894 2826 Bodl.
1918 2778 2028 2828 Jes.
2053 2775 2228 2826 Guelf.
2252 2776 2577 2825 Puteolanus
2601 2783 2659 2825 et
2677 2790 2756 2825 re-

536 2840 816 2889 centiores.
884 2841 947 2889 In
973 2843 1102 2893 Mss.
1125 2843 1256 2907 Reg.
1280 2841 1435 2893 Corb.
1459 2848 1514 2891 et
1535 2842 1767 2896 editione
1790 2842 2046 2906 principe,
2067 2843 2122 2890 in
2150 2842 2394 2905 privatum
2412 2843 2621 2891 modun.
2689 2841 2751 2891 lzn

534 2903 716 2953 mediis
741 2904 1043 2972 quibusdam
1079 2907 1410 2969 editionibus,
1442 2915 1502 2956 ut
1524 2908 1578 2957 in
1620 2907 1852 2957 Gronov.
1893 2914 1949 2956 et
1987 2906 2178 2971 Ryck.,
2214 2907 2402 2956 omissa
2431 2906 2753 2970 pra-positio.

536 2969 849 3019 Brona—3
885 2971 1014 3023 Mss.
1038 2973 1187 3023 Bodl.
1211 2972 1387 3024 Guelf.
1402 2974 1803 3037 proegrederetur.
1869 2973 2001 3024 Mss,
2037 2971 2193 3023 Harl.
2222 2972 2344 3024 Jes.
2366 2975 2749 3036 pergi-ederetur.

534 3034 638 3085 Ms.
664 3034 820 3085 Corb.
841 3039 1225 3097 congrederetur.

1539 3151 1589 3201 N
1595 3149 1751 3202 01·AE

533 3242 838 3310 principem,
861 3247 947 3312 qni
971 3247 1038 3298 sit
1075 3248 1283 3313 ignotus
1303 3267 1317 3312 3
1363 3247 1524 3312 igitur
1557 3248 1599 3297 ii
1673 3256 1736 3298 et
1760 3246 1930 3312 gratia
1951 3248 2089 3312 apud
2109 3249 2294 3317 vulgus
2314 3247 2637 3313 militesque.

532 3320 772 3384 praefecti
796 3325 1029 3388 praetorii
1063 3325 1390 3375 asciscuntur
1430 3340 1461 3374 a
1489 3326 1598 3375 Ne·
1737 3322 1755 3368 J
1793 3325 1862 3374 Et
1884 3324 2092 3388 intimis]
2137 3327 2218 3375 Ex
2243 3324 2444 3375 arcanis
2470 3323 2751 3390 voluptati·

532 3413 675 3464 rone,
717 3407 774 3449 ut
818 3417 1035 3467 quorum
1080 3402 1191 3467 jam
1235 3409 1415 3452 notum
1457 3402 1597 3466 inge·
1679 3401 1774 3451 bus
1815 3408 2068 3451 assumtus
2113 3404 2419 3467 electusque
2451 3402 2753 3466 Tigellinus,

529 3477 685 3542 nium,
706 3486 762 3528 et
782 3495 948 3530 mores
986 3482 1033 3531 ei
1071 3480 1378 3545 praecoguiti
1413 3488 1597 3529 erant:

530 3561 584 3603 et
619 3561 677 3605 ut
696 3559 1008 3622 :praecogniti
1032 3572 1199 3608 mores
1220 3559 1489 3622 utriusque
1512 3559 1599 3607 ho·

528 3632 679 3681 minis
703 3632 948 3695 fuerant3
998 3636 1073 3685 ita
1096 3641 1152 3684 et
1174 3642 1393 3702 uterque
1413 3635 1601 3699 gratia,

528 3710 867 3773 proportione
892 3719 1116 3773 servata,
1127 3713 1287 3775 pollet
1305 3711 1443 3775 apud
1464 3711 1601 3775 prin-

528 3786 718 3850 cipem,
742 3795 831 3836 aut
857 3788 993 3851 apud
1018 3789 1283 3851 populum.

592 3863 873 3929 Tigellinus
894 3866 1112 3914 validior
1142 3866 1193 3913 in
1218 3865 1386 3914 animo
1406 3865 1597 3929 princi·

528 3938 625 4003 pis,
649 3941 769 4005 quia
792 3956 978 4005 nempe
1009 3958 1097 4006 pro
1114 3943 1339 4004 cognitis,
1363 3957 1452 4002 seu
1472 3958 1598 4007 prae·

527 4020 745 4080 cognitis,
780 4021 940 4084 (quod
964 4021 1098 4074 idem
1120 4018 1223 4084 est)
1259 4021 1478 4084 moribus,
1511 4021 1597 4070 ille

527 4107 592 4144 ex
619 4096 812 4147 intimis
851 4097 1148 4147 libidinibus
1189 4106 1447 4147 assumtus
1485 4096 1597 4146 fue-

529 4177 631 4231 rat,
653 4175 751 4222 &c.
821 4173 989 4223 Rufus
1025 4189 1149 4223 vero
1192 4176 1358 4224 minus
1395 4175 1595 4224 validus

529 4248 667 4311 apud
683 4249 951 4300 'Coesarem
972 4268 987 4312 ;
1036 4251 1133 4301 sed
1172 4251 1380 4301 aliunde
1419 4252 1597 4315 etiarn,

517 4323 624 4394 ‘prb
660 4327 888 4392 coguitis
925 4327 1176 4393 moribus,
1196 4329 1418 4380 validior
1449 4328 1596 4390 fama

1675 3493 1865 3544 nempe
1901 3495 1966 3529 ex
2001 3494 2066 3529 ea
2104 3480 2325 3531 colluvie
2357 3480 2642 3543 hominum,
2667 3480 2771 3549 qni·

1675 3555 1869 3605 talibus
1893 3554 2105 3619 flagitiis
2123 3571 2339 3620 operam
2359 3555 2649 3617 navabant,
2666 3569 2753 3605 seu

1678 3649 1745 3683 ex
1769 3634 1862 3684 tali
1884 3633 2052 3683 officio
2076 3633 2362 3696 libidinum,
2383 3634 2446 3683 ad
2478 3633 2624 3682 aliud
2646 3639 2754 3683 inu-

1680 3727 1775 3761 nns
1797 3719 2071 3772 assumtus,
2093 3717 2412 3777 evectusque
2449 3710 2754 3774 Tigellinus.

1678 3789 1764 3839 Sic
1808 3790 1945 3854 apud
1998 3789 2214 3838 Sueten.
2260 3792 2343 3837 42.
2401 3787 2468 3836 de
2511 3788 2753 3837 itherio:

1677 3867 1694 3894 ‘
1720 3867 1927 3916 Novum
1952 3866 2177 3931 denique
2198 3863 2423 3916 officium
2461 3865 2694 3915 instituit
2725 3879 2765 3913 a⁴

1677 3944 2052 4007 voluptatibus,
2090 3944 2374 4007 praeposito
2397 3942 2576 4008 equite
2601 3945 2752 3993 Rom.

1677 4019 1743 4069 T.
1767 4021 1999 4070 Coesonio
2022 4018 2242 4079 Prisco‚'
2276 4023 2375 4069 ὅτε.

1741 4095 1765 4129 ¹¹
1800 4098 2028 4146 Carmina
2060 4096 2270 4145 crebrius
2299 4095 2562 4160 factitare]
2624 4096 2750 4145 Tra·

1676 4173 1957 4238 goediasne‚
1975 4189 2092 4240 quae
2115 4174 2228 4238 ejus
2247 4172 2453 4222 nomine
2478 4171 2749 4221 feruntur?

1677 4251 1799 4301 Non
1822 4250 2024 4315 opinor,
2037 4257 2103 4300 -et
2122 4250 2247 4310 alibi
2275 4249 2473 4301 videro.
2537 4249 2749 4315 Lupiae,
