3063 4952
520 400 692 467 1510

1195 463 1205 472 .
1233 419 1299 467 c.
1326 384 1709 475 :conssul
1756 419 2010 472 τΑοιτι

2405 429 2497 512 [A3
2522 432 2590 482 u.
2613 405 2726 485 sio.

518 580 703 625 oram
731 559 1150 647 Campania&
1179 561 1487 628 libertum
1517 564 1763 649 releget
1781 566 1838 629 'l‘
1924 564 2195 633 Ceteras
2240 571 2541 638 actiones
2572 545 2728 657 pro-

514 721 646 785 ginti
681 721 920 772 milliaria
955 728 1012 773 et
1050 722 1104 773 in
1127 723 1392 787 regionem
1410 722 1749 789 Campaniae?
1783 730 1959 774 cetera
1984 725 2109 789 jura
2150 729 2458 794 communia,
2481 736 2537 780 et
2578 732 2726 795 paria

1515 889 1729 941 NOTAE

510 993 699 1044 stadia.-
742 1009 805 1044 ea
858 1001 1035 1045 esseut
1088 995 1314 1046 milliaria
1361 996 1576 1047 circiter

512 1086 824 1135 Lxxxvm.;
858 1072 955 1122 nisi
993 1073 1047 1122 in
1070 1073 1242 1122 Dione
1288 1074 1575 1124 rescriben-

509 1149 631 1199 dum
655 1150 744 1213 sit,
767 1149 1075 1209 ἑπτακοσίων,
1099 1150 1237 1215 quod
1260 1157 1405 1215 puto.

523 1233 531 1241 ·
572 1227 709 1277 Sane
746 1226 811 1276 ad
847 1226 1011 1277 Praef.
1052 1223 1207 1277 Urbis
1246 1227 1575 1291 pertinuisse,

507 1303 687 1354 audire
709 1311 954 1368 patronos
973 1310 1250 1370 querentes
1266 1304 1331 1354 de
1348 1304 1573 1364 libertis,

507 1396 573 1430 ex
589 1381 813 1446 Ulpiano
834 1383 1027 1432 clarum
1047 1382 1082 1431 1.
1096 1396 1135 1432 1.
1152 1382 1216 1431 de
1235 1379 1389 1434 Offic.
1410 1381 1572 1436 Praef.

506 1458 682 1509 Urbis.

566 1536 670 1585 Sed
692 1534 910 1585 Tacitus
935 1542 1153 1599 patrono
1191 1534 1290 1600 ipsi
1319 1535 1452 1585 hauc
1488 1550 1567 1585 re-

503 1612 835 1677 legationem,
858 1619 915 1662 ut
952 1619 1196 1675 apparet,
1217 1613 1430 1663 tribuit:
1466 1628 1566 1664 nec

503 1694 677 1739 tamen
699 1688 908 1737 videtur
929 1688 1165 1751 usurpari
1190 1688 1438 1752 potuisse,
1452 1690 1564 1740 sine

498 1765 810 1816 auctoritate
833 1764 1030 1828 majori.
1065 1764 1270 1826 Lipsius.

564 1844 719 1897 Quod
743 1844 956 1907 propria
976 1843 1292 1893 auctoritate
1315 1851 1562 1907 poterant

498 1922 726 1989 patroni,
745 1922 867 1987 quia
888 1921 1005 1980 illos
1039 1921 1090 1969 in
1119 1934 1212 1969 sna
1242 1920 1340 1984 ipsi
1363 1922 1561 1984 praedia

492 1999 771 2049 mittebant
791 2014 805 2058 3
842 2004 933 2047 aut
956 1997 1251 2061 amicornm,
1272 1997 1456 2061 quibus
1467 1999 1558 2062 jus

493 2091 642 2127 suum
664 2076 874 2140 patroni
898 2073 1157 2124 cedebant
1189 2073 1241 2122 iu
1264 2074 1559 2137 pervicacia

490 2154 701 2221 ingenia
723 2154 845 2203 illa:
883 2153 970 2218 qui
1003 2167 1112 2202 mos
1135 2150 1274 2202 forte
1307 2159 1453 2203 ortus
1487 2154 1554 2204 ab

489 2246 552 2281 eo
594 2237 829 2295 tempore
864 2244 964 2295 qno
995 2228 1219 2278 nondum
1262 2230 1413 2278 luxus
1462 2236 1555 2281 aut

491 2320 620 2371 opes
658 2308 712 2356 in
766 2305 946 2355 urbem
987 2306 1210 2360 invectae
1253 2312 1420 2368 erant,
1453 2320 1552 2357 nec

488 2385 659 2436 adhuc
702 2391 888 2434 amotae
929 2386 1111 2448 procul
1157 2384 1207 2433 in
1253 2385 1557 2450 longinquas

487 2461 780 2528 provincias
800 2461 938 2511 villae
961 2460 1374 2525 possidebantur.
1433 2464 1554 2513 Nec

487 2555 548 2590 ea
567 2539 742 2590 Taciti
766 2538 983 2602 precise
1005 2537 1295 2602 capienda,
1317 2553 1483 2603 neque
1499 2539 1555 2588 in

489 2616 801 2680 Campaniam
824 2616 1008 2675 solum,
1036 2613 1127 2663 sed
1163 2621 1217 2663 et
1240 2614 1440 2677 longius
1463 2629 1552 2665 eos

483 2696 580 2758 p'ro
618 2699 745 2741 natu
780 2707 872 2741 suo
911 2704 1148 2741 amovere
1181 2691 1354 2754 potuit
1376 2698 1551 2754 patro-

481 2784 596 2821 nus.

545 2845 572 2879 ¹¹
605 2846 666 2894 In
700 2860 831 2895 orum
860 2844 1160 2908 Campanioe]
1194 2843 1333 2896 Quid
1373 2844 1548 2909 audio,

477 2924 530 2972 in
550 2938 683 2972 oram
707 2923 982 2986 Campanioe
1006 2924 1261 2985 relegatos
1282 2922 1415 2970 male
1437 2937 1546 2971 me-

476 3001 606 3053 ritos
629 3001 842 3052 libertos
866 3001 1078 3050 omnes?
1111 2999 1216 3047 Vix
1239 3006 1322 3048 est
1356 3005 1415 3049 ut
1433 3014 1543 3049 cre·

475 3080 614 3143 dam,
660 3080 821 3128 solam
873 3078 1007 3126 hanc
1053 3090 1195 3125 oram
1242 3076 1540 3139 Campaniae

474 3155 736 3206 delectam
754 3153 911 3203 fuisse
930 3155 1049 3215 lege,
1065 3153 1172 3202 sive
1188 3153 1424 3216 principis
1432 3168 1539 3202 con-

467 3233 737 3295 stitutione,
759 3232 811 3281 in
835 3245 988 3296 quam
1011 3245 1187 3280 omnes
1207 3232 1339 3279 male
1363 3230 1537 3281 meriti

467 3310 646 3360 liberti
689 3326 719 3358 a
758 3307 992 3373 patronis
1035 3300 1424 3369 relegarentur:
1481 3313 1537 3357 et

472 3400 655 3450 parum
696 3384 945 3449 prudens,
990 3389 1048 3432 ut
1092 3389 1270 3433 cetera
1311 3383 1535 3447 mittam,

469 3468 628 3528 atque
648 3462 874 3511 intutum
897 3460 1280 3522 consilium,tot
1302 3461 1534 3524 perditos

466 3539 716 3600 homines,
737 3537 872 3603 quod
913 3552 1036 3588 saue
1068 3552 1238 3587 mores
1259 3552 1435 3587 eorum
1454 3552 1533 3586 ar-

467 3613 715 3678 guebant,
735 3614 917 3662 eodem
939 3614 1232 3664 convenire.
1458 3654 1463 3659 .

499 3711 509 3719 ·
531 3690 852 3756 Adde,qnod
875 3707 1028 3755 poena
1047 3691 1131 3741 vix
1157 3707 1310 3756 poena
1328 3691 1530 3757 fuisset,

466 3782 587 3818 cum
611 3769 895 3832 Campania
934 3776 1132 3819 tractus
1171 3766 1330 3818 fuerit
1370 3771 1529 3819 totius

329 3853 375 3877 *⁴
464 3848 620 3894 terrae
641 3845 809 3895 Italiae
826 3847 1199 3896 amoenissimus
1217 3853 1374 3911 atque
1394 3846 1527 3897 fera-

461 3921 715 3973 cissimuS.

490 4008 501 4033 ’-
526 4000 725 4048 Contra
748 3999 923 4062 potius
946 4001 1284 4051 interdictum
1311 4008 1437 4065 puto
1466 4002 1525 4051 li-

459 4073 639 4140 bertis,
689 4078 777 4140 qui
822 4079 950 4125 ultra
997 4078 1266 4126 vicesimum
1318 4078 1523 4140 lapidem

456 4151 838 4215 relegabuntur,
896 4155 990 4202 hoc
1050 4162 1223 4204 tractu
1278 4161 1331 4203 et
1374 4170 1519 4219 agro.

452 4227 649 4277 Verum
683 4230 908 4280 insolens
946 4231 1194 4296 loquendi
1213 4246 1410 4296 genus,
1424 4264 1425 4267 =
1441 4232 1519 4282 καὶ

453 4301 707 4356 ἀσύνδετον
743 4306 890 4373 fecit,
912 4314 971 4356 ut
1009 4308 1185 4360 Taciti
1219 4310 1365 4361 locus
1400 4326 1518 4362 ‘cor-

1635 1047 1638 1050 .
1658 1005 2007 1062 rumperetur.
2025 1008 2032 1015 ·

1723 1074 2002 1125 Rescribe:
2043 1073 2173 1130 Quid
2191 1074 2317 1125 enim
2337 1076 2471 1126 aliud
2495 1076 2602 1126 laeso
2633 1093 2723 1142 pa-

1653 1156 1788 1200 trono
1840 1164 2122 1212 concessant,
2164 1166 2304 1214 quom
2350 1157 2406 1200 at
2454 1154 2726 1206 οἱοεεὺκιιυη

1652 1228 1782 1276 ultra
1820 1227 2039 1290 lapidem,
2062 1242 2238 1277 moram
2263 1228 2556 1292 Campaniae,
2576 1229 2719 1278 liber-

1652 1307 1753 1351 tum
1774 1304 1949 1364 releget
1965 1299 1990 1351 ‚⁹
2022 1301 2410 1352 Vult‘libertum
2431 1306 2568 1353 ultra
2584 1303 2725 1355 vice-

1653 1380 1834 1429 simum
1855 1379 2080 1443 lapidem
2101 1381 2340 1444 relegari,
2357 1395 2453 1430 nec
2474 1388 2648 1431 tamen
2665 1380 2721 1431 in

1653 1457 1934 1521 Campania
1956 1458 2165 1507 morari.
2202 1457 2407 1508 Petitus.

1715 1536 1766 1585 N
1771 1536 1910 1599 ngoe!
1947 1534 2277 1585 Levissimam
2301 1550 2526 1598 poenam,
2549 1541 2606 1587 et
2629 1536 2722 1588 be·

1647 1619 1848 1662 atorum
1879 1619 2212 1676 patronorum
2244 1613 2295 1660 in
2332 1627 2453 1663 suos
2491 1613 2715 1664 libertos

1644 1695 1896 1739 memorat
1917 1689 2162 1749 Tacitus3
2196 1687 2288 1737 sed
2309 1688 2436 1737 alias
2460 1689 2718 1754 duriores,

1643 1773 1701 1816 et
1724 1767 1879 1830 vulgo
1902 1766 2191 1815 notissimas
2215 1765 2334 1814 ideo
2370 1781 2472 1814 uon
2497 1767 2715 1834 excipit.

1642 1843 1713 1892 Et
1735 1841 1874 1892 haud
1897 1841 2055 1891 dubie
2079 1841 2358 1904 potuerunt
2394 1841 2566 1890 liberti
2604 1843 2715 1892 lon-

1641 1920 1775 1983 gius,
1792 1926 1848 1969 et
1884 1919 1937 1969 in
1975 1918 2101 1968 alias
2138 1932 2255 1967 oras
2294 1917 2563 1967 atrocioris
2592 1919 2729 1969 coeli‘

1639 1997 1879 2062 relegari,
1913 2002 2072 2061 prout
2098 1995 2301 2061 patroni
2322 1994 2553 2044 habuere
2577 2010 2716 2060 prae-

1640 2073 1742 2124 dia.
2649 2116 2656 2122 .

1659 2161 1666 2170 “
1702 2151 1832 2203 Quis
1875 2165 2071 2212 servus,
2087 2157 2179 2200 aut
2199 2149 2309 2200 fere
2342 2166 2521 2201 servus
2558 2151 2714 2201 resis-

1639 2234 1716 2278 tat
1739 2228 1925 2278 talibus
1947 2227 2189 2290 dominis,
2223 2227 2411 2292 quibus
2448 2227 2710 2292 parebant

1635 2305 1914 2370 provinciae
1952 2319 2070 2355 cum
2116 2311 2228 2354 toto
2266 2303 2430 2354 orbe?
2464 2311 2521 2355 et
2555 2311 2708 2355 certe

1635 2383 1868 2446 patronis
1907 2383 1960 2432 iu
1999 2397 2174 2432 servos
2211 2381 2460 2431 favebant
2491 2396 2709 2493 semper

1635 2459 1816 2526 optimi
1839 2459 2118 2525 principes.

1698 2538 1761 2587 In
1774 2554 1905 2587 oram
1922 2535 2220 2601 Campania]
2255 2537 2406 2585 Orum
2425 2537 2706 2607 Campania

1632 2616 1755 2665 novi
1798 2630 1864 2665 ex
1910 2615 1945 2665 l.
1987 2628 2071 2663 111.
2109 2614 2314 2663 Histor.
2338 2614 2354 2641 ‘
2377 2615 2498 2665 Jam
2537 2615 2707 2666 Mise-

1631 2707 1845 2744 nensem
1894 2693 2131 2756 classem,
2174 2702 2231 2742 et
2303 2688 2706 2757 pulcherrimam

1559 2778 1562 2779 ’
1632 2769 1928 2834 Campaniae
1971 2784 2113 2819 oram
2159 2763 2457 2821 descivisse.
2462 2771 2475 2793 ’
2508 2773 2706 2822 Moram

1630 2852 1802 2895 autem
1830 2845 2123 2910 Campanioe,
2147 2846 2336 2895 Latine
2358 2846 2483 2911 quid
2507 2848 2592 2898 hic
2613 2850 2707 2914 sit,

1626 2921 1823 2985 ignoro.
1893 2922 2213 2972 Centesimum
2280 2926 2412 2973 ultra
2467 2926 2700 2990 lapidem,

1621 2999 1943 3049 scribendum
1997 3000 2181 3049 vicisse
2271 3000 2395 3050 mihi
2450 3000 2700 3054 videntur

1621 3076 1848 3140 Lipsius,
1886 3083 1941 3126 et
1987 3078 2262 3127 Camillus
2287 3079 2606 3144 Peregrinus
2639 3081 2697 3132 in

1618 3166 1778 3215 opere
1800 3152 1960 3202 docto
1980 3152 2044 3200 de
2065 3153 2263 3216 Capua.
2515 3204 2518 3205 γ

1683 3229 1873 3277 Mirum
1922 3237 2096 3278 tamen
2144 3229 2198 3279 in
2240 3246 2372 3280 oram
2412 3233 2696 3298 Campania

1615 3305 1830 3356 libertos
1854 3306 2094 3371 relegari.
2157 3308 2261 3357 Sed
2292 3309 2580 3375 sciendum,
2600 3326 2693 3362 ne-

1616 3383 1805 3432 minem
1841 3384 2128 3448 relegatum
2152 3386 2364 3450 proprie
2392 3387 2442 3436 iu
2466 3387 2714 3453 Campa-.

1614 3460 1782 3522 niam3
1813 3466 1818 3473 '
1844 3461 2034 3511 nedum
2085 3476 2285 3528 omnes,
2328 3471 2384 3514 et
2438 3479 2691 3531 nusquam

1613 3537 1733 3586 alio.

1679 3616 1952 3679 Relegatio
1973 3615 2135 3666 fiebat
2156 3618 2291 3667 ultra
2321 3621 2690 3673 centesimum.

1610 3693 1686 3744 At
1722 3695 1894 3745 locum
1926 3694 2067 3744 ultra
2096 3697 2438 3747 centesimum
2461 3699 2689 3763 quilibet

1609 3772 1710 3823 sibi
1732 3773 1943 3838 legebat
1968 3774 2098 3838 ipse,
2124 3774 2212 3838 qni
2232 3777 2397 3824 solum
2428 3778 2687 3830 vertebat.

1675 3850 1755 3898 Ex
1805 3849 1885 3898 his
1942 3851 2101 3913 igitur
2143 3852 2376 3915 aliquos,
2416 3853 2685 3919 praecipue

1608 3926 1876 3988 lautiores,
1899 3927 2235 3990 Campaniam
2265 3929 2582 3992 praetulisse,
2602 3936 2685 3981 at,-

1610 4018 1709 4067 que
1730 4002 1850 4051 huic
1873 4002 2083 4053 invidiae
2106 4005 2426 4056 occasionem
2449 4006 2688 4071 dedisse,

1603 4079 1731 4128 satis
1749 4086 1828 4129 est
1848 4081 2172 4130 verisimile„
2209 4081 2272 4130 In
2311 4084 2550 4147 exemplo
2593 4092 2680 4135 est

1603 4158 1855 4206 Etruscus
1877 4157 2016 4222 apud
2036 4158 2260 4208 Statium
2284 4160 2477 4210 tertio:
2511 4160 2529 4188 ⁸
2546 4162 2677 4211 mol·

1601 4233 1676 4283 les
1692 4233 1942 4297 Campani
1978 4234 2169 4285 littoris
2205 4250 2319 4285 oras
2357 4236 2428 4285 Et
2461 4235 2678 4290 Diome-

1600 4311 1742 4364 daeas
1764 4314 2052 4366 concedere
2057 4315 2235 4380 jussus
2257 4316 2311 4368 in
2335 4317 2519 4370 esces.²
