3063 4952
609 509 722 605 28.
767 536 1096 604 Manebat
1149 538 1574 606 nihilominus
1619 539 1931 624 quaedam
1984 541 2208 623 imago
2257 538 2476 626 Reip..

1205 395 1271 443 C·
1316 392 1516 442 nom!
1526 391 1682 442 ΕΒΗ
1731 391 1996 443 ’manvu

2413 393 2507 465 [A.
2523 399 2597 453 υ.
2616 407 2732 455 sio.

2551 536 2731 608 Nam

525 639 699 710 inter
718 640 1108 708 Vibullium¹
1142 639 1538 707 Proetooem¹
1567 648 1638 707 et
1682 642 1902 727 plebei
1946 642 2317 708 Tribunum
2361 643 2731 710 Antistium
2823 737 2824 740 Ἴ

530 787 539 792 ’
591 791 770 855 Aliqua
788 796 946 841 tamen
965 795 1207 855 supererat
1233 790 1375 855 Κάρ.
1395 791 1585 907 species.

528 856 788 909 Vibullius
813 861 1067 921 prator-em
1086 862 1135 908 et
1155 856 1573 908 Antistiuntnbu

1659 791 1844 855 Quippe
1874 806 1991 840 eum
2029 797 2159 840 mota
2190 794 2426 843 contentio
2459 799 2594 845 esset
2612 757 2737 844 inter

1574 870 1685 906 nm
1701 856 1873 922 plebis,
1895 858 2019 922 quod
2038 857 2256 907 tribunus
2288 858 2737 924 relinquimus&

1469 989 1801 1013 ulmeae

589 1090 619 1137 ἱ
653 1087 783 1138 Mss.
804 1089 938 1154 Reg.
956 1088 1110 1139 Bodl.
1130 1093 1187 1138 et
1212 1087 1467 1138 editiones
1491 1094 1718 1151 veteres,
1738 1086 2005 1138 Bibulium.
2052 1088 2179 1138 Mss.
2214 1087 2369 1139 Harl.
2404 1093 2461 1139 et
2492 1087 2608 1141 Jes.
2642 1089 2737 1140 Bi

524 1151 703 1206 buhun.
748 1154 955 1220 Lipsius
975 1160 1032 1205 et
1054 1154 1390 1219 recentiores,
1433 1153 1708 1205 Vibullium.

1762 1154 1969 1204 Nomen
2002 1168 2375 1220 nonnunquam
2409 1156 2660 1207 occurrit
2677 1155 2733 1205 in

1528 1269 1743 1322 No'rAE

522 1366 672 1417 velut
712 1366 985 1430 ingenuus,
1035 1367 1110 1417 ita
1149 1374 1210 1417 ut
1251 1366 1364 1417 fere
1406 1367 1591 1417 eodem

514 1442 635 1508 jure
659 1448 799 1493 esset
832 1458 935 1509 quo
960 1444 1106 1495 cives
1128 1450 1183 1495 et
1214 1444 1441 1507 ingenui,
1460 1444 1590 1493 lieet

524 1535 709 1572 revera
731 1535 833 1570 non
868 1528 1011 1574 esset
1044 1522 1334 1587 ingenuus;
1368 1537 1472 1571 non
1513 1529 1589 1571 ta-

523 1612 642 1660 men
669 1598 792 1663 jure
832 1599 973 1649 civili
1018 1599 1071 1649 id
1114 1598 1304 1662 fiebat3
1339 1600 1493 1650 immo
1533 1600 1588 1650 id

524 1674 684 1726 fiebat
720 1671 874 1726 extra
912 1676 1163 1742 ordinem,
1200 1684 1394 1741 praeter
1418 1677 1509 1741 jus
1534 1683 1591 1725 et

522 1752 670 1817 leges
687 1767 881 1817 omnes,
903 1762 957 1803 et
978 1756 1088 1805 sola
1107 1755 1376 1804 voluntate
1397 1753 1590 1819 princi·

524 1827 642 1893 pis3
676 1844 842 1895 neque
866 1831 922 1881 id
962 1847 1054 1896 per
1076 1831 1334 1897 judicium
1356 1832 1590 1895 ingenui·

525 1906 670 1970 tatis,
711 1907 787 1957 ita
830 1914 889 1978 ut
934 1909 1289 1975 declararetur
1331 1917 1476 1960 ortus
1523 1923 1590 1960 ex

524 1987 723 2037 civibus
744 1990 988 2040 Romanis
1007 1992 1262 2056 ingenuis.
1454 1981 1459 1987 ⁶

591 2066 778 2130 Neque
837 2060 973 2118 enim
1018 2070 1101 2118 vel
1164 2069 1338 2119 Icelus
1398 2067 1587 2119 Galboe

521 2142 759 2209 libertus,
778 2146 859 2195 vel
884 2145 1143 2198 Asiaticus
1168 2147 1390 2210 Vitellii,
1411 2161 1588 2211 quam-

521 2218 602 2269 vis
623 2222 793 2271 ornati
817 2225 986 2274 aureis
1019 2225 1239 2286 annulis,
1275 2231 1331 2273 et
1366 2222 1495 2272 facti
1522 2236 1587 2271 ex

522 2295 731 2346 libertis
772 2298 910 2349 cives
949 2307 1005 2351 et
1041 2302 1262 2367 equites,
1297 2301 1370 2350 illi
1410 2307 1584 2348 tamen

521 2386 690 2438 neque
746 2374 995 2427 declarati
1039 2379 1264 2442 ingenui,
1302 2376 1447 2442 quasi
1492 2392 1589 2439 per

511 2449 600 2515 jus
647 2452 820 2521 civile,
862 2448 1032 2521 neque
1069 2455 1328 2521 judicium
1375 2452 1586 2518 aliquod

520 2527 855 2594 ingenuitatis
880 2532 945 2582 de
969 2532 1028 2581 iis
1049 2532 1437 2596 pronuntiatum
1457 2537 1553 2580 est.

586 2603 662 2656 At
705 2607 800 2657 hoc
842 2617 1016 2659 nostro
1055 2625 1179 2658 casu
1226 2609 1395 2671 Paris,
1441 2607 1588 2672 quasi

519 2682 717 2747 legibus
750 2692 805 2734 et
827 2687 946 2750 jure
981 2686 1121 2736 civili
1144 2687 1292 2735 Rom.
1318 2692 1398 2734 est
1421 2697 1587 2734 asser·

519 2765 606 2810 tus
650 2761 703 2810 in
739 2762 1038 2813 libertatem
1084 2771 1140 2817 et
1173 2763 1467 2813 declaratus
1510 2762 1585 2811 in·

521 2851 739 2901 genuus,
780 2841 1271 2904 pronuntiatumque
1302 2837 1588 2901 ingenuita-

520 2914 588 2963 tis
613 2916 863 2979 judicium
888 2918 1036 2982 jussu
1081 2915 1327 2974 Neronis,
1360 2928 1461 2978 quo
1500 2912 1589 2960 de-

521 2992 752 3042 claratur
769 3001 910 3044 ortus
928 3010 993 3044 ex
1012 2993 1313 3060 parentibus
1334 2989 1587 3055 ingenuis,

521 3074 578 3118 et
597 3070 683 3136 qui
715 3086 975 3138 nunquam
1010 3072 1313 3134 servissent,
1335 3075 1391 3119 et
1412 3067 1586 3118 deela-

518 3152 666 3197 ratur
703 3149 816 3212 ipse
844 3150 1105 3200 immerito
1140 3155 1196 3198 et
1230 3158 1506 3210 perperam
1531 3146 1589 3195 in>

521 3225 826 3278 servitutem
865 3236 1063 3279 tractus
1101 3242 1133 3277 a
1171 3224 1409 3275 Domitia
1441 3228 1533 3273 aut
1556 3239 1588 3274 a

518 3303 811 3356 venditore.
900 3354 905 3357 ,

582 3379 654 3428 Et
697 3379 831 3432 forte
866 3387 972 3433 tam
1012 3379 1226 3446 ,egregio
1265 3384 1474 3443 tamque
1524 3378 1587 3427 il-

477 3502 484 3507 .
518 3453 669 3504 lustri
710 3457 1055 3520 Pantomimo,
1099 3464 1151 3504 et
1191 3453 1280 3519 qui
1322 3455 1375 3502 in
1420 3455 1590 3516 gratia

519 3527 919 3594 flagrantissima
940 3533 1078 3598 apud
1117 3532 1400 3596 principem
1430 3539 1589 3596 esset,

519 3619 622 3654 non
638 3606 870 3672 defuere,
895 3610 982 3675 qui
1007 3609 1362 3674 genealogiam
1376 3611 1591 3674 ‚amplis-

519 3681 718 3747 simam,
758 3686 1176 3746 vetustissimam,
1198 3686 1590 3735 nobilissimam-

519 3773 618 3824 que
642 3761 690 3809 ei
714 3769 1075 3825 contexerent,
1107 3770 1163 3811 et
1201 3762 1384 3811 mirum
1408 3761 1588 3826 fuerit,

518 3834 573 3882 ni
597 3836 751 3886 etiam
785 3839 849 3886 ad
889 3839 1083 3900 regiam
1121 3839 1343 3902 aliquam
1367 3842 1587 3903 stirpem

519 3910 654 3961 illius
675 3920 891 3963 stemma
930 3913 1188 3965 referrent
1225 3925 1282 3964 ut
1310 3915 1507 3966 factum
1534 3919 1586 3966 in

519 3989 734 4040 Claudio
773 3991 1035 4053 Pallante,
1084 3992 1220 4042 Acte
1280 3994 1486 4058 liberta,
1530 4002 1586 4045 et

518 4068 660 4120 aliis:
696 4075 750 4119 et
785 4076 843 4119 ut
868 4070 1147 4119 etiamnum
1171 4068 1230 4119 fit
1254 4071 1303 4118 in
1330 4072 1582 4121 similibus

520 4145 798 4210 capitibus,
816 4161 937 4195 cum
954 4143 1141 4196 florent
1162 4136 1348 4212 opibus
1381 4156 1437 4198 et
1471 4165 1584 4215 gra·

520 4220 596 4271 tia
610 4221 940 4273 dominantis.

585 4297 754 4363 Igitur
793 4299 1088 4351 declaratur
1137 4299 1397 4368 ingenuus·
1428 4301 1585 4357 Paris

1661 1366 1861 1432 jndicio
1884 1366 2100 1429 solenni,
2129 1381 2231 1416 non
2271 1373 2445 1417 tamen
2481 1366 2543 1418 fit
2575 1382 2735 1433 eques

1674 1447 1824 1495 Rom.
1847 1460 1944 1495 nec
1983 1446 2173 1494 dantur
2202 1445 2304 1509 ipsi
2343 1446 2521 1496 annuli
2562 1445 2735 1497 aurei:

1660 1523 1770 1587 jam
1795 1522 1934 1573 enim
1955 1523 2148 1573 saltare
2184 1524 2526 1585 non-liceret3
2559 1539 2661 1574 nec
2685 1523 2735 1573 id

1670 1598 1894 1650 siluisset
1947 1600 2194 1661 Tacitus;
2272 1601 2407 1650 sicut
2460 1615 2630 1665 neque
2670 1601 2735 1651 de
2770 1620 2774 1623 ’

1671 1678 1816 1727 Icelo
1838 1684 1930 1728 aut
1946 1678 2176 1729 Asiatico
2196 1679 2415 1730 reticuit
2433 1697 2448 1741 ;
2473 1685 2529 1730 et
2549 1679 2737 1731 fuisset

1668 1754 1822 1818 longe
1847 1755 2011 1819 major
2038 1753 2254 1803 infamia
2279 1756 2521 1820 Neronis,
2542 1757 2738 1821 siprae-

1670 1837 1817 1881 terea
1841 1838 2081 1881 ornasset
2112 1831 2495 1882 Pantomimum
2529 1831 2736 1898 fastigio

1670 1907 1915 1972 equestri.

1732 1991 1767 2016 '
1796 1984 2068 2048 amiciam]
2115 1985 2200 2036 Ita
2237 1985 2338 2035 fuit
2373 1984 2569 2036 factum
2605 1987 2738 2051 judi-

1667 2062 1792 2111 ciam
1827 2062 2161 2124 ingenuitatis,
2207 2069 2262 2112 et
2304 2063 2378 2112 ita
2413 2063 2735 2115 declaratum

1669 2146 1750 2187 est
1788 2151 2048 2203 nunquam
2061 2139 2205 2203 juste
2227 2140 2473 2189 Paridem
2496 2142 2740 2204 servisse,

1651 2220 1726 2264 -ut
1748 2230 1863 2280 quae
1897 2216 2149 2267 Domitiae
2191 2224 2421 2282 patronae
2458 2233 2552 2283 pro
2581 2218 2738 2284 liber-

1668 2300 1779 2343 tate
1802 2292 2043 2355 dederat,
2075 2296 2345 2358 repetierit
2370 2311 2464 2359 per
2480 2294 2737 2360 Judieem,

1667 2384 1757 2419 seu
1776 2383 1871 2433 per
1895 2369 1946 2417 id
1968 2372 2134 2434 ipsum
2157 2372 2414 2436 judicium
2446 2373 2736 2436 ingenuita-

1671 2447 1758 2506 tis,
1778 2460 1879 2495 non
1896 2444 2034 2496 forte
2060 2454 2166 2498 tam
2188 2449 2380 2513 ingrati
2403 2439 2562 2499 animi
2583 2448 2735 2512 vitio,

1667 2539 1821 2590 quam
1841 2526 1960 2589 quia
1985 2526 2138 2575 aliter
2163 2530 2457 2591 perpetrari
2483 2529 2586 2578 tale
2596 2529 2736 2590 jadi-

1666 2603 1790 2651 dum
1809 2603 2128 2664 ingenuitatis
2148 2618 2251 2653 non
2274 2604 2525 2667 potuerit.

1733 2680 1870 2729 Nam
1892 2679 2015 2745 quid
2039 2681 2222 2731 decem
2245 2683 2507 2744 sestertia,
2525 2682 2568 2731 si
2588 2689 2739 2733 recto

1655 2757 1878 2822 jndicio,
1917 2758 2167 2823 justoque
2223 2758 2392 2822 pretio
2448 2758 2738 2809 estimetur

1669 2835 1787 2883 talis
1822 2841 2100 2900 tantusque
2144 2836 2538 2886 Pantomimus?
2577 2839 2736 2887 decem

1672 2923 1757 2959 us.
1775 2906 1896 2961 sunt
1908 2916 2025 2962 260.
2051 2914 2299 2977 coronati,
2312 2928 2401 2964 seu
2414 2918 2528 2966 750.
2545 2916 2714 2966 librae.

1729 2986 1835 3036 Sed
1890 2987 1944 3037 id
1994 2990 2341 3053 compositum
2389 2990 2442 3040 in
2489 2978 2741 3058 speciem:

1666 3063 1786 3128 qnia
1805 3077 1911 3113 non
1947 3067 2120 3129 potuit
2148 3067 2303 3116 aliter
2331 3068 2483 3118 Paris
2505 3068 2557 3116 in
2580 3069 2736 3118 liber-

1666 3148 1832 3193 tatem
1852 3158 1942 3193 seu
1964 3144 2339 3209 ingenuitatem
2371 3146 2623 3196 vindicari
2650 3148 2736 3211 ju-

1666 3219 1802 3269 dicio
1820 3226 1876 3271 et
1897 3221 2121 3287 legibus,
2144 3225 2266 3289 quin
2292 3226 2441 3274 simul
2466 3231 2740 3289 repeteret

1667 3312 1699 3346 a
1723 3299 1971 3363 Domitia,
1992 3300 2130 3364 quod
2154 3300 2349 3366 injuste
2373 3318 2439 3352 ex
2464 3304 2737 3368 supposito

1666 3376 2006 3438 persolvisset
2027 3392 2123 3441 pro
2144 3378 2409 3441 libertate,
2432 3394 2583 3445 quam
2607 3394 2738 3429 nun-

1668 3465 1821 3514 quam
1847 3466 1968 3501 vere
1995 3454 2251 3504 amisisset
2283 3456 2400 3507 ille:
2443 3472 2541 3506 nec
2566 3458 2742 3521 potuit

1656 3528 1909 3593 judicium
1934 3531 2269 3595 ingenuitatis
2302 3533 2433 3596 lieri,
2458 3533 2557 3582 nisi
2581 3549 2739 3598 pecu-

1669 3606 1804 3654 niam
1828 3605 2001 3656 datam
2023 3621 2115 3670 pro
2138 3608 2380 3659 libertate
2406 3616 2690 3674 repeteret.

1735 3684 1923 3749 Neque
1961 3684 2115 3734 aliter
2152 3685 2303 3736 Paris
2329 3687 2460 3750 eripi
2490 3686 2738 3738 Domitiae

1667 3762 1859 3825 potnit,
1884 3761 1982 3810 nisi
2021 3777 2119 3825 per
2157 3765 2262 3812 tale
2291 3763 2551 3827 judicium
2591 3754 2742 3828 inge-⁸
2777 3829 2783 3834 “

1666 3838 1898 3887 nuitatis.
1948 3839 2181 3888 Domitia
2202 3842 2357 3901 enim,
2382 3846 2627 3905 tanquam
2650 3857 2739 3905 pa-

1670 3923 1839 3978 trona,
1855 3917 1945 3980 Jus
1986 3916 2035 3964 in
2078 3915 2322 3967 libertum
2361 3931 2507 3965 suum
2545 3917 2736 3967 retine-

1666 3994 1776 4056 bat,
1809 3994 1946 4058 quod
1984 3995 2075 4059 jus
2113 3993 2352 4044 amittere
2390 4008 2488 4042 non
2542 3996 2737 4058 potuit,

1665 4071 1763 4121 nisi
1808 4087 1903 4136 per
1948 4073 2054 4122 tale
2089 4072 2367 4136 judicium,
2413 4087 2504 4121 seu
2562 4074 2737 4137 potius

1663 4138 1878 4212 scelus,
1886 4157 2247 4214 perpetratum
2282 4150 2433 4215 jussu
2487 4151 2743 4225 Neronis,

1663 4223 1795 4276 falsa
1816 4227 2133 4291 speciejuris
2157 4233 2213 4277 et
2232 4228 2422 4292 legum.

1727 4309 1755 4339 ¹¹
1788 4306 1920 4359 Nam
1965 4305 2095 4357 inter
2153 4305 2415 4359 Vibullium
2447 4302 2745 4372 Praetorem]
