3063 4952
545 362 722 485 '1756

1258 425 1325 474 c.
1373 419 1737 472 normann
1786 406 2056 468 'morri'
2073 380 2081 391 ²

2350 461 2364 475 .
2425 417 2519 484 [Α.
2545 414 2618 471 U.
2641 423 2756 471 81⁵.

538 581 552 634 ξ’
598 560 605 569 ”
631 577 742 642 44.
790 579 812 611 ‘
841 532 1054 641 Libeti
1081 564 1463 660 argmenta
1491 569 1876 654 conquirere
1901 567 1972 631 in
1999 584 2102 644 eo,
2124 561 2324 648 quod·
2338 560 2759 646 sapientiori·-

615 725 801 776 Placet
822 725 1137 789 investigare
1159 724 1382 773 rationes
1410 721 1463 771 in
1484 736 1549 771 ea
1572 721 1877 786 quaestione,
1913 733 2027 783 quae
2068 713 2493 782 prudentioribus
2514 713 2625 775 jam
2647 712 2761 777 otim

1545 835 1764 886 NOTIE

615 920 726 970 Per
761 919 1250 984 interrogationem3
1286 918 1440 968 Libet
1464 931 1613 981 argu-

548 1005 724 1048 menta
746 1013 879 1047 nunc
914 1000 1075 1047 etiam
1096 996 1420 1061 conquirere,
1443 1002 1501 1044 ut
1524 994 1614 1043 ad·

550 1074 654 1123 huc
675 1073 1077 1136 demonstretur,
1104 1081 1306 1121 veteres
1329 1070 1615 1135 prudenter

551 1148 883 1214 deliberasse,
924 1148 1286 1213 sapienterque
1339 1159 1615 1210 usurpasse

544 1218 711 1275 'talem
751 1225 1078 1274 severitatem
1118 1223 1362 1273 adversus
1403 1221 1613 1271 servos?

555 1317 766 1366 agamus
790 1317 922 1368 nunc
946 1303 1092 1365 quasi
1129 1302 1281 1351 hodie
1318 1301 1539 1364 primum
1564 1299 1616 1348 in

552 1379 652 1428 hac
697 1379 981 1444 quaestione
1025 1378 1354 1429 statuendum
1400 1377 1617 1427 habere·

554 1470 686 1518 mus,
704 1456 1018 1506 creditisne?
1050 1459 1149 1507 ὅτε.

620 1534 938 1599 Ceterasque
974 1534 1200 1584 rationes
1235 1535 1406 1599 pergit
1428 1532 1618 1583 afferre

557 1613 779 1676 Cassius,
818 1613 1001 1678 quibus
1035 1613 1239 1663 evincat
1275 1629 1305 1662 a
1336 1613 1619 1674 veteribus,

558 1695 800 1755 tanquam
823 1689 1241 1754 sapientioribus,
1264 1690 1334 1740 sic
1359 1696 1501 1740 recte
1513 1689 1621 1754 jus-

559 1760 715 1831 teque
734 1767 1077 1817 deliberatum
1099 1782 1230 1818 esse.

626 1844 1015 1907 Pronuntiemus]
1046 1845 1146 1893 Vel
1167 1843 1221 1894 id
1256 1844 1440 1894 referri
1461 1843 1621 1895 debet

561 1920 626 1970 ad
647 1921 718 1982 id,
742 1921 876 1984 quod
902 1920 1174 1984 praecedit,
1192 1921 1290 1972 hoc
1312 1936 1501 1983 sen3u3
1536 1918 1622 1970 An

561 1996 683 2062 quia
704 1997 918 2060 injurias
954 2011 1071 2046 suas
1111 1998 1249 2046 uitus
1271 2003 1354 2046 est
1385 1994 1626 2047 interfec-

561 2075 674 2124 tor?
693 2089 757 2123 an
779 2075 896 2141 qnia
913 2074 1108 2124 avitum
1121 2076 1429 2140 mancipium
1451 2074 1624 2124 detra-

559 2149 815 2201 hebatur?
871 2144 1316 2215 pronuntiabimus
1363 2152 1622 2202 dominum

554 2228 676 2293 jure
701 2244 889 2278 caesum
915 2230 1099 2282 videri.
1162 2232 1261 2281 Vel
1294 2231 1358 2280 ad
1397 2230 1450 2279 id
1484 2231 1622 2295 quod

564 2306 815 2377 sequitur,
837 2307 938 2370 sic3
976 2309 1328 2374 pronuntiemus
1365 2311 1507 2372 ultro,
1546 2312 1629 2373 ἔμ’.

562 2382 665 2432 Sed
711 2384 824 2434 libet
869 2391 979 2434 ante
1021 2391 1299 2448 argumenta
1341 2387 1630 2453 conquirere,

563 2460 707 2525 qnasi
749 2461 822 2510 sic
862 2461 1160 2527 scripsisset
1198 2461 1448 2512 Tacitus:
1505 2462 1633 2513 Pro-

565 2538 879 2603 nuntiemuS,
901 2538 994 2589 sed
1033 2539 1166 2589 libet
1194 2538 1449 2602 inquirere
1474 2537 1634 2625 prins,

564 2628 632 2666 an
656 2620 800 2665 recte
840 2614 1223 2679 pronuntiaturi
1258 2614 1448 2663 simus?
1484 2613 1633 2678 quasi

557 2690 666 2755 jam
709 2692 929 2755 primum
974 2692 1038 2741 de
1078 2707 1140 2741 ea
1177 2706 1233 2742 re
1274 2698 1635 2754 statueremus,

552 2768 712 2831 quasi
735 2782 989 2833 nusquam
1025 2776 1179 2817 antea
1202 2768 1303 2817 de
1290 2784 1404 2834 ipsa
1440 2769 1634 2819 delibe-

566 2847 737 2893 ratum
761 2850 851 2892 aut
873 2843 1213 2894 constitutum
1235 2851 1391 2895 esset.

634 2920 1024 2985 Pronuntiemus]
1071 2923 1156 2971 Ne
1180 2922 1363 2972 seriem
1387 2921 1634 2972 orationis

558 3002 852 3047 ‘connexam
877 2997 1024 3045 simul
1049 3002 1104 3046 et
1121 2998 1257 3047 clare
1277 3011 1482 3061 semper
1499 3013 1635 3062 quae-

568 3087 652 3124 ras
679 3074 813 3138 apud
831 3074 1068 3124 Tacitum
1091 3075 1516 3125 concionantem:
1543 3076 1630 3126 ab·

538 3145 542 3149 ”
571 3151 759 3210 scissus
782 3157 837 3200 et
861 3151 1112 3215 abruptus
1147 3153 1317 3203 Taciti
1345 3154 1522 3216 genius
1548 3159 1632 3203 est

570 3230 626 3281 in
644 3229 992 3280 orationibus:
1027 3231 1203 3279 statim
1226 3230 1290 3278 ad
1311 3231 1409 3279 alia
1428 3231 1634 3295 transit,

553 3322 710 3373 ,saepe
732 3322 833 3357 non
866 3308 987 3358 satis
1020 3310 1280 3373 completo
1302 3323 1473 3374 sensu,
1498 3314 1554 3359 et
1577 3323 1633 3358 se

570 3385 771 3450 legenti
804 3384 1040 3434 suffurari
1066 3381 1233 3434 amat.

568 3515 571 3518 ,
637 3462 739 3513 Sed
761 3463 966 3526 genium
1005 3463 1146 3520 illum
1176 3462 1366 3513 sectari
1391 3463 1558 3513 animo
1582 3468 1636 3513 et

536 3538 540 3544 ”
573 3540 692 3591 cum
724 3539 814 3587 ilio
854 3539 1069 3589 transire
1116 3539 1181 3587 ad
1228 3538 1434 3589 diversa
1479 3539 1636 3589 debc-

573 3630 706 3677 mus,
731 3621 785 3665 et
804 3621 1119 3664 connectere
1143 3628 1311 3677 sensa,
1333 3629 1433 3663 non
1461 3614 1637 3677 verba,

573 3691 711 3742 haud
730 3692 1002 3748 admodum
1031 3692 1193 3754 auxii,
1217 3692 1259 3741 si
1278 3707 1454 3741 sensus
1480 3691 1638 3742 inter·

573 3771 756 3832 ruptus
799 3768 885 3832 sit,
931 3783 1118 3834 neque,
1159 3768 1395 3817 videatur
1433 3770 1639 3819 omnino

572 3848 882 3911 completuS,
908 3860 1060 3910 quem
1083 3860 1175 3894 nos
1198 3846 1293 3909 ipsi
1317 3846 1535 3909 implere
1554 3847 1642 3895 de-

1694 917 1875 979 instar‚
1918 920 1974 965 et
2018 915 2191 979 potius
2259 911 2458 977 assequi
2505 909 2766 997 debemus

1694 1008 1900 1043 sensum
1919 993 2166 1055 auctoris,
2186 1006 2336 1057 quam
2360 988 2541 1039 verba.
2610 988 2618 993 '

1758 1072 1844 1120 Sic
1867 1072 1933 1120 ab
1955 1070 2063 1120 istis
2091 1069 2282 1130 verbis,
2311 1072 2396 1117 aut
2419 1067 2607 1117 avitum
2632 1066 2764 1129 mani

1694 1150 1870 1213 cipium
1890 1149 2242 1211 detrahebatur,
2262 1147 2439 1197 statim
2478 1145 2679 1196 transit
2702 1136 2766 1194 ad

1697 1227 1919 1287 diversa,
1946 1226 2306 1290 pronuntiemus
2346 1227 2473 1274 ultro
2515 1223 2766 1291 dominum

1684 1305 1801 1366 jure
1819 1319 1988 1353 caesum
2021 1303 2173 1354 videri
2187 1319 2205 1363 ,-
2250 1302 2369 1351 dein
2392 1302 2665 1366 conquirit
2688 1310 2771 1349 ars

1699 1387 1961 1444 gumenta,
1999 1380 2204 1444 quibus,
2236 1379 2382 1444 quasi
2417 1379 2471 1428 in
2511 1393 2569 1428 re
2614 1392 2772 1441 nova,

1698 1457 1922 1518 evincat,
1945 1457 2082 1507 aliud
2115 1471 2218 1505 non
2251 1471 2402 1520 posse
2411 1457 2557 1520 juste
2582 1455 2773 1504 decer·

1697 1534 1769 1595 ni,
1805 1540 1860 1583 et
1900 1532 2145 1596 antiquis,
2166 1537 2227 1580 ut
2259 1530 2685 1595 sapientioribus,
2715 1529 2772 1579 id

1697 1613 1817 1662 oiim
1858 1616 2004 1687 recte
2039 1609 2293 1659 sancitum
2335 1610 2469 1673 esse,
2491 1613 2555 1656 ut
2575 1616 2778 1677 nempe

1698 1704 1874 1739 omnes
1912 1689 2049 1739 servi
2088 1688 2140 1736 in
2177 1703 2241 1738 ea
2283 1686 2435 1737 domo
2491 1692 2773 1735 manentes

1699 1773 2030 1817 necarentur.
2767 1772 2776 1785 ⁴

1766 1842 2154 1907 Pronuntiemus]
2208 1841 2487 1893 Concessio
2533 1841 2624 1890 ilia
2671 1846 2776 1904 est,

1701 1922 1794 1972 sed
1818 1921 2131 1986 indignantis
2153 1928 2208 1970 et
2241 1919 2486 1970 iuvidiam
2509 1919 2776 1969 moventis

1705 1999 1957 2050 oratoris:
1989 1998 2343 2063 pronuntiemus
2362 1999 2507 2056 ultro,
2531 1997 2697 2059 ultro,
2718 1993 2778 2043 id

1705 2082 1805 2138 est,
1826 2090 1883 2125 re
1908 2091 2086 2138 parum
2112 2081 2358 2127 accurate
2381 2071 2704 2135 examinata,
2726 2076 2784 2121 et

1705 2151 1850 2218 quasi
1876 2151 2095 2214 diceret,
2117 2142 2318 2201 temere
2357 2148 2779 2213 pronuntiemus,

1702 2218 2228 2292 dominumjurecaesum
2240 2228 2409 2278 videri.
2426 2227 2530 2276 Sed
2544 2226 2683 2289 libet,
2694 2228 2780 2290 &c-

1773 2308 1860 2359 Sic
1883 2314 1942 2358 ιιι
1962 2308 2090 2359 iram
2111 2313 2319 2357 moveat
2338 2305 2565 2367 Cassius,
2592 2317 2784 2354 conce·

1712 2384 1789 2434 dit
1814 2385 2082 2450 plusquam
2110 2383 2387 2448 petebatur
2406 2395 2722 2446 aquoquam
2754 2393 2785 2451 e

1713 2463 1962 2527 patribus.
2033 2462 2201 2512 Nemo
2224 2461 2361 2511 enim
2393 2458 2646 2510 censebat
2660 2457 2785 2522 jure

1713 2554 1904 2590 caesum
1929 2538 2216 2590 Pedanium
2255 2536 2435 2601 videri,
2456 2536 2552 2585 sed
2577 2541 2784 2602 tantum

1713 2615 1882 2665 occidi
1907 2615 2150 2675 familiam
2183 2630 2383 2676 omnem,
2419 2619 2479 2662 ut
2520 2611 2652 2677 quid
2691 2612 2784 2661 im·

1712 2708 1864 2742 mane
1904 2693 2233 2756 rejiciebant,
2265 2706 2382 2741 nam
2426 2695 2691 2754 senatuque
2733 2688 2784 2737 fn

1712 2769 1812 2834 ipso
1854 2775 1991 2819 erant
2032 2770 2193 2819 studia
2234 2768 2432 2818 nimiam
2479 2766 2786 2817 severitate&

1713 2848 2784 2913 aspernantium..

1780 2924 1889 2974 Hic
1915 2924 2073 2988 igitur
2094 2939 2272 2974 sensus
2295 2924 2396 2974 ioci
2416 2928 2532 2973 est.
2570 2937 2636 2971 an
2658 2921 2787 2990 quia,

1714 3008 1773 3052 ut
1796 3002 2003 3067 qnidam
2039 3001 2259 3067 fingunt,
2291 3000 2494 3063 injurias
2529 3015 2644 3049 suas
2665 3000 2792 3049 ultus

1712 3084 1782 3129 est
1805 3076 2114 3138 interfector?
2162 3094 2225 3128 an
2258 3079 2369 3142 quia
2404 3079 2463 3127 de
2480 3082 2692 3147 paterna
2711 3073 2800 3141 pei

1711 3156 1851 3206 cunia
1888 3160 2184 3219 transegerat
2223 3171 2340 3205 cum
2381 3154 2591 3204 domino
2638 3154 2707 3204 de
2736 3153 2796 3214 Γι-

1711 3232 1912 3283 bertate
1931 3234 2051 3281 sua?
2086 3248 2147 3281 an
2165 3232 2276 3296 quia
2296 3225 2798 3295 «ιυίιιιηεΑηιιιιιιτίριίυιιι

1712 3308 1793 3358 illi
1849 3307 2202 3373 auferebatur,
2258 3308 2377 3358 ideo
2429 3306 2793 3372 pronuntiabi-

1712 3401 1844 3446 muS,
1865 3387 1990 3435 ulte-o
2008 3386 2249 3435 dominum
2257 3384 2373 3445 jure
2393 3400 2571 3434 coesum
2591 3384 2751 3435 videri
2765 3380 2791 3434 ἓ

1780 3461 1922 3513 Num
1968 3462 2141 3527 potius
2179 3464 2291 3511 libet
2336 3469 2458 3512 ante
2501 3455 2812 3524 argumenta·

1716 3543 2004 3607 conquirere,
2047 3542 2234 3607 quibus
2272 3539 2547 3591 manifeste
2593 3537 2810 3605 pateat,

1720 3635 1871 3685 quam
1896 3621 2161 3683 sapienter
2188 3619 2256 3669 ab
2292 3618 2515 3684 antiquis
2541 3617 2799 3667 delibera·

1720 3704 1831 3748 tum
1856 3698 1924 3748 sit
1947 3697 2012 3747 de
2048 3697 2257 3761 ingenio
2294 3703 2350 3747 et
2390 3694 2660 3761 pravitate
2686 3708 2796 3745 ser·

1722 3791 1901 3825 vorum
1923 3775 1941 3824 ?

1788 3853 1884 3901 Vel
1904 3852 1977 3901 sic
2002 3866 2177 3901 sume:
2231 3867 2293 3901 an
2312 3851 2515 3913 iniurias
2535 3866 2651 3901 suas
2668 3852 2814 3902 ultus'

574 3923 774 3975 bemus.
841 3924 927 3973 Sic
951 3922 1112 3972 voluit
1136 3922 1364 3971 breviter
1387 3931 1442 3972 et
1464 3926 1644 3985 σεμνῶς
1723 3934 1793 3979 est
1830 3928 2125 3992 interfector,
2158 3929 2267 3993 quia
2300 3944 2463 3993 nempe
2495 3931 2555 3979 de
2589 3933 2803 3993 paterna

573 3999 736 4065 loqui,
756 4006 813 4048 et
836 3998 971 4064 quod
997 3997 1118 4047 silet
1150 3998 1260 4060 ille,
1291 3998 1568 4049 facundius
1589 4009 1643 4049 et
1718 4008 1917 4071 pecunia
1950 4003 2286 4068 transegerat?
2318 4007 2401 4069 ξε.
2475 4008 2685 4056 Recte.
2721 4005 2802 4056 his

566 4077 738 4143 majus
756 4083 851 4139 est,
873 4091 1025 4143 quam
1048 4074 1188 4139 quod
1212 4077 1297 4125 alii
1320 4077 1637 4142 loquuntur.

1724 4085 1790 4134 de
1814 4084 1981 4133 causis
1999 4083 2353 4147 pronuntiemus
2384 4084 2528 4145 ultro,
2551 4081 2799 4133 dominum

575 4157 633 4204 et
657 4154 962 4219 quandoque
1000 4153 1242 4217 supplere
1280 4169 1376 4219 per
1417 4161 1643 4204 mentem
1710 4163 1824 4225 jure
1844 4177 2014 4211 coesum
2037 4160 2205 4210 videri.
2273 4160 2380 4230 Sed
2409 4174 2532 4209 num
2556 4159 2692 4209 libet
2714 4173 2806 4224 po.

577 4230 770 4295 aliquid
794 4230 1057 4294 debemus,
1079 4236 1238 4298 atque
1258 4229 1519 4289 interdum
1540 4230 1647 4280 ani-

578 4309 719 4362 mum
756 4316 990 4360 nostrum
1027 4305 1542 4380 suspenderestnius
1580 4308 1648 4360 ad
1687 4307 1690 4308 ’

1727 4240 1826 4291 tius
1847 4245 2154 4302 argumenta
2173 4236 2521 4304 conquirere?
2561 4239 2666 4287 διο.

1743 4307 1748 4310 ’
1788 4313 1805 4377 3
1834 4313 1999 4379 Libet]
2048 4313 2114 4366 Id
2136 4319 2236 4379 est,
2274 4311 2392 4363 volo
2428 4312 2483 4363 in
2514 4306 2800 4374 discrfflren
