3063 4952
976 447 1393 498 ausanium
1439 447 1590 498 mn.
1636 447 1800 498 xxv,
2311 434 2484 504 1795

269 602 637 671 lescerent:
703 598 982 684 denique
1039 603 1157 663 aut
1213 597 1493 662 salutem
1564 596 1686 662 tali
1743 596 2020 662 consilio
2075 598 2306 682 quaeri,
2365 604 2484 667 aut

267 705 437 793 nihil
465 704 735 788 gravius
762 701 1046 781 audenti,
1080 721 1281 786 quam
1311 703 1576 785 ignav0,
1605 700 1986 786 patiendum
2010 701 2199 768 esse!

192 797 201 804 ’
359 808 476 874 59.
522 807 657 874 Sed
704 804 1016 873 Plautum
1041 825 1123 871 ea
1148 825 1280 870 non
1305 825 1608 870 movere:
1656 806 1799 870 sive
1826 804 2075 870 nullam
2104 825 2302 891 opem
2327 828 2482 893 pro-

260 911 542 979 videbat
595 911 885 976 inermisq
940 915 1138 995 atque
1191 909 1372 986 exul,
1421 927 1544 972 seu
1594 908 1800 973 taedio
1831 910 2159 992 ambiguae
2190 912 2356 995 spei,
2388 932 2477 977 au

271 1034 505 1081 amore
561 1015 855 1101 conjugis
911 1021 977 1080 et
1028 1014 1411 1091 liberorum,
1463 1013 1710 1095 quibus
1785 1013 2292 1098 placabiliorem
2343 1014 2484 1083 fore

274 1119 667 1203 Principem
695 1120 983 1197 rebatur,
1030 1119 1213 1183 nulla
1257 1114 1676 1182 solicitudine
1704 1118 2061 1181 turbatum.
2150 1118 2339 1197 Sunt,
2371 1119 2490 1203 qui

269 1224 295 1254 ‘
327 1221 503 1286 alios
535 1241 578 1285 a
605 1240 836 1286 socero
862 1221 1125 1287 nuntios
1143 1219 1426 1287 venisse’
1457 1220 1695 1299 ferant,
1716 1224 1737 1253 ‘
1766 1225 2085 1303 tanquam
2113 1221 2272 1285 nihil
2290 1214 2487 1288 atrox

272 1325 690 1404 immineret3
723 1324 1176 1407 doctoresquer
1223 1324 1595 1408 sapientiae,
1652 1323 2009 1389 Coeranum
2045 1323 2294 1402 Graeci,
2328 1324 2489 1388 Mu-

279 1428 552 1492 sonium
603 1426 838 1490 Tusci¹
861 1433 881 1461 ⁸
937 1427 1215 1509 generiS,
1268 1428 1710 1492 constantiam
1752 1428 2171 1511 opperienda:
2201 1430 2487 1507 mortis,²

268 457 327 512 J.
352 458 416 510 C.
437 456 550 522 δι]

279 1607 403 1646 tura
418 1609 536 1657 esse,
560 1609 675 1659 quae
698 1608 860 1659 usque
887 1593 950 1642 ad
989 1594 1181 1644 bellum
1206 1604 1572 1660 erumperent:
1611 1595 1837 1657 tandem,
1861 1601 1948 1645 aut
1968 1594 2379 1645 incolumitatem
2398 1594 2489 1645 tall

277 1662 487 1713 ratione
510 1660 790 1725 provideri,
811 1666 899 1708 aut
915 1659 1040 1707 nihil
1058 1661 1281 1710 atrocius
1302 1662 1504 1724 audaci,
1529 1677 1682 1727 quam
1703 1662 1849 1723 segni
1877 1660 2144 1710 ferendum
2164 1676 2293 1711 esse.

347 1727 449 1776 Sed
468 1727 675 1775 Plautus
691 1740 980 1788 uquaqaam
998 1726 1063 1773 iis
1083 1727 1290 1775 concitas
1326 1732 1415 1789 est,
1450 1743 1531 1777 seu
1552 1728 1664 1791 quia
1684 1728 1862 1776 nullum
1882 1725 2140 1777 subsidium
2154 1724 2489 1790 prospiciebat,

278 1792 485 1843 inbellis
515 1797 653 1854 atque
693 1791 916 1851 extorris,
953 1805 1036 1839 sea
1057 1789 1219 1839 dubias
1237 1806 1343 1856 spes
1369 1800 1622 1855 pertesus,
1640 1793 1741 1842 sive
1762 1792 1980 1856 cupidine
2001 1792 2166 1840 uxoris
2196 1797 2244 1841 et
2262 1792 2488 1855 filioram,

270 1858 442 1922 quibus
462 1857 686 1907 leniorem
709 1856 822 1916 fore
864 1857 1098 1905 Neronem
1116 1857 1437 1919 existimabat,
1456 1858 1500 1907 οἱ
1522 1860 1651 1908 nulla
1683 1858 1926 1908 anxietate
1947 1857 2295 1918 exagitaretur.
2362 1856 2488 1906 &aa

278 1924 363 1988 qui
386 1924 568 1981 dicant,
607 1922 708 1971 alia
747 1921 990 1970 mandata
1012 1936 1042 1971 a
1063 1935 1243 1970 socero
1265 1923 1490 1986 perlata,
1537 1932 1780 1987 tanquam
1804 1921 1926 1972 nihil
1949 1937 2106 1986 grave
2130 1921 2492 1986 impenderem

282 1996 340 2038 et
359 1988 632 2051 sapientiae
677 1987 967 2050 magistros,
1000 1988 1273 2036 Coeranum
1315 1989 1537 2049 Graecae‚
1580 1988 1873 2039 Musonium
1901 1990 2133 2038 Etruscae
2173 1987 2363 2053 gentis,
2399 1986 2494 2050 ipsi

280 2054 620 2118 consuluisse,
645 2059 701 2102 ut
723 2050 1000 2116 praeferret
1019 2050 1389 2102 firmitudinem
1426 2053 1768 2120 expectandae
1804 2054 1997 2119 mortis,
2020 2053 2190 2104 dubiae
2210 2061 2266 2103 et
2289 2050 2493 2119 pavidae

1214 2179 1570 2200 “OM“‘OO‘

350 2255 385 2299 1.
426 2249 601 2303 ΤΙωεοὶ
634 2250 861 2300 Gronov.
883 2254 941 2299 et
962 2248 1198 2301 aliine—2
1234 2248 1479 2299 Heinsius
1501 2251 1816 2315 corrigebat,
1837 2253 2105 2316 oppetendoe
2135 2250 2319 2313 mortis,
2356 2249 2494 2315 quod

283 2316 520 2371 Stoicum
542 2315 724 2380 magis.
784 2316 1003 2366 Brotier.

1282 2480 1503 2534 NOTAE

348 2602 375 2636 Ἰ
411 2590 637 2656 lacrmis]
655 2590 750 2643 Cui
768 2592 921 2642 nullae
934 2591 1100 2657 copiae
1117 2590 1355 2654 aderant,

284 2678 344 2722 et
365 2676 515 2721 certe
535 2670 650 2734 ipsa
672 2668 800 2719 Asia
823 2669 873 2718 in
899 2684 1003 2734 qua
1034 2669 1261 2734 degebat
1278 2669 1355 2719 in-

1434 2587 1708 2641 Musonius
1755 2588 1944 2653 notior,
2001 2588 2089 2655 qui
2139 2588 2389 2638 Vulsiniis
2443 2588 2499 2658 in

1434 2668 1648 2721 Etruria
1702 2675 1870 2732 natus,
1922 2666 1939 2695 ‘
1972 2665 2226 2732 equestris
2281 2666 2501 2731 ordiuiS,

286 2747 446 2798 armis
487 2752 545 2797 et
586 2747 764 2811 populi
817 2747 1035 2796 Romani
1088 2746 1355 2812 provincia

284 2829 418 2875 erat.

346 2907 371 2934 ¹'
404 2898 743 2963 noctemque]
786 2898 954 2950 Video
972 2899 1197 2950 astitisse
1221 2902 1355 2950 tales

284 2978 565 3043 magistros
601 2976 872 3041 sapientire
913 2977 1034 3026 viris
1058 2977 1358 3040 illustribus,

286 3068 412 3106 cum
452 3055 734 3103 necessitas
767 3053 1022 3103 moriendi
1042 3054 1356 3105 immineret.

350 3129 506 3181 Infra
525 3129 614 3179 ubi
638 3130 705 3179 de
724 3130 947 3179 Thrasea
969 3131 1219 3181 moriente
1239 3145 1360 3183 xvr.

287 3214 371 3260 85.
403 3210 420 3236 ‘
447 3206 747 3257 Helvidium
769 3213 825 3256 et
847 3207 1170 3257 Demetrium
1194 3210 1248 3259 in
1273 3225 1360 3259 cu·

287 3286 519 3338 bicnlum
555 3286 908 3347 inducit,’&c.
942 3286 959 3314 ‘
982 3287 1113 3336 Post
1149 3287 1360 3337 lentitu-

286 3365 411 3414 dine
471 3363 644 3413 exitus
709 3377 893 3427 graves
935 3363 1197 3412 cruciatus
1236 3361 1358 3412 affe-

286 3447 458 3507 rente,
478 3438 710 3490 obversis
727 3440 780 3488 in
802 3440 1126 3490 Demetrium
1159 3436 1359 3501 oculis,'

288 3522 390 3569 dec.

350 3597 423 3646 Et
443 3596 650 3645 Seneca
670 3594 914 3655 moriens,
933 3593 1219 3643 astantibus
1239 3593 1360 3642 ami·

287 3673 379 3736 cis,
404 3673 506 3723 sibi
528 3673 642 3736 ipse
661 3671 931 3736 sapientiae
952 3672 1135 3722 doctor
1151 3679 1209 3722 et
1224 3671 1361 3720 Pau-

289 3750 410 3800 linae
432 3764 542 3799 suae
565 3748 682 3799 fuit.

352 3835 375 3860 ⁸
410 3828 665 3877 Coeranam
700 3826 883 3890 Groeci,
906 3827 1178 3876 Musonium
1196 3826 1361 3890 Tasci]

291 3904 545 3954 Coeranus
585 3902 706 3951 mihi
745 3902 1035 3967 irrepertus
1057 3919 1072 3965 ;
1107 3903 1205 3952 nisi
1225 3903 1360 3968 quod

289 3982 516 4044 Plinius,
530 3982 699 4029 indice
715 3981 835 4030 libri
850 3996 934 4043 11.‚
953 3983 1090 4031 inter
1104 3991 1363 4045 auctores,

291 4076 422 4128 quos
444 4059 719 4123 delibavit,
737 4068 975 4111 recenset
1001 4062 1266 4109 Coeranum.

356 4137 425 4188 In
461 4137 676 4186 Senecae
701 4137 937 4200 Epistola
959 4142 1041 4187 66.
1063 4137 1211 4186 valde
1234 4138 1367 4187 cele-

291 4215 479 4266 bratur
521 4215 674 4279 hujus
723 4217 824 4264 aevi
878 4218 1115 4265 Claranus
1155 4216 1365 4280 quidam

294 4292 676 4355 Philosophus:
713 4292 959 4358 numquid
984 4291 1057 4341 ibi
1094 4290 1366 4343 Coeranus?

294 4374 389 4421 aut
417 4370 667 4436 magis-in
705 4369 891 4420 Tacito
937 4367 1206 4421 Claranus?
1260 4370 1366 4421 Sed

1434 2746 1663 2798 studium
1674 2744 2020 2810 Philosophiae
2034 2751 2087 2793 et
2101 2743 2291 2807 placita
2305 2742 2502 2793 Stoico-

1433 2838 1548 2875 rum
1572 2820 1879 2885 aemulata&
1900 2821 1974 2871 ait
1995 2827 2168 2869 noster
2189 2819 2391 2870 Hister.
2411 2834 2499 2872 111.

1499 2900 1729 2950 Nomina
1771 2899 1863 2963 illi,
1902 2899 1963 2948 C.
2010 2897 2280 2948 Musonius
2314 2896 2502 2962 Rufus,

1424 2978 1512 3040 =uti
1530 2992 1597 3027 ex
1617 2976 1803 3028 Tacito
1827 2983 1882 3027 et
1903 2975 2073 3025 Plinio
2096 2975 2306 3039 colliges
2330 2975 2504 3041 Epist.

1435 3056 1471 3107 l.
1489 3069 1578 3106 111.
1646 3053 1942 3118 Supervixit
1967 3051 2032 3101 ad
2062 3052 2333 3118 imperium
2372 3053 2503 3104 Ves-

1436 3133 1633 3199 pasiani
1655 3148 1668 3181 z
1695 3139 1752 3182 ut
1763 3132 1886 3196 jure
1910 3131 2087 3194 culpes
2102 3128 2333 3188 Sumam,
2351 3128 2507 3178 inter-

1437 3210 1633 3262 fectum
1676 3224 1793 3258 eum
1827 3225 1859 3257 a
1894 3208 2125 3269 Nerone,
2146 3205 2221 3255 bis
2254 3204 2505 3256 affirman-

1437 3285 1562 3337 temL
1626 3285 1761 3334 Vide
1786 3298 1904 3334 cum
1942 3284 1994 3331 in
2019 3297 2144 3331 voce
2167 3277 2425 3331 Μουσώνιος
2448 3287 2505 3332 et

1440 3367 1716 3429 Κορνοῦτος.
2303 3357 2306 3360 ’

1506 3443 1699 3491 Melius
1719 3442 1989 3507 veriusque
2001 3438 2347 3488 Philostratus
2358 3438 2391 3487 l.
2406 3450 2505 3489 vn.

1441 3520 1531 3585 qui
1549 3518 1842 3569 Musonium
1865 3520 2180 3582 Tyrrhenum
2203 3517 2253 3566 in
2292 3516 2506 3581 Gyaron

1438 3597 1657 3647 insulam
1676 3596 1965 3662 projectum
1982 3612 2012 3645 a
2035 3597 2262 3655 Nerone,
2281 3593 2507 3658 scripsit.

1444 3676 1595 3725 Unde
1615 3675 1786 3735 rediit,
1826 3690 1944 3725 cum
1974 3673 2061 3723 ille
2103 3674 2334 3723 abiisset.
2391 3672 2508 3737 Lip-

1437 3768 1556 3803 sias.

1510 3832 1752 3881 Coetarum
1793 3830 1980 3894 Graeci]
2059 3828 2189 3890 Nos,
2241 3828 2511 3876 Coeranum.

1442 3907 1733 3957 Rhenanus.
1788 3908 1890 3956 Vix
1914 3906 2139 3957 Cornelii
2164 3904 2414 3967 scriptum
2440 3902 2515 3950 in-

1443 3983 1608 4046 dicat,
1640 3983 1993 4046 morie-udone,
2017 3997 2079 4031 an
2104 3979 2357 4040 docend0,
2380 3977 2517 4041 sapi-

1443 4061 1601 4110 entiae
1623 4060 1866 4110 doctores
1887 4058 2234 4109 constantiam
2256 4053 2511 4104 obeundae

1444 4137 1627 4187 mortis
1651 4136 1923 4186 suaserint.
1989 4134 2230 4184 Caerauus
2274 4131 2385 4180 aliis
2421 4129 2514 4179 mi-

1444 4216 1601 4282 hique
1634 4217 1839 4281 iguotus
1885 4219 1967 4263 est
1992 4230 2006 4261 :
2043 4211 2136 4261 sed
2179 4216 2397 4275 uterque
2437 4215 2515 4259 ta·

1446 4307 1565 4342 men
1586 4294 1726 4342 inter
1761 4287 2129 4355 disputandum
2149 4286 2337 4352 potius,
2360 4287 2515 4351 quani

1446 4379 1615 4420 morte
1638 4370 1756 4434 ipsa
1779 4366 1998 4419 suasisse
2019 4365 2186 4416 videri
2206 4363 2386 4418 debet.
2507 4367 2516 4370 “
