<?xml version="1.0" encoding="UTF-8"?>
<!DOCTYPE html PUBLIC "-//W3C//DTD XHTML 1.0 Transitional//EN"
    "http://www.w3.org/TR/xhtml1/DTD/xhtml1-transitional.dtd">
<html xmlns="http://www.w3.org/1999/xhtml" xml:lang="en" lang="en">
 <head>
  <title>
</title>
<meta http-equiv="Content-Type" content="text/html;charset=utf-8" />
  <meta name='ocr-system' content='tesseract 3.04.00' />
  <meta name='ocr-capabilities' content='ocr_page ocr_carea ocr_par ocr_line ocrx_word'/>
</head>
<body>
  <div class='ocr_page' id='page_1' title='image "./operaomniavolum00tacigoog/operaomniavolum00tacigoog_0532.png"; bbox 0 0 3063 4952; ppageno 0'>
   <div class='ocr_carea' id='block_1_1' title="bbox 541 390 2742 752">
    <p class='ocr_par' dir='ltr' id='par_1_1' title="bbox 541 390 2742 752">
     <span class='ocr_line' id='line_1_1' title="bbox 541 390 2053 474; baseline -0.004 0"><span class='ocrx_word' id='word_1_1' title='bbox 541 390 716 474; x_wconf 73' lang='lat'>1906</span> <span class='ocrx_word' id='word_1_2' title='bbox 1211 420 1280 472; x_wconf 85' lang='lat' dir='ltr'><strong>c.</strong></span> <span class='ocrx_word' id='word_1_3' title='bbox 1327 402 1695 470; x_wconf 67' lang='lat' dir='ltr'><strong>conniim‘t</strong></span> <span class='ocrx_word' id='word_1_4' title='bbox 1744 404 2003 470; x_wconf 72' lang='lat' dir='ltr'><strong>&#39;r&#39;Ac&#39;i‘ri</strong></span> <span class='ocrx_word' id='word_1_5' title='bbox 2045 403 2053 413; x_wconf 86' lang='lat'>&#39;</span> 
     </span>
     <span class='ocr_line' id='line_1_2' title="bbox 542 550 2741 645; baseline 0 -14"><span class='ocrx_word' id='word_1_6' title='bbox 542 564 839 633; x_wconf 79' lang='lat' dir='ltr'><strong>delectus</strong></span> <span class='ocrx_word' id='word_1_7' title='bbox 885 571 1154 645; x_wconf 83' lang='lat' dir='ltr'><strong>esset,²&#39;‘</strong></span> <span class='ocrx_word' id='word_1_8' title='bbox 1177 566 1265 630; x_wconf 91' lang='lat' dir='ltr'><strong>ob</strong></span> <span class='ocrx_word' id='word_1_9' title='bbox 1304 568 1691 631; x_wconf 73' lang='lat' dir='ltr'><strong>memoriam</strong></span> <span class='ocrx_word' id='word_1_10' title='bbox 1734 550 2012 631; x_wconf 48' lang='lat' dir='ltr'><strong>laetiori&#39;s</strong></span> <span class='ocrx_word' id='word_1_11' title='bbox 2060 551 2193 630; x_wconf 71' lang='lat' dir='ltr'><strong>s&#39;ibi&#39;</strong></span> <span class='ocrx_word' id='word_1_12' title='bbox 2233 564 2351 645; x_wconf 79' lang='lat' dir='ltr'><strong>rei,</strong></span> <span class='ocrx_word' id='word_1_13' title='bbox 2382 574 2514 631; x_wconf 86' lang='lat' dir='ltr'><strong>non</strong></span> <span class='ocrx_word' id='word_1_14' title='bbox 2558 558 2660 632; x_wconf 78' lang='lat' dir='ltr'><strong>est</strong></span> <span class='ocrx_word' id='word_1_15' title='bbox 2699 586 2741 632; x_wconf 87' lang='lat' dir='ltr'><strong>a</strong></span> 
     </span>
     <span class='ocr_line' id='line_1_3' title="bbox 543 668 2742 752; baseline -0.001 -15"><span class='ocrx_word' id='word_1_16' title='bbox 543 670 937 738; x_wconf 80' lang='lat' dir='ltr'><strong>corbulone³</strong></span> <span class='ocrx_word' id='word_1_17' title='bbox 963 671 1232 747; x_wconf 82' lang='lat' dir='ltr'><strong>vitatuS,</strong></span> <span class='ocrx_word' id='word_1_18' title='bbox 1263 673 1336 733; x_wconf 88' lang='lat' dir='ltr'><strong>ut</strong></span> <span class='ocrx_word' id='word_1_19' title='bbox 1366 669 1841 734; x_wconf 85' lang='lat' dir='ltr'><strong>dissimilitudo</strong></span> <span class='ocrx_word' id='word_1_20' title='bbox 1881 668 2166 734; x_wconf 87' lang='lat' dir='ltr'><strong>fortunae</strong></span> <span class='ocrx_word' id='word_1_21' title='bbox 2216 668 2498 752; x_wconf 82' lang='lat' dir='ltr'><strong>gloriam</strong></span> <span class='ocrx_word' id='word_1_22' title='bbox 2543 678 2742 752; x_wconf 82' lang='lat' dir='ltr'><strong>auge·-</strong></span> 
     </span>
    </p>
   </div>
   <div class='ocr_carea' id='block_1_2' title="bbox 538 769 2751 857">
    <p class='ocr_par' dir='ltr' id='par_1_2' title="bbox 538 769 2751 857">
     <span class='ocr_line' id='line_1_4' title="bbox 538 769 2751 857; baseline -0.001 -20"><span class='ocrx_word' id='word_1_23' title='bbox 538 777 690 837; x_wconf 67' lang='lat' dir='ltr'><strong>ret.y</strong></span> <span class='ocrx_word' id='word_1_24' title='bbox 777 769 1018 855; x_wconf 82' lang='lat' dir='ltr'>Neque</span> <span class='ocrx_word' id='word_1_25' title='bbox 1064 771 1335 836; x_wconf 85' lang='lat' dir='ltr'><strong>infamia</strong></span> <span class='ocrx_word' id='word_1_26' title='bbox 1363 771 1540 837; x_wconf 88' lang='lat' dir='ltr'><strong>Paeti</strong></span> <span class='ocrx_word' id='word_1_27' title='bbox 1572 773 2001 855; x_wconf 72' lang='lat' dir='ltr'><strong>angebatur:4</strong></span> <span class='ocrx_word' id='word_1_28' title='bbox 2021 778 2046 806; x_wconf 82' lang='lat'>⁸</span> <span class='ocrx_word' id='word_1_29' title='bbox 2087 769 2267 857; x_wconf 90' lang='lat' dir='ltr'><strong>quod</strong></span> <span class='ocrx_word' id='word_1_30' title='bbox 2323 792 2406 835; x_wconf 89' lang='lat' dir='ltr'><strong>eo</strong></span> <span class='ocrx_word' id='word_1_31' title='bbox 2450 771 2751 836; x_wconf 71' lang='lat' dir='ltr'><strong>maxime</strong></span> 
     </span>
    </p>
   </div>
   <div class='ocr_carea' id='block_1_3' title="bbox 2408 410 2739 491">
    <p class='ocr_par' dir='ltr' id='par_1_3' title="bbox 2408 410 2739 491">
     <span class='ocr_line' id='line_1_5' title="bbox 2408 410 2739 491; baseline 0.015 -16"><span class='ocrx_word' id='word_1_32' title='bbox 2408 410 2595 491; x_wconf 76' lang='lat' dir='ltr'><strong>[A.‘t‘5.</strong></span> <span class='ocrx_word' id='word_1_33' title='bbox 2628 414 2739 480; x_wconf 69' lang='lat' dir='ltr'><strong>til-1.¹</strong></span> 
     </span>
    </p>
   </div>
   <div class='ocr_carea' id='block_1_4' title="bbox 537 936 2749 1076">
    <p class='ocr_par' dir='ltr' id='par_1_4' title="bbox 537 936 2749 1076">
     <span class='ocr_line' id='line_1_6' title="bbox 541 936 2749 1010; baseline 0.001 -18"><span class='ocrx_word' id='word_1_34' title='bbox 541 943 702 1005; x_wconf 71' lang='lat' dir='ltr'><strong>Paeo,</strong></span> <span class='ocrx_word' id='word_1_35' title='bbox 716 948 809 992; x_wconf 67' lang='lat' dir='ltr'><strong>m</strong></span> <span class='ocrx_word' id='word_1_36' title='bbox 832 942 882 992; x_wconf 81' lang='lat' dir='ltr'><strong>id</strong></span> <span class='ocrx_word' id='word_1_37' title='bbox 905 944 1137 993; x_wconf 66' lang='lat' dir='ltr'><strong>remoavit</strong></span> <span class='ocrx_word' id='word_1_38' title='bbox 1164 944 1382 1007; x_wconf 72' lang='lat' dir='ltr'><strong>Corbulo,</strong></span> <span class='ocrx_word' id='word_1_39' title='bbox 1401 945 1459 994; x_wconf 74' lang='grc' dir='ltr'><strong>οὺ</strong></span> <span class='ocrx_word' id='word_1_40' title='bbox 1478 946 1675 1010; x_wconf 65' lang='lat' dir='ltr'><strong>speeiem</strong></span> <span class='ocrx_word' id='word_1_41' title='bbox 1695 947 1983 996; x_wconf 68' lang='lat' dir='ltr'><strong>secundioris</strong></span> <span class='ocrx_word' id='word_1_42' title='bbox 2015 947 2109 996; x_wconf 64' lang='lat' dir='ltr'><strong>eibi</strong></span> <span class='ocrx_word' id='word_1_43' title='bbox 2132 936 2367 1009; x_wconf 67' lang='lat' dir='ltr'><strong>sor-tanc,</strong></span> <span class='ocrx_word' id='word_1_44' title='bbox 2387 951 2441 995; x_wconf 76' lang='lat' dir='ltr'><strong>ut</strong></span> <span class='ocrx_word' id='word_1_45' title='bbox 2478 945 2749 995; x_wconf 71' lang='grc' dir='ltr'><strong>ηιιιεαιίοκ.</strong></span> 
     </span>
     <span class='ocr_line' id='line_1_7' title="bbox 537 1009 2744 1076; baseline 0.001 -19"><span class='ocrx_word' id='word_1_46' title='bbox 537 1010 697 1058; x_wconf 74' lang='lat' dir='ltr'><strong>rei-tuit</strong></span> <span class='ocrx_word' id='word_1_47' title='bbox 715 1010 852 1057; x_wconf 74' lang='lat' dir='ltr'><strong>dem</strong></span> <span class='ocrx_word' id='word_1_48' title='bbox 870 1009 1149 1060; x_wconf 74' lang='lat' dir='ltr'><strong>intenderet.</strong></span> <span class='ocrx_word' id='word_1_49' title='bbox 1215 1010 1381 1074; x_wconf 79' lang='lat' dir='ltr'><strong>Neque</strong></span> <span class='ocrx_word' id='word_1_50' title='bbox 1405 1010 1520 1061; x_wconf 88' lang='lat' dir='ltr'><strong>ideo</strong></span> <span class='ocrx_word' id='word_1_51' title='bbox 1541 1012 1803 1074; x_wconf 69' lang='lat' dir='ltr'><strong>ignominia</strong></span> <span class='ocrx_word' id='word_1_52' title='bbox 1825 1012 1955 1062; x_wconf 83' lang='lat' dir='ltr'><strong>Poeti</strong></span> <span class='ocrx_word' id='word_1_53' title='bbox 1982 1011 2264 1075; x_wconf 69' lang='lat' dir='ltr'><strong>augebatur,</strong></span> <span class='ocrx_word' id='word_1_54' title='bbox 2285 1014 2407 1075; x_wconf 80' lang='lat' dir='ltr'><strong>qnod</strong></span> <span class='ocrx_word' id='word_1_55' title='bbox 2439 1022 2502 1062; x_wconf 77' lang='lat' dir='ltr'><strong>ex</strong></span> <span class='ocrx_word' id='word_1_56' title='bbox 2536 1027 2593 1061; x_wconf 86' lang='lat' dir='ltr'><strong>eo</strong></span> <span class='ocrx_word' id='word_1_57' title='bbox 2618 1025 2744 1076; x_wconf 78' lang='lat' dir='ltr'><strong>proe·</strong></span> 
     </span>
    </p>
   </div>
   <div class='ocr_carea' id='block_1_5' title="bbox 1459 1139 1815 1160">
    <p class='ocr_par' dir='ltr' id='par_1_5' title="bbox 1459 1139 1815 1160">
     <span class='ocr_line' id='line_1_8' title="bbox 1459 1139 1815 1160; baseline 0 -1"><span class='ocrx_word' id='word_1_58' title='bbox 1459 1140 1694 1160; x_wconf 59' lang='lat' dir='ltr'><strong>“ecee“</strong></span> <span class='ocrx_word' id='word_1_59' title='bbox 1701 1139 1815 1159; x_wconf 55' lang='grc' dir='ltr'><strong>θ’θ’</strong></span> 
     </span>
    </p>
   </div>
   <div class='ocr_carea' id='block_1_6' title="bbox 534 1237 2753 1566">
    <p class='ocr_par' dir='ltr' id='par_1_6' title="bbox 534 1237 2753 1566">
     <span class='ocr_line' id='line_1_9' title="bbox 536 1237 2740 1303; baseline 0.001 -17"><span class='ocrx_word' id='word_1_60' title='bbox 536 1251 779 1299; x_wconf 73' lang='lat' dir='ltr'><strong>summum,</strong></span> <span class='ocrx_word' id='word_1_61' title='bbox 799 1242 882 1286; x_wconf 75' lang='lat' dir='ltr'><strong>aut</strong></span> <span class='ocrx_word' id='word_1_62' title='bbox 903 1238 1065 1301; x_wconf 74' lang='lat' dir='ltr'><strong>quibus</strong></span> <span class='ocrx_word' id='word_1_63' title='bbox 1079 1239 1380 1303; x_wconf 79' lang='lat' dir='ltr'><strong>praesectnris</strong></span> <span class='ocrx_word' id='word_1_64' title='bbox 1401 1239 1617 1289; x_wconf 73' lang='lat' dir='ltr'><strong>inducias</strong></span> <span class='ocrx_word' id='word_1_65' title='bbox 1645 1240 1789 1302; x_wconf 77' lang='lat' dir='ltr'><strong>petit.</strong></span> <span class='ocrx_word' id='word_1_66' title='bbox 1840 1239 2170 1290; x_wconf 81' lang='lat' dir='ltr'><strong>Brotier.—2</strong></span> <span class='ocrx_word' id='word_1_67' title='bbox 2200 1237 2288 1288; x_wconf 90' lang='lat' dir='ltr'><strong>Sic</strong></span> <span class='ocrx_word' id='word_1_68' title='bbox 2323 1237 2457 1287; x_wconf 87' lang='lat' dir='ltr'><strong>bene</strong></span> <span class='ocrx_word' id='word_1_69' title='bbox 2496 1237 2740 1288; x_wconf 82' lang='lat' dir='ltr'><strong>Puteola·</strong></span> 
     </span>
     <span class='ocr_line' id='line_1_10' title="bbox 537 1302 2739 1369; baseline 0.001 -19"><span class='ocrx_word' id='word_1_70' title='bbox 537 1317 651 1351; x_wconf 84' lang='lat' dir='ltr'><strong>nus.</strong></span> <span class='ocrx_word' id='word_1_71' title='bbox 719 1302 1005 1367; x_wconf 85' lang='lat' dir='ltr'><strong>Perperam</strong></span> <span class='ocrx_word' id='word_1_72' title='bbox 1027 1305 1156 1352; x_wconf 88' lang='lat' dir='ltr'><strong>Mss.</strong></span> <span class='ocrx_word' id='word_1_73' title='bbox 1183 1305 1315 1367; x_wconf 83' lang='lat' dir='ltr'><strong>Reg.</strong></span> <span class='ocrx_word' id='word_1_74' title='bbox 1340 1304 1493 1354; x_wconf 90' lang='lat' dir='ltr'><strong>Corb.</strong></span> <span class='ocrx_word' id='word_1_75' title='bbox 1513 1312 1568 1354; x_wconf 84' lang='lat' dir='ltr'><strong>et</strong></span> <span class='ocrx_word' id='word_1_76' title='bbox 1591 1305 1751 1354; x_wconf 88' lang='lat' dir='ltr'><strong>editio</strong></span> <span class='ocrx_word' id='word_1_77' title='bbox 1785 1305 2046 1369; x_wconf 88' lang='lat' dir='ltr'><strong>princeps,</strong></span> <span class='ocrx_word' id='word_1_78' title='bbox 2066 1320 2174 1354; x_wconf 82' lang='lat' dir='ltr'><strong>cnm</strong></span> <span class='ocrx_word' id='word_1_79' title='bbox 2195 1304 2408 1353; x_wconf 76' lang='lat' dir='ltr'><strong>barbaris</strong></span> <span class='ocrx_word' id='word_1_80' title='bbox 2427 1305 2639 1352; x_wconf 79' lang='lat' dir='ltr'><strong>delectus</strong></span> <span class='ocrx_word' id='word_1_81' title='bbox 2653 1308 2739 1354; x_wconf 72' lang='lat' dir='ltr'><strong>est.</strong></span> 
     </span>
     <span class='ocr_line' id='line_1_11' title="bbox 537 1365 2753 1430; baseline 0.001 -15"><span class='ocrx_word' id='word_1_82' title='bbox 537 1365 765 1416; x_wconf 80' lang='lat' dir='ltr'><strong>Brotier.</strong></span> <span class='ocrx_word' id='word_1_83' title='bbox 832 1374 931 1415; x_wconf 75' lang='lat' dir='ltr'><strong>tum</strong></span> <span class='ocrx_word' id='word_1_84' title='bbox 956 1403 969 1417; x_wconf 92' lang='lat'><strong>.</strong></span> <span class='ocrx_word' id='word_1_85' title='bbox 990 1404 1002 1416; x_wconf 90' lang='lat'><strong>.</strong></span> <span class='ocrx_word' id='word_1_86' title='bbox 1024 1403 1037 1417; x_wconf 90' lang='lat'><strong>.</strong></span> <span class='ocrx_word' id='word_1_87' title='bbox 1059 1403 1072 1416; x_wconf 86' lang='lat'><strong>.</strong></span> <span class='ocrx_word' id='word_1_88' title='bbox 1090 1371 1295 1418; x_wconf 72' lang='lat' dir='ltr'><strong>delectus</strong></span> <span class='ocrx_word' id='word_1_89' title='bbox 1329 1374 1400 1418; x_wconf 67' lang='lat' dir='ltr'><strong>en</strong></span> <span class='ocrx_word' id='word_1_90' title='bbox 1422 1370 1716 1420; x_wconf 72' lang='lat' dir='ltr'><strong>Gronovius</strong></span> <span class='ocrx_word' id='word_1_91' title='bbox 1757 1370 1867 1419; x_wconf 86' lang='lat' dir='ltr'><strong>vult</strong></span> <span class='ocrx_word' id='word_1_92' title='bbox 1884 1373 1998 1430; x_wconf 60' lang='grc'><strong>;4-3</strong></span> <span class='ocrx_word' id='word_1_93' title='bbox 2032 1376 2088 1419; x_wconf 92' lang='lat' dir='ltr'><strong>et</strong></span> <span class='ocrx_word' id='word_1_94' title='bbox 2123 1368 2329 1428; x_wconf 84' lang='lat' dir='ltr'><strong>deinde,</strong></span> <span class='ocrx_word' id='word_1_95' title='bbox 2355 1368 2618 1417; x_wconf 62' lang='lat' dir='ltr'><strong>Corbuloni</strong></span> <span class='ocrx_word' id='word_1_96' title='bbox 2648 1373 2753 1418; x_wconf 24' lang='lat' dir='ltr'><strong>mr</strong></span> 
     </span>
     <span class='ocr_line' id='line_1_12' title="bbox 534 1433 2737 1496; baseline 0.001 -17"><span class='ocrx_word' id='word_1_97' title='bbox 534 1433 826 1481; x_wconf 57' lang='lat' dir='ltr'><strong>intutum—4</strong></span> <span class='ocrx_word' id='word_1_98' title='bbox 861 1433 946 1481; x_wconf 88' lang='lat' dir='ltr'><strong>Sic</strong></span> <span class='ocrx_word' id='word_1_99' title='bbox 973 1434 1104 1482; x_wconf 88' lang='lat' dir='ltr'><strong>bene</strong></span> <span class='ocrx_word' id='word_1_100' title='bbox 1129 1435 1422 1484; x_wconf 76' lang='lat' dir='ltr'><strong>Rhenanus.</strong></span> <span class='ocrx_word' id='word_1_101' title='bbox 1487 1434 1553 1484; x_wconf 88' lang='lat' dir='ltr'><strong>In</strong></span> <span class='ocrx_word' id='word_1_102' title='bbox 1575 1435 1707 1484; x_wconf 86' lang='lat' dir='ltr'><strong>Mss.</strong></span> <span class='ocrx_word' id='word_1_103' title='bbox 1729 1443 1785 1484; x_wconf 88' lang='lat' dir='ltr'><strong>et</strong></span> <span class='ocrx_word' id='word_1_104' title='bbox 1809 1434 2072 1485; x_wconf 75' lang='lat' dir='ltr'><strong>veteribus</strong></span> <span class='ocrx_word' id='word_1_105' title='bbox 2102 1434 2435 1496; x_wconf 80' lang='lat' dir='ltr'><strong>editionibus,</strong></span> <span class='ocrx_word' id='word_1_106' title='bbox 2455 1433 2737 1496; x_wconf 66' lang='lat' dir='ltr'><strong>augebatur.</strong></span> 
     </span>
     <span class='ocr_line' id='line_1_13' title="bbox 535 1495 2735 1566; baseline 0.003 -21"><span class='ocrx_word' id='word_1_107' title='bbox 535 1495 634 1545; x_wconf 81' lang='lat' dir='ltr'><strong>Vir</strong></span> <span class='ocrx_word' id='word_1_108' title='bbox 667 1496 898 1547; x_wconf 83' lang='lat' dir='ltr'><strong>eruditus</strong></span> <span class='ocrx_word' id='word_1_109' title='bbox 938 1498 996 1546; x_wconf 88' lang='lat' dir='ltr'><strong>in</strong></span> <span class='ocrx_word' id='word_1_110' title='bbox 1033 1498 1260 1549; x_wconf 80' lang='lat' dir='ltr'><strong>editione</strong></span> <span class='ocrx_word' id='word_1_111' title='bbox 1284 1500 1527 1565; x_wconf 72' lang='lat' dir='ltr'><strong>Giyphii,</strong></span> <span class='ocrx_word' id='word_1_112' title='bbox 1551 1515 1633 1551; x_wconf 87' lang='lat' dir='ltr'><strong>an.</strong></span> <span class='ocrx_word' id='word_1_113' title='bbox 1673 1504 1819 1551; x_wconf 68' lang='lat'><strong>1543.</strong></span> <span class='ocrx_word' id='word_1_114' title='bbox 1843 1499 2156 1566; x_wconf 83' lang='lat' dir='ltr'><strong>corrigebat,</strong></span> <span class='ocrx_word' id='word_1_115' title='bbox 2192 1499 2442 1563; x_wconf 74' lang='lat' dir='ltr'><strong>agebatur.</strong></span> <span class='ocrx_word' id='word_1_116' title='bbox 2501 1498 2735 1551; x_wconf 72' lang='lat' dir='ltr'><strong>Brotier-</strong></span> 
     </span>
    </p>
   </div>
   <div class='ocr_carea' id='block_1_7' title="bbox 1533 1645 1746 1697">
    <p class='ocr_par' dir='ltr' id='par_1_7' title="bbox 1533 1645 1746 1697">
     <span class='ocr_line' id='line_1_14' title="bbox 1533 1645 1746 1697; baseline -0.009 0"><span class='ocrx_word' id='word_1_117' title='bbox 1533 1645 1746 1697; x_wconf 72' lang='lat' dir='ltr'>NOTAE</span> 
     </span>
    </p>
   </div>
   <div class='ocr_carea' id='block_1_8' title="bbox 505 1757 1603 4378">
    <p class='ocr_par' dir='ltr' id='par_1_8' title="bbox 520 1757 1593 2825">
     <span class='ocr_line' id='line_1_15' title="bbox 597 1757 1591 1826; baseline 0.007 -20"><span class='ocrx_word' id='word_1_118' title='bbox 597 1761 624 1789; x_wconf 79' lang='lat'>¹</span> <span class='ocrx_word' id='word_1_119' title='bbox 660 1757 781 1807; x_wconf 71' lang='lat' dir='ltr'><strong>Cum</strong></span> <span class='ocrx_word' id='word_1_120' title='bbox 800 1774 831 1808; x_wconf 80' lang='lat' dir='ltr'><strong>a</strong></span> <span class='ocrx_word' id='word_1_121' title='bbox 852 1760 1066 1811; x_wconf 74' lang='lat' dir='ltr'><strong>barbaris</strong></span> <span class='ocrx_word' id='word_1_122' title='bbox 1083 1763 1289 1812; x_wconf 73' lang='lat' dir='ltr'><strong>delectus</strong></span> <span class='ocrx_word' id='word_1_123' title='bbox 1307 1762 1449 1826; x_wconf 83' lang='lat' dir='ltr'><strong>esset]</strong></span> <span class='ocrx_word' id='word_1_124' title='bbox 1482 1763 1591 1813; x_wconf 91' lang='lat' dir='ltr'><strong>Dio</strong></span> 
     </span>
     <span class='ocr_line' id='line_1_16' title="bbox 531 1834 1593 1904; baseline 0.008 -22"><span class='ocrx_word' id='word_1_125' title='bbox 531 1834 568 1886; x_wconf 86' lang='lat' dir='ltr'><strong>l.</strong></span> <span class='ocrx_word' id='word_1_126' title='bbox 591 1847 729 1887; x_wconf 71' lang='lat' dir='ltr'><strong>un.</strong></span> <span class='ocrx_word' id='word_1_127' title='bbox 747 1840 764 1866; x_wconf 75' lang='lat'><strong>⁴</strong></span> <span class='ocrx_word' id='word_1_128' title='bbox 790 1838 852 1887; x_wconf 91' lang='lat' dir='ltr'><strong>In</strong></span> <span class='ocrx_word' id='word_1_129' title='bbox 891 1840 1087 1904; x_wconf 87' lang='lat' dir='ltr'><strong>oppido</strong></span> <span class='ocrx_word' id='word_1_130' title='bbox 1122 1840 1375 1892; x_wconf 86' lang='lat' dir='ltr'><strong>Rhandea</strong></span> <span class='ocrx_word' id='word_1_131' title='bbox 1408 1855 1593 1893; x_wconf 81' lang='lat' dir='ltr'><strong>conve·</strong></span> 
     </span>
     <span class='ocr_line' id='line_1_17' title="bbox 532 1915 1592 1985; baseline 0.008 -25"><span class='ocrx_word' id='word_1_132' title='bbox 532 1925 658 1962; x_wconf 88' lang='lat' dir='ltr'><strong>nere</strong></span> <span class='ocrx_word' id='word_1_133' title='bbox 694 1915 921 1966; x_wconf 87' lang='lat' dir='ltr'><strong>Corbulo</strong></span> <span class='ocrx_word' id='word_1_134' title='bbox 960 1925 1016 1966; x_wconf 90' lang='lat' dir='ltr'><strong>et</strong></span> <span class='ocrx_word' id='word_1_135' title='bbox 1060 1919 1336 1982; x_wconf 74' lang='lat' dir='ltr'><strong>Tiridates,</strong></span> <span class='ocrx_word' id='word_1_136' title='bbox 1376 1920 1510 1985; x_wconf 88' lang='lat' dir='ltr'><strong>quod</strong></span> <span class='ocrx_word' id='word_1_137' title='bbox 1547 1919 1592 1969; x_wconf 89' lang='lat' dir='ltr'><strong>is</strong></span> 
     </span>
     <span class='ocr_line' id='line_1_18' title="bbox 530 1988 1593 2062; baseline 0.01 -25"><span class='ocrx_word' id='word_1_138' title='bbox 530 1988 676 2039; x_wconf 85' lang='lat' dir='ltr'><strong>locus</strong></span> <span class='ocrx_word' id='word_1_139' title='bbox 694 1991 942 2043; x_wconf 88' lang='lat' dir='ltr'><strong>ambobus</strong></span> <span class='ocrx_word' id='word_1_140' title='bbox 967 1995 1266 2061; x_wconf 75' lang='lat' dir='ltr'><strong>placuisset,</strong></span> <span class='ocrx_word' id='word_1_141' title='bbox 1279 1997 1417 2056; x_wconf 85' lang='lat' dir='ltr'><strong>hnic,</strong></span> <span class='ocrx_word' id='word_1_142' title='bbox 1438 2012 1593 2062; x_wconf 89' lang='lat' dir='ltr'><strong>prop·</strong></span> 
     </span>
     <span class='ocr_line' id='line_1_19' title="bbox 531 2070 1591 2138; baseline 0.01 -24"><span class='ocrx_word' id='word_1_143' title='bbox 531 2073 680 2116; x_wconf 70' lang='lat' dir='ltr'><strong>terea</strong></span> <span class='ocrx_word' id='word_1_144' title='bbox 719 2070 853 2133; x_wconf 89' lang='lat' dir='ltr'><strong>quod</strong></span> <span class='ocrx_word' id='word_1_145' title='bbox 898 2070 1018 2120; x_wconf 87' lang='lat' dir='ltr'><strong>istic</strong></span> <span class='ocrx_word' id='word_1_146' title='bbox 1063 2072 1343 2138; x_wconf 77' lang='lat' dir='ltr'><strong>intercepti</strong></span> <span class='ocrx_word' id='word_1_147' title='bbox 1367 2075 1591 2124; x_wconf 86' lang='lat' dir='ltr'><strong>Romani</strong></span> 
     </span>
     <span class='ocr_line' id='line_1_20' title="bbox 529 2148 1590 2216; baseline 0.01 -25"><span class='ocrx_word' id='word_1_148' title='bbox 529 2155 626 2206; x_wconf 89' lang='lat' dir='ltr'><strong>per</strong></span> <span class='ocrx_word' id='word_1_149' title='bbox 661 2148 1082 2209; x_wconf 69' lang='lat' dir='ltr'><strong>compositionem</strong></span> <span class='ocrx_word' id='word_1_150' title='bbox 1119 2150 1312 2200; x_wconf 76' lang='lat' dir='ltr'><strong>dimissi</strong></span> <span class='ocrx_word' id='word_1_151' title='bbox 1350 2150 1590 2216; x_wconf 83' lang='lat' dir='ltr'><strong>fuissent,</strong></span> 
     </span>
     <span class='ocr_line' id='line_1_21' title="bbox 530 2218 1589 2294; baseline 0.012 -26"><span class='ocrx_word' id='word_1_152' title='bbox 530 2218 595 2269; x_wconf 90' lang='lat' dir='ltr'><strong>ad</strong></span> <span class='ocrx_word' id='word_1_153' title='bbox 634 2223 1012 2275; x_wconf 86' lang='lat' dir='ltr'><strong>ostendendum</strong></span> <span class='ocrx_word' id='word_1_154' title='bbox 1051 2227 1158 2277; x_wconf 89' lang='lat' dir='ltr'><strong>illic</strong></span> <span class='ocrx_word' id='word_1_155' title='bbox 1181 2228 1234 2277; x_wconf 92' lang='lat' dir='ltr'><strong>id</strong></span> <span class='ocrx_word' id='word_1_156' title='bbox 1263 2229 1589 2294; x_wconf 82' lang='lat' dir='ltr'><strong>beneficium,</strong></span> 
     </span>
     <span class='ocr_line' id='line_1_22' title="bbox 526 2296 1586 2367; baseline 0.009 -23"><span class='ocrx_word' id='word_1_157' title='bbox 526 2296 664 2360; x_wconf 85' lang='lat' dir='ltr'><strong>qnod</strong></span> <span class='ocrx_word' id='word_1_158' title='bbox 701 2313 732 2346; x_wconf 91' lang='lat' dir='ltr'><strong>a</strong></span> <span class='ocrx_word' id='word_1_159' title='bbox 757 2299 965 2349; x_wconf 83' lang='lat' dir='ltr'><strong>Parthis</strong></span> <span class='ocrx_word' id='word_1_160' title='bbox 997 2302 1354 2367; x_wconf 77' lang='lat' dir='ltr'><strong>accepissent:</strong></span> <span class='ocrx_word' id='word_1_161' title='bbox 1390 2306 1586 2357; x_wconf 89' lang='lat' dir='ltr'><strong>Corbu-</strong></span> 
     </span>
     <span class='ocr_line' id='line_1_23' title="bbox 526 2372 1584 2448; baseline 0.012 -28"><span class='ocrx_word' id='word_1_162' title='bbox 526 2372 655 2436; x_wconf 89' lang='lat' dir='ltr'><strong>loni,</strong></span> <span class='ocrx_word' id='word_1_163' title='bbox 698 2376 833 2438; x_wconf 87' lang='lat' dir='ltr'><strong>qnod</strong></span> <span class='ocrx_word' id='word_1_164' title='bbox 879 2376 1143 2429; x_wconf 84' lang='lat' dir='ltr'><strong>infamiam</strong></span> <span class='ocrx_word' id='word_1_165' title='bbox 1189 2382 1425 2444; x_wconf 85' lang='lat' dir='ltr'><strong>Romani,</strong></span> <span class='ocrx_word' id='word_1_166' title='bbox 1469 2397 1584 2448; x_wconf 80' lang='lat' dir='ltr'><strong>quae</strong></span> 
     </span>
     <span class='ocr_line' id='line_1_24' title="bbox 526 2449 1585 2521; baseline 0.012 -23"><span class='ocrx_word' id='word_1_167' title='bbox 526 2449 670 2513; x_wconf 87' lang='lat' dir='ltr'><strong>prius</strong></span> <span class='ocrx_word' id='word_1_168' title='bbox 693 2451 814 2515; x_wconf 81' lang='lat' dir='ltr'><strong>ipsis</strong></span> <span class='ocrx_word' id='word_1_169' title='bbox 835 2452 941 2503; x_wconf 86' lang='lat' dir='ltr'><strong>illic</strong></span> <span class='ocrx_word' id='word_1_170' title='bbox 967 2457 1297 2521; x_wconf 81' lang='lat' dir='ltr'><strong>contigisset,</strong></span> <span class='ocrx_word' id='word_1_171' title='bbox 1321 2473 1456 2510; x_wconf 88' lang='lat' dir='ltr'><strong>nunc</strong></span> <span class='ocrx_word' id='word_1_172' title='bbox 1490 2460 1585 2511; x_wconf 91' lang='lat' dir='ltr'><strong>ibi-</strong></span> 
     </span>
     <span class='ocr_line' id='line_1_25' title="bbox 526 2526 1585 2601; baseline 0.01 -24"><span class='ocrx_word' id='word_1_173' title='bbox 526 2526 644 2577; x_wconf 84' lang='lat' dir='ltr'><strong>dem</strong></span> <span class='ocrx_word' id='word_1_174' title='bbox 668 2529 908 2580; x_wconf 84' lang='lat' dir='ltr'><strong>abolituri</strong></span> <span class='ocrx_word' id='word_1_175' title='bbox 933 2533 1144 2585; x_wconf 65' lang='lat' dir='ltr'><strong>essent!</strong></span> <span class='ocrx_word' id='word_1_176' title='bbox 1199 2536 1388 2601; x_wconf 87' lang='lat' dir='ltr'><strong>Itaque</strong></span> <span class='ocrx_word' id='word_1_177' title='bbox 1412 2537 1486 2588; x_wconf 87' lang='lat' dir='ltr'><strong>sic</strong></span> <span class='ocrx_word' id='word_1_178' title='bbox 1508 2537 1585 2587; x_wconf 90' lang='lat' dir='ltr'><strong>in-</strong></span> 
     </span>
     <span class='ocr_line' id='line_1_26' title="bbox 523 2604 1593 2678; baseline 0.012 -24"><span class='ocrx_word' id='word_1_179' title='bbox 523 2604 683 2656; x_wconf 79' lang='lat' dir='ltr'><strong>famia</strong></span> <span class='ocrx_word' id='word_1_180' title='bbox 705 2608 842 2658; x_wconf 78' lang='lat' dir='ltr'><strong>Paeti</strong></span> <span class='ocrx_word' id='word_1_181' title='bbox 875 2624 976 2660; x_wconf 88' lang='lat' dir='ltr'><strong>non</strong></span> <span class='ocrx_word' id='word_1_182' title='bbox 1012 2613 1321 2678; x_wconf 87' lang='lat' dir='ltr'><strong>augebatur,</strong></span> <span class='ocrx_word' id='word_1_183' title='bbox 1343 2616 1499 2666; x_wconf 90' lang='lat' dir='ltr'><strong>immo</strong></span> <span class='ocrx_word' id='word_1_184' title='bbox 1534 2625 1593 2666; x_wconf 82' lang='lat' dir='ltr'><strong>a-&#39;</strong></span> 
     </span>
     <span class='ocr_line' id='line_1_27' title="bbox 523 2681 1584 2758; baseline 0.012 -27"><span class='ocrx_word' id='word_1_185' title='bbox 523 2681 800 2735; x_wconf 87' lang='lat' dir='ltr'><strong>bolebatur</strong></span> <span class='ocrx_word' id='word_1_186' title='bbox 837 2693 986 2737; x_wconf 83' lang='lat' dir='ltr'><strong>tanto</strong></span> <span class='ocrx_word' id='word_1_187' title='bbox 1022 2690 1164 2752; x_wconf 87' lang='lat' dir='ltr'><strong>pacis</strong></span> <span class='ocrx_word' id='word_1_188' title='bbox 1196 2691 1404 2758; x_wconf 84' lang='lat' dir='ltr'><strong>decore,</strong></span> <span class='ocrx_word' id='word_1_189' title='bbox 1437 2700 1496 2744; x_wconf 87' lang='lat' dir='ltr'><strong>ut</strong></span> <span class='ocrx_word' id='word_1_190' title='bbox 1527 2700 1584 2745; x_wconf 91' lang='lat' dir='ltr'><strong>et</strong></span> 
     </span>
     <span class='ocr_line' id='line_1_28' title="bbox 520 2758 900 2825; baseline 0.013 -17"><span class='ocrx_word' id='word_1_191' title='bbox 520 2758 657 2809; x_wconf 86' lang='lat' dir='ltr'><strong>infra</strong></span> <span class='ocrx_word' id='word_1_192' title='bbox 679 2763 900 2825; x_wconf 88' lang='lat' dir='ltr'><strong>patebit.</strong></span> 
     </span>
    </p>

    <p class='ocr_par' dir='ltr' id='par_1_9' title="bbox 512 2836 1603 3583">
     <span class='ocr_line' id='line_1_29' title="bbox 585 2836 1585 2900; baseline 0.013 -13"><span class='ocrx_word' id='word_1_193' title='bbox 585 2836 835 2889; x_wconf 85' lang='lat' dir='ltr'><strong>Attamen</strong></span> <span class='ocrx_word' id='word_1_194' title='bbox 860 2841 913 2891; x_wconf 91' lang='lat' dir='ltr'><strong>in</strong></span> <span class='ocrx_word' id='word_1_195' title='bbox 936 2842 1135 2895; x_wconf 87' lang='lat' dir='ltr'><strong>duobus</strong></span> <span class='ocrx_word' id='word_1_196' title='bbox 1152 2846 1236 2897; x_wconf 87' lang='lat' dir='ltr'><strong>hic</strong></span> <span class='ocrx_word' id='word_1_197' title='bbox 1257 2861 1451 2899; x_wconf 87' lang='lat' dir='ltr'><strong>errasse</strong></span> <span class='ocrx_word' id='word_1_198' title='bbox 1460 2850 1585 2900; x_wconf 85' lang='lat' dir='ltr'><strong>Dio-</strong></span> 
     </span>
     <span class='ocr_line' id='line_1_30' title="bbox 520 2916 1581 2986; baseline 0.013 -24"><span class='ocrx_word' id='word_1_199' title='bbox 520 2926 638 2963; x_wconf 84' lang='lat' dir='ltr'><strong>nem</strong></span> <span class='ocrx_word' id='word_1_200' title='bbox 664 2916 887 2979; x_wconf 85' lang='lat' dir='ltr'><strong>reperio.</strong></span> <span class='ocrx_word' id='word_1_201' title='bbox 928 2920 1107 2971; x_wconf 85' lang='lat' dir='ltr'><strong>Primo</strong></span> <span class='ocrx_word' id='word_1_202' title='bbox 1131 2922 1252 2986; x_wconf 87' lang='lat' dir='ltr'><strong>quia</strong></span> <span class='ocrx_word' id='word_1_203' title='bbox 1273 2938 1375 2974; x_wconf 90' lang='lat' dir='ltr'><strong>non</strong></span> <span class='ocrx_word' id='word_1_204' title='bbox 1399 2925 1581 2975; x_wconf 88' lang='lat' dir='ltr'><strong>distin-</strong></span> 
     </span>
     <span class='ocr_line' id='line_1_31' title="bbox 520 2991 1591 3065; baseline 0.014 -27"><span class='ocrx_word' id='word_1_205' title='bbox 520 2991 636 3054; x_wconf 69' lang='lat' dir='ltr'><strong>guit</strong></span> <span class='ocrx_word' id='word_1_206' title='bbox 655 2992 795 3042; x_wconf 87' lang='lat' dir='ltr'><strong>inter</strong></span> <span class='ocrx_word' id='word_1_207' title='bbox 814 2995 1032 3057; x_wconf 83' lang='lat' dir='ltr'><strong>primum</strong></span> <span class='ocrx_word' id='word_1_208' title='bbox 1055 2998 1368 3065; x_wconf 87' lang='lat' dir='ltr'><strong>colloquium</strong></span> <span class='ocrx_word' id='word_1_209' title='bbox 1387 3002 1591 3052; x_wconf 85' lang='lat' dir='ltr'><strong>Corbu-·</strong></span> 
     </span>
     <span class='ocr_line' id='line_1_32' title="bbox 522 3067 1583 3144; baseline 0.013 -28"><span class='ocrx_word' id='word_1_210' title='bbox 522 3067 651 3119; x_wconf 85' lang='lat' dir='ltr'><strong>lonis</strong></span> <span class='ocrx_word' id='word_1_211' title='bbox 673 3070 1044 3138; x_wconf 63' lang='lat' dir='ltr'><strong>OE&#39;iridatisqiie,</strong></span> <span class='ocrx_word' id='word_1_212' title='bbox 1088 3075 1139 3123; x_wconf 90' lang='lat' dir='ltr'><strong>in</strong></span> <span class='ocrx_word' id='word_1_213' title='bbox 1180 3091 1282 3141; x_wconf 91' lang='lat' dir='ltr'><strong>quo</strong></span> <span class='ocrx_word' id='word_1_214' title='bbox 1313 3080 1583 3144; x_wconf 82' lang='lat' dir='ltr'><strong>pepigere,</strong></span> 
     </span>
     <span class='ocr_line' id='line_1_33' title="bbox 519 3145 1583 3211; baseline 0.014 -18"><span class='ocrx_word' id='word_1_215' title='bbox 519 3145 974 3211; x_wconf 73' lang='lat' dir='ltr'><strong>qua&#39;licaerimonia&#39;</strong></span> <span class='ocrx_word' id='word_1_216' title='bbox 1004 3153 1396 3205; x_wconf 81' lang='lat' dir='ltr'><strong>venerabundus</strong></span> <span class='ocrx_word' id='word_1_217' title='bbox 1434 3173 1583 3208; x_wconf 88' lang='lat' dir='ltr'><strong>acce-</strong></span> 
     </span>
     <span class='ocr_line' id='line_1_34' title="bbox 517 3222 1603 3294; baseline 0.013 -22"><span class='ocrx_word' id='word_1_218' title='bbox 517 3222 754 3274; x_wconf 76' lang='lat' dir='ltr'><strong>det-etad</strong></span> <span class='ocrx_word' id='word_1_219' title='bbox 782 3225 1054 3291; x_wconf 86' lang='lat' dir='ltr'><strong>imaginem</strong></span> <span class='ocrx_word' id='word_1_220' title='bbox 1077 3229 1321 3294; x_wconf 84' lang='lat' dir='ltr'><strong>Neronis,</strong></span> <span class='ocrx_word' id='word_1_221' title='bbox 1349 3242 1405 3284; x_wconf 90' lang='lat' dir='ltr'><strong>et</strong></span> <span class='ocrx_word' id='word_1_222' title='bbox 1436 3237 1603 3285; x_wconf 76' lang='lat' dir='ltr'><strong>inter&#39;</strong></span> 
     </span>
     <span class='ocr_line' id='line_1_35' title="bbox 515 3305 1576 3376; baseline 0.012 -27"><span class='ocrx_word' id='word_1_223' title='bbox 515 3307 848 3366; x_wconf 81' lang='lat' dir='ltr'><strong>congressum</strong></span> <span class='ocrx_word' id='word_1_224' title='bbox 870 3305 959 3354; x_wconf 85' lang='lat' dir='ltr'><strong>seu</strong></span> <span class='ocrx_word' id='word_1_225' title='bbox 981 3307 1304 3370; x_wconf 84' lang='lat' dir='ltr'><strong>magnificam</strong></span> <span class='ocrx_word' id='word_1_226' title='bbox 1325 3325 1437 3360; x_wconf 88' lang='lat' dir='ltr'><strong>eam</strong></span> <span class='ocrx_word' id='word_1_227' title='bbox 1459 3327 1576 3376; x_wconf 87' lang='lat' dir='ltr'><strong>spe-</strong></span> 
     </span>
     <span class='ocr_line' id='line_1_36' title="bbox 514 3378 1576 3449; baseline 0.011 -22"><span class='ocrx_word' id='word_1_228' title='bbox 514 3378 666 3442; x_wconf 84' lang='lat' dir='ltr'><strong>ciem,</strong></span> <span class='ocrx_word' id='word_1_229' title='bbox 679 3396 783 3444; x_wconf 89' lang='lat' dir='ltr'><strong>qua</strong></span> <span class='ocrx_word' id='word_1_230' title='bbox 798 3382 1055 3433; x_wconf 81' lang='lat' dir='ltr'><strong>Tiridates</strong></span> <span class='ocrx_word' id='word_1_231' title='bbox 1071 3385 1315 3449; x_wconf 85' lang='lat' dir='ltr'><strong>deposuit</strong></span> <span class='ocrx_word' id='word_1_232' title='bbox 1334 3387 1576 3443; x_wconf 86' lang='lat' dir='ltr'><strong>diadema</strong></span> 
     </span>
     <span class='ocr_line' id='line_1_37' title="bbox 516 3452 1574 3522; baseline 0.01 -18"><span class='ocrx_word' id='word_1_233' title='bbox 516 3452 586 3504; x_wconf 84' lang='lat' dir='ltr'><strong>ad</strong></span> <span class='ocrx_word' id='word_1_234' title='bbox 615 3456 770 3518; x_wconf 84' lang='lat' dir='ltr'><strong>signa·</strong></span> <span class='ocrx_word' id='word_1_235' title='bbox 797 3458 1055 3522; x_wconf 86' lang='lat' dir='ltr'><strong>legionum</strong></span> <span class='ocrx_word' id='word_1_236' title='bbox 1088 3461 1142 3511; x_wconf 90' lang='lat' dir='ltr'><strong>in</strong></span> <span class='ocrx_word' id='word_1_237' title='bbox 1182 3463 1367 3513; x_wconf 82' lang='lat' dir='ltr'><strong>castris</strong></span> <span class='ocrx_word' id='word_1_238' title='bbox 1390 3466 1574 3516; x_wconf 90' lang='lat' dir='ltr'><strong>Roma-</strong></span> 
     </span>
     <span class='ocr_line' id='line_1_38' title="bbox 512 3545 608 3583; baseline 0.021 -2"><span class='ocrx_word' id='word_1_239' title='bbox 512 3545 608 3583; x_wconf 80' lang='lat' dir='ltr'><strong>nis.</strong></span> 
     </span>
    </p>

    <p class='ocr_par' dir='ltr' id='par_1_10' title="bbox 506 3610 1572 4141">
     <span class='ocr_line' id='line_1_39' title="bbox 546 3610 1570 3677; baseline 0.014 -19"><span class='ocrx_word' id='word_1_240' title='bbox 546 3613 551 3648; x_wconf 72' lang='grc' dir='ltr'><strong>’τ</strong></span> <span class='ocrx_word' id='word_1_241' title='bbox 576 3610 741 3660; x_wconf 85' lang='lat' dir='ltr'><strong>Errat</strong></span> <span class='ocrx_word' id='word_1_242' title='bbox 771 3613 944 3677; x_wconf 86' lang='lat' dir='ltr'><strong>etiam,</strong></span> <span class='ocrx_word' id='word_1_243' title='bbox 986 3630 1105 3665; x_wconf 88' lang='lat' dir='ltr'><strong>cum</strong></span> <span class='ocrx_word' id='word_1_244' title='bbox 1147 3617 1281 3669; x_wconf 87' lang='lat' dir='ltr'><strong>dicit</strong></span> <span class='ocrx_word' id='word_1_245' title='bbox 1322 3619 1570 3671; x_wconf 87' lang='lat' dir='ltr'><strong>Monoba-</strong></span> 
     </span>
     <span class='ocr_line' id='line_1_40' title="bbox 514 3690 1571 3750; baseline 0.01 -12"><span class='ocrx_word' id='word_1_246' title='bbox 514 3700 642 3750; x_wconf 85' lang='lat' dir='ltr'><strong>sem,</strong></span> <span class='ocrx_word' id='word_1_247' title='bbox 663 3697 720 3739; x_wconf 89' lang='lat' dir='ltr'><strong>et</strong></span> <span class='ocrx_word' id='word_1_248' title='bbox 738 3690 1049 3744; x_wconf 70' lang='lat' dir='ltr'><strong>volonesem</strong></span> <span class='ocrx_word' id='word_1_249' title='bbox 1069 3695 1271 3746; x_wconf 87' lang='lat' dir='ltr'><strong>venisse</strong></span> <span class='ocrx_word' id='word_1_250' title='bbox 1292 3696 1357 3745; x_wconf 89' lang='lat' dir='ltr'><strong>ad</strong></span> <span class='ocrx_word' id='word_1_251' title='bbox 1378 3698 1571 3748; x_wconf 87' lang='lat' dir='ltr'><strong>Corbu-</strong></span> 
     </span>
     <span class='ocr_line' id='line_1_41' title="bbox 509 3764 1571 3825; baseline 0.011 -12"><span class='ocrx_word' id='word_1_252' title='bbox 509 3764 698 3825; x_wconf 81' lang='lat' dir='ltr'><strong>lonem,</strong></span> <span class='ocrx_word' id='word_1_253' title='bbox 721 3775 777 3816; x_wconf 84' lang='lat' dir='ltr'><strong>et</strong></span> <span class='ocrx_word' id='word_1_254' title='bbox 799 3767 1003 3818; x_wconf 83' lang='lat' dir='ltr'><strong>obsides</strong></span> <span class='ocrx_word' id='word_1_255' title='bbox 1026 3771 1249 3821; x_wconf 82' lang='lat' dir='ltr'><strong>dedisse.</strong></span> <span class='ocrx_word' id='word_1_256' title='bbox 1299 3774 1434 3823; x_wconf 83' lang='lat' dir='ltr'><strong>Nam</strong></span> <span class='ocrx_word' id='word_1_257' title='bbox 1462 3783 1571 3824; x_wconf 90' lang='lat' dir='ltr'><strong>tum</strong></span> 
     </span>
     <span class='ocr_line' id='line_1_42' title="bbox 511 3842 1572 3914; baseline 0.009 -22"><span class='ocrx_word' id='word_1_258' title='bbox 511 3842 647 3892; x_wconf 84' lang='lat' dir='ltr'><strong>solus</strong></span> <span class='ocrx_word' id='word_1_259' title='bbox 670 3844 920 3895; x_wconf 64' lang='lat' dir='ltr'><strong>Tiridates</strong></span> <span class='ocrx_word' id='word_1_260' title='bbox 954 3846 1184 3912; x_wconf 88' lang='lat' dir='ltr'><strong>advenit,</strong></span> <span class='ocrx_word' id='word_1_261' title='bbox 1226 3857 1463 3914; x_wconf 84' lang='lat' dir='ltr'><strong>tanquam</strong></span> <span class='ocrx_word' id='word_1_262' title='bbox 1500 3854 1572 3903; x_wconf 88' lang='lat' dir='ltr'><strong>ad</strong></span> 
     </span>
     <span class='ocr_line' id='line_1_43' title="bbox 509 3924 1566 3992; baseline 0.012 -25"><span class='ocrx_word' id='word_1_263' title='bbox 509 3929 709 3983; x_wconf 71' lang='lat' dir='ltr'><strong>paceio,</strong></span> <span class='ocrx_word' id='word_1_264' title='bbox 734 3930 788 3971; x_wconf 88' lang='lat' dir='ltr'><strong>et</strong></span> <span class='ocrx_word' id='word_1_265' title='bbox 808 3924 1012 3972; x_wconf 88' lang='lat' dir='ltr'><strong>unicam</strong></span> <span class='ocrx_word' id='word_1_266' title='bbox 1040 3925 1271 3976; x_wconf 80' lang='lat' dir='ltr'><strong>obsidem</strong></span> <span class='ocrx_word' id='word_1_267' title='bbox 1291 3927 1454 3992; x_wconf 68' lang='lat' dir='ltr'><strong>dedit,</strong></span> <span class='ocrx_word' id='word_1_268' title='bbox 1474 3929 1566 3979; x_wconf 87' lang='lat' dir='ltr'><strong>fili-</strong></span> 
     </span>
     <span class='ocr_line' id='line_1_44' title="bbox 508 3991 1568 4071; baseline 0.008 -24"><span class='ocrx_word' id='word_1_269' title='bbox 508 4012 591 4048; x_wconf 80' lang='lat' dir='ltr'><strong>am</strong></span> <span class='ocrx_word' id='word_1_270' title='bbox 611 3991 816 4063; x_wconf 79' lang='lat' dir='ltr'><strong>nempe,</strong></span> <span class='ocrx_word' id='word_1_271' title='bbox 831 4009 886 4050; x_wconf 91' lang='lat' dir='ltr'><strong>et</strong></span> <span class='ocrx_word' id='word_1_272' title='bbox 907 4011 1011 4050; x_wconf 84' lang='lat' dir='ltr'><strong>tum</strong></span> <span class='ocrx_word' id='word_1_273' title='bbox 1037 4002 1266 4067; x_wconf 83' lang='lat' dir='ltr'><strong>degebat</strong></span> <span class='ocrx_word' id='word_1_274' title='bbox 1286 4007 1568 4071; x_wconf 76' lang='lat' dir='ltr'><strong>Vologeses</strong></span> 
     </span>
     <span class='ocr_line' id='line_1_45' title="bbox 506 4074 1220 4141; baseline 0.007 -16"><span class='ocrx_word' id='word_1_275' title='bbox 506 4074 784 4125; x_wconf 72' lang='lat' dir='ltr'><strong>Ecbatanis</strong></span> <span class='ocrx_word' id='word_1_276' title='bbox 806 4080 988 4141; x_wconf 88' lang='lat' dir='ltr'><strong>procul</strong></span> <span class='ocrx_word' id='word_1_277' title='bbox 1012 4094 1043 4127; x_wconf 91' lang='lat' dir='ltr'><strong>a</strong></span> <span class='ocrx_word' id='word_1_278' title='bbox 1068 4081 1220 4131; x_wconf 85' lang='lat' dir='ltr'><strong>bello.</strong></span> 
     </span>
    </p>

    <p class='ocr_par' dir='ltr' id='par_1_11' title="bbox 505 4151 1568 4378">
     <span class='ocr_line' id='line_1_46' title="bbox 568 4151 1566 4226; baseline 0.008 -25"><span class='ocrx_word' id='word_1_279' title='bbox 568 4151 852 4204; x_wconf 79' lang='lat' dir='ltr'><strong>Cont‘nndit</strong></span> <span class='ocrx_word' id='word_1_280' title='bbox 887 4158 1106 4219; x_wconf 85' lang='lat' dir='ltr'><strong>primum</strong></span> <span class='ocrx_word' id='word_1_281' title='bbox 1135 4158 1325 4210; x_wconf 87' lang='lat' dir='ltr'><strong>bellum</strong></span> <span class='ocrx_word' id='word_1_282' title='bbox 1349 4162 1566 4226; x_wconf 85' lang='lat' dir='ltr'><strong>Vologe-</strong></span> 
     </span>
     <span class='ocr_line' id='line_1_47' title="bbox 507 4226 1568 4300; baseline 0.014 -23"><span class='ocrx_word' id='word_1_283' title='bbox 507 4226 571 4291; x_wconf 71' lang='lat' dir='ltr'><strong>si,</strong></span> <span class='ocrx_word' id='word_1_284' title='bbox 593 4244 694 4293; x_wconf 87' lang='lat' dir='ltr'><strong>quo</strong></span> <span class='ocrx_word' id='word_1_285' title='bbox 717 4234 987 4296; x_wconf 74' lang='lat' dir='ltr'><strong>Tigranem</strong></span> <span class='ocrx_word' id='word_1_286' title='bbox 1025 4249 1214 4300; x_wconf 72' lang='lat' dir='ltr'><strong>regem·</strong></span> <span class='ocrx_word' id='word_1_287' title='bbox 1238 4252 1286 4286; x_wconf 61' lang='lat' dir='ltr'><strong>el</strong></span> <span class='ocrx_word' id='word_1_288' title='bbox 1323 4243 1568 4300; x_wconf 66' lang='lat' dir='ltr'><strong>&#39;rign-ano-</strong></span> 
     </span>
     <span class='ocr_line' id='line_1_48' title="bbox 505 4307 1567 4378; baseline 0.013 -23"><span class='ocrx_word' id='word_1_289' title='bbox 505 4311 650 4356; x_wconf 82' lang='lat' dir='ltr'><strong>certa</strong></span> <span class='ocrx_word' id='word_1_290' title='bbox 668 4307 890 4375; x_wconf 85' lang='lat' dir='ltr'><strong>obsedit,</strong></span> <span class='ocrx_word' id='word_1_291' title='bbox 902 4312 1022 4363; x_wconf 88' lang='lat' dir='ltr'><strong>dein</strong></span> <span class='ocrx_word' id='word_1_292' title='bbox 1044 4322 1201 4378; x_wconf 85' lang='lat' dir='ltr'><strong>pacto</strong></span> <span class='ocrx_word' id='word_1_293' title='bbox 1214 4315 1347 4367; x_wconf 89' lang='lat' dir='ltr'><strong>inito</strong></span> <span class='ocrx_word' id='word_1_294' title='bbox 1365 4317 1567 4368; x_wconf 85' lang='lat' dir='ltr'><strong>absces-</strong></span> 
     </span>
    </p>
   </div>
   <div class='ocr_carea' id='block_1_9' title="bbox 1653 1758 2755 3762">
    <p class='ocr_par' dir='ltr' id='par_1_12' title="bbox 1672 1758 2734 1903">
     <span class='ocr_line' id='line_1_49' title="bbox 1672 1758 2734 1826; baseline -0.004 -14"><span class='ocrx_word' id='word_1_295' title='bbox 1672 1763 1759 1826; x_wconf 86' lang='lat' dir='ltr'><strong>sit,</strong></span> <span class='ocrx_word' id='word_1_296' title='bbox 1783 1762 1903 1812; x_wconf 77' lang='lat' dir='ltr'><strong>cum&#39;</strong></span> <span class='ocrx_word' id='word_1_297' title='bbox 1922 1761 2023 1812; x_wconf 85' lang='lat' dir='ltr'><strong>isto</strong></span> <span class='ocrx_word' id='word_1_298' title='bbox 2041 1760 2200 1813; x_wconf 85' lang='lat' dir='ltr'><strong>tertio</strong></span> <span class='ocrx_word' id='word_1_299' title='bbox 2220 1760 2378 1825; x_wconf 87' lang='lat' dir='ltr'><strong>bello,</strong></span> <span class='ocrx_word' id='word_1_300' title='bbox 2395 1773 2502 1825; x_wconf 88' lang='lat' dir='ltr'><strong>qno</strong></span> <span class='ocrx_word' id='word_1_301' title='bbox 2520 1758 2734 1810; x_wconf 85' lang='lat' dir='ltr'><strong>tandem</strong></span> 
     </span>
     <span class='ocr_line' id='line_1_50' title="bbox 1674 1838 2305 1903; baseline 0.01 -17"><span class='ocrx_word' id='word_1_302' title='bbox 1674 1853 1777 1903; x_wconf 87' lang='lat' dir='ltr'><strong>pax</strong></span> <span class='ocrx_word' id='word_1_303' title='bbox 1801 1838 1933 1889; x_wconf 88' lang='lat' dir='ltr'><strong>inita</strong></span> <span class='ocrx_word' id='word_1_304' title='bbox 1956 1849 2055 1890; x_wconf 88' lang='lat' dir='ltr'><strong>est.</strong></span> <span class='ocrx_word' id='word_1_305' title='bbox 2298 1855 2305 1862; x_wconf 85' lang='lat'><strong>·</strong></span> 
     </span>
    </p>

    <p class='ocr_par' dir='ltr' id='par_1_13' title="bbox 1672 1913 2755 2124">
     <span class='ocr_line' id='line_1_51' title="bbox 1736 1913 2739 1980; baseline -0.003 -13"><span class='ocrx_word' id='word_1_306' title='bbox 1736 1916 1808 1967; x_wconf 84' lang='lat' dir='ltr'><strong>Et</strong></span> <span class='ocrx_word' id='word_1_307' title='bbox 1831 1915 1946 1980; x_wconf 87' lang='lat' dir='ltr'><strong>quis</strong></span> <span class='ocrx_word' id='word_1_308' title='bbox 1968 1913 2167 1978; x_wconf 86' lang='lat' dir='ltr'><strong>credat,</strong></span> <span class='ocrx_word' id='word_1_309' title='bbox 2182 1923 2359 1980; x_wconf 74' lang='lat' dir='ltr'><strong>regem</strong></span> <span class='ocrx_word' id='word_1_310' title='bbox 2371 1928 2555 1978; x_wconf 86' lang='lat' dir='ltr'><strong>regum</strong></span> <span class='ocrx_word' id='word_1_311' title='bbox 2572 1913 2739 1964; x_wconf 78' lang='lat' dir='ltr'><strong>venis·</strong></span> 
     </span>
     <span class='ocr_line' id='line_1_52' title="bbox 1674 1993 2755 2060; baseline -0.002 -14"><span class='ocrx_word' id='word_1_312' title='bbox 1674 2008 1729 2046; x_wconf 85' lang='lat' dir='ltr'><strong>se</strong></span> <span class='ocrx_word' id='word_1_313' title='bbox 1766 1993 1831 2044; x_wconf 90' lang='lat' dir='ltr'><strong>ad</strong></span> <span class='ocrx_word' id='word_1_314' title='bbox 1855 1994 2198 2047; x_wconf 85' lang='lat' dir='ltr'><strong>Corbulonem</strong></span> <span class='ocrx_word' id='word_1_315' title='bbox 2223 1994 2408 2044; x_wconf 87' lang='lat' dir='ltr'><strong>ducem</strong></span> <span class='ocrx_word' id='word_1_316' title='bbox 2432 1995 2453 2043; x_wconf 74' lang='lat' dir='ltr'><strong>i</strong></span> <span class='ocrx_word' id='word_1_317' title='bbox 2479 1993 2632 2060; x_wconf 87' lang='lat' dir='ltr'><strong>quasi</strong></span> <span class='ocrx_word' id='word_1_318' title='bbox 2652 2007 2755 2044; x_wconf 80' lang='lat' dir='ltr'><strong>ve·—</strong></span> 
     </span>
     <span class='ocr_line' id='line_1_53' title="bbox 1672 2075 1761 2124; baseline 0 -1"><span class='ocrx_word' id='word_1_319' title='bbox 1672 2075 1761 2124; x_wconf 86' lang='lat' dir='ltr'><strong>ro!</strong></span> 
     </span>
    </p>

    <p class='ocr_par' dir='ltr' id='par_1_14' title="bbox 1665 2149 2741 2451">
     <span class='ocr_line' id='line_1_54' title="bbox 1735 2149 2738 2214; baseline 0 -13"><span class='ocrx_word' id='word_1_320' title='bbox 1735 2159 1758 2194; x_wconf 75' lang='lat'>5</span> <span class='ocrx_word' id='word_1_321' title='bbox 1794 2150 2010 2201; x_wconf 76' lang='lat' dir='ltr'><strong>Gloriam</strong></span> <span class='ocrx_word' id='word_1_322' title='bbox 2027 2150 2249 2214; x_wconf 76' lang='lat' dir='ltr'><strong>augeret]</strong></span> <span class='ocrx_word' id='word_1_323' title='bbox 2293 2149 2738 2202; x_wconf 85' lang='lat' dir='ltr'><strong>Dissimilitudine</strong></span> 
     </span>
     <span class='ocr_line' id='line_1_55' title="bbox 1671 2230 2738 2295; baseline 0 -16"><span class='ocrx_word' id='word_1_324' title='bbox 1671 2244 1841 2280; x_wconf 86' lang='lat' dir='ltr'><strong>rerum</strong></span> <span class='ocrx_word' id='word_1_325' title='bbox 1864 2230 2021 2280; x_wconf 87' lang='lat' dir='ltr'><strong>decus</strong></span> <span class='ocrx_word' id='word_1_326' title='bbox 2056 2245 2200 2280; x_wconf 80' lang='lat' dir='ltr'><strong>suum</strong></span> <span class='ocrx_word' id='word_1_327' title='bbox 2240 2235 2297 2281; x_wconf 91' lang='lat' dir='ltr'><strong>et</strong></span> <span class='ocrx_word' id='word_1_328' title='bbox 2322 2230 2546 2295; x_wconf 76' lang='lat' dir='ltr'><strong>gloriam</strong></span> <span class='ocrx_word' id='word_1_329' title='bbox 2569 2231 2738 2295; x_wconf 89' lang='lat' dir='ltr'><strong>publi·</strong></span> 
     </span>
     <span class='ocr_line' id='line_1_56' title="bbox 1668 2309 2741 2373; baseline 0.001 -15"><span class='ocrx_word' id='word_1_330' title='bbox 1668 2324 1782 2359; x_wconf 87' lang='lat' dir='ltr'><strong>cam</strong></span> <span class='ocrx_word' id='word_1_331' title='bbox 1817 2309 2043 2373; x_wconf 82' lang='lat' dir='ltr'><strong>augebat</strong></span> <span class='ocrx_word' id='word_1_332' title='bbox 2081 2309 2331 2372; x_wconf 86' lang='lat' dir='ltr'><strong>Corbulo,</strong></span> <span class='ocrx_word' id='word_1_333' title='bbox 2351 2311 2427 2359; x_wconf 87' lang='lat' dir='ltr'><strong>ita</strong></span> <span class='ocrx_word' id='word_1_334' title='bbox 2461 2316 2644 2360; x_wconf 88' lang='lat' dir='ltr'><strong>tamen</strong></span> <span class='ocrx_word' id='word_1_335' title='bbox 2677 2314 2741 2359; x_wconf 87' lang='lat' dir='ltr'><strong>ut</strong></span> 
     </span>
     <span class='ocr_line' id='line_1_57' title="bbox 1665 2385 2539 2451; baseline 0.002 -16"><span class='ocrx_word' id='word_1_336' title='bbox 1665 2385 1994 2450; x_wconf 86' lang='lat' dir='ltr'><strong>ignominiam</strong></span> <span class='ocrx_word' id='word_1_337' title='bbox 2021 2388 2159 2437; x_wconf 78' lang='lat' dir='ltr'><strong>Paeti</strong></span> <span class='ocrx_word' id='word_1_338' title='bbox 2181 2401 2282 2437; x_wconf 89' lang='lat' dir='ltr'><strong>non</strong></span> <span class='ocrx_word' id='word_1_339' title='bbox 2302 2395 2539 2451; x_wconf 86' lang='lat' dir='ltr'><strong>augeret.</strong></span> 
     </span>
    </p>

    <p class='ocr_par' dir='ltr' id='par_1_15' title="bbox 1662 2461 2740 2669">
     <span class='ocr_line' id='line_1_58' title="bbox 1728 2461 2740 2534; baseline -0.003 -19"><span class='ocrx_word' id='word_1_340' title='bbox 1728 2472 1749 2499; x_wconf 79' lang='lat'>2</span> <span class='ocrx_word' id='word_1_341' title='bbox 1781 2465 1950 2529; x_wconf 81' lang='lat' dir='ltr'><strong>Neque</strong></span> <span class='ocrx_word' id='word_1_342' title='bbox 1969 2463 2175 2526; x_wconf 67' lang='lat' dir='ltr'><strong>infamio</strong></span> <span class='ocrx_word' id='word_1_343' title='bbox 2187 2465 2317 2515; x_wconf 74' lang='lat' dir='ltr'><strong>Poetz·</strong></span> <span class='ocrx_word' id='word_1_344' title='bbox 2333 2462 2624 2528; x_wconf 70' lang='lat' dir='ltr'><strong>angebatur]</strong></span> <span class='ocrx_word' id='word_1_345' title='bbox 2648 2461 2740 2534; x_wconf 84' lang='lat' dir='ltr'><strong>Sie&#39;</strong></span> 
     </span>
     <span class='ocr_line' id='line_1_59' title="bbox 1663 2543 2734 2608; baseline 0.002 -18"><span class='ocrx_word' id='word_1_346' title='bbox 1663 2543 1892 2592; x_wconf 86' lang='lat' dir='ltr'><strong>correxit</strong></span> <span class='ocrx_word' id='word_1_347' title='bbox 1947 2543 2239 2594; x_wconf 86' lang='lat' dir='ltr'><strong>Rhenanus.</strong></span> <span class='ocrx_word' id='word_1_348' title='bbox 2305 2544 2474 2608; x_wconf 81' lang='lat' dir='ltr'><strong>Vulgo</strong></span> <span class='ocrx_word' id='word_1_349' title='bbox 2530 2543 2734 2606; x_wconf 78' lang='lat' dir='ltr'><strong>augebo·</strong></span> 
     </span>
     <span class='ocr_line' id='line_1_60' title="bbox 1662 2624 1761 2669; baseline 0 -1"><span class='ocrx_word' id='word_1_350' title='bbox 1662 2624 1761 2669; x_wconf 72' lang='lat' dir='ltr'><strong>tur.</strong></span> 
     </span>
    </p>

    <p class='ocr_par' dir='ltr' id='par_1_16' title="bbox 1655 2695 2751 3212">
     <span class='ocr_line' id='line_1_61' title="bbox 1727 2695 2735 2762; baseline 0.002 -16"><span class='ocrx_word' id='word_1_351' title='bbox 1727 2696 1919 2762; x_wconf 78' lang='lat' dir='ltr'><strong>Neque]</strong></span> <span class='ocrx_word' id='word_1_352' title='bbox 1949 2698 2056 2748; x_wconf 86' lang='lat' dir='ltr'><strong>Per</strong></span> <span class='ocrx_word' id='word_1_353' title='bbox 2075 2696 2134 2746; x_wconf 78' lang='grc' dir='ltr'><strong>τὸ</strong></span> <span class='ocrx_word' id='word_1_354' title='bbox 2155 2712 2314 2762; x_wconf 72' lang='lat' dir='ltr'><strong>neque,</strong></span> <span class='ocrx_word' id='word_1_355' title='bbox 2336 2695 2735 2748; x_wconf 80' lang='lat' dir='ltr'><strong>indicare&#39;vide·</strong></span> 
     </span>
     <span class='ocr_line' id='line_1_62' title="bbox 1663 2773 2730 2839; baseline 0.001 -16"><span class='ocrx_word' id='word_1_356' title='bbox 1663 2780 1752 2824; x_wconf 87' lang='lat' dir='ltr'><strong>tur</strong></span> <span class='ocrx_word' id='word_1_357' title='bbox 1794 2775 2026 2839; x_wconf 83' lang='lat' dir='ltr'><strong>Tacitus,</strong></span> <span class='ocrx_word' id='word_1_358' title='bbox 2070 2789 2173 2825; x_wconf 89' lang='lat' dir='ltr'><strong>non</strong></span> <span class='ocrx_word' id='word_1_359' title='bbox 2227 2775 2407 2839; x_wconf 84' lang='lat' dir='ltr'><strong>augeri</strong></span> <span class='ocrx_word' id='word_1_360' title='bbox 2461 2773 2730 2824; x_wconf 84' lang='lat' dir='ltr'><strong>infamiam</strong></span> 
     </span>
     <span class='ocr_line' id='line_1_63' title="bbox 1662 2852 2733 2920; baseline -0.002 -17"><span class='ocrx_word' id='word_1_361' title='bbox 1662 2853 1821 2917; x_wconf 79' lang='lat' dir='ltr'><strong>Paeti,</strong></span> <span class='ocrx_word' id='word_1_362' title='bbox 1840 2855 1986 2920; x_wconf 67' lang='lat' dir='ltr'><strong>quasi</strong></span> <span class='ocrx_word' id='word_1_363' title='bbox 2024 2853 2244 2916; x_wconf 81' lang='lat' dir='ltr'><strong>diceret,</strong></span> <span class='ocrx_word' id='word_1_364' title='bbox 2262 2852 2600 2902; x_wconf 61' lang='lat' dir='ltr'><strong>dissimilitudo</strong></span> <span class='ocrx_word' id='word_1_365' title='bbox 2625 2852 2733 2913; x_wconf 81' lang='lat' dir='ltr'><strong>for·</strong></span> 
     </span>
     <span class='ocr_line' id='line_1_64' title="bbox 1661 2928 2732 2993; baseline -0.002 -14"><span class='ocrx_word' id='word_1_366' title='bbox 1661 2934 1792 2979; x_wconf 70' lang='lat' dir='ltr'><strong>tunoe</strong></span> <span class='ocrx_word' id='word_1_367' title='bbox 1819 2930 2021 2993; x_wconf 77' lang='lat' dir='ltr'><strong>ungebat</strong></span> <span class='ocrx_word' id='word_1_368' title='bbox 2040 2932 2244 2993; x_wconf 78' lang='lat' dir='ltr'><strong>gloriam</strong></span> <span class='ocrx_word' id='word_1_369' title='bbox 2268 2928 2565 2989; x_wconf 77' lang='lat' dir='ltr'><strong>Corbulonis,</strong></span> <span class='ocrx_word' id='word_1_370' title='bbox 2586 2944 2732 2992; x_wconf 72' lang='lat' dir='ltr'><strong>neque</strong></span> 
     </span>
     <span class='ocr_line' id='line_1_65' title="bbox 1655 3006 2730 3073; baseline -0.002 -15"><span class='ocrx_word' id='word_1_371' title='bbox 1655 3013 1907 3073; x_wconf 76' lang='lat' dir='ltr'><strong>propterea</strong></span> <span class='ocrx_word' id='word_1_372' title='bbox 1928 3008 2129 3069; x_wconf 56' lang='lat' dir='ltr'><strong>infamia</strong></span> <span class='ocrx_word' id='word_1_373' title='bbox 2153 3007 2281 3057; x_wconf 74' lang='lat' dir='ltr'><strong>Pati</strong></span> <span class='ocrx_word' id='word_1_374' title='bbox 2304 3006 2585 3069; x_wconf 71' lang='lat' dir='ltr'><strong>augebatur.</strong></span> <span class='ocrx_word' id='word_1_375' title='bbox 2619 3006 2730 3057; x_wconf 85' lang='lat' dir='ltr'><strong>Sic·</strong></span> 
     </span>
     <span class='ocr_line' id='line_1_66' title="bbox 1662 3082 2751 3151; baseline -0.001 -18"><span class='ocrx_word' id='word_1_376' title='bbox 1662 3093 1769 3150; x_wconf 68' lang='lat' dir='ltr'><strong>que⁴</strong></span> <span class='ocrx_word' id='word_1_377' title='bbox 1803 3100 1900 3151; x_wconf 86' lang='lat' dir='ltr'><strong>per</strong></span> <span class='ocrx_word' id='word_1_378' title='bbox 1932 3084 2197 3149; x_wconf 77' lang='lat' dir='ltr'><strong>egregiam</strong></span> <span class='ocrx_word' id='word_1_379' title='bbox 2240 3082 2542 3133; x_wconf 80' lang='lat' dir='ltr'><strong>antithesim</strong></span> <span class='ocrx_word' id='word_1_380' title='bbox 2584 3082 2751 3133; x_wconf 68' lang='lat' dir='ltr'><strong>Talei--</strong></span> 
     </span>
     <span class='ocr_line' id='line_1_67' title="bbox 1661 3169 2745 3212; baseline 0 -1"><span class='ocrx_word' id='word_1_381' title='bbox 1661 3169 1764 3212; x_wconf 70' lang='lat' dir='ltr'><strong>tus.</strong></span> <span class='ocrx_word' id='word_1_382' title='bbox 2740 3176 2745 3180; x_wconf 79' lang='grc'><strong><em>’</em></strong></span> 
     </span>
    </p>

    <p class='ocr_par' dir='ltr' id='par_1_17' title="bbox 1653 3236 2749 3688">
     <span class='ocr_line' id='line_1_68' title="bbox 1720 3236 2728 3301; baseline -0.002 -12"><span class='ocrx_word' id='word_1_383' title='bbox 1720 3237 2019 3301; x_wconf 70' lang='lat' dir='ltr'><strong>Augebatur]</strong></span> <span class='ocrx_word' id='word_1_384' title='bbox 2052 3238 2116 3287; x_wconf 93' lang='lat' dir='ltr'><strong>In</strong></span> <span class='ocrx_word' id='word_1_385' title='bbox 2139 3237 2399 3288; x_wconf 83' lang='lat' dir='ltr'><strong>veteribus</strong></span> <span class='ocrx_word' id='word_1_386' title='bbox 2422 3236 2568 3287; x_wconf 85' lang='lat' dir='ltr'><strong>libris</strong></span> <span class='ocrx_word' id='word_1_387' title='bbox 2585 3252 2728 3300; x_wconf 73' lang='lat' dir='ltr'><strong>auge·</strong></span> 
     </span>
     <span class='ocr_line' id='line_1_69' title="bbox 1657 3316 2733 3379; baseline -0.002 -13"><span class='ocrx_word' id='word_1_388' title='bbox 1657 3316 1819 3379; x_wconf 78' lang='lat' dir='ltr'><strong>batur,</strong></span> <span class='ocrx_word' id='word_1_389' title='bbox 1840 3322 1897 3366; x_wconf 91' lang='lat' dir='ltr'><strong>et</strong></span> <span class='ocrx_word' id='word_1_390' title='bbox 1919 3324 2065 3367; x_wconf 82' lang='lat' dir='ltr'><strong>certe</strong></span> <span class='ocrx_word' id='word_1_391' title='bbox 2088 3317 2293 3367; x_wconf 86' lang='lat' dir='ltr'><strong>melius.</strong></span> <span class='ocrx_word' id='word_1_392' title='bbox 2361 3317 2549 3379; x_wconf 90' lang='lat' dir='ltr'><strong>Neque</strong></span> <span class='ocrx_word' id='word_1_393' title='bbox 2588 3316 2733 3365; x_wconf 79' lang='lat' dir='ltr'><strong>enini‘</strong></span> 
     </span>
     <span class='ocr_line' id='line_1_70' title="bbox 1654 3391 2722 3454; baseline -0.002 -12"><span class='ocrx_word' id='word_1_394' title='bbox 1654 3392 1805 3443; x_wconf 85' lang='lat' dir='ltr'><strong>fortis</strong></span> <span class='ocrx_word' id='word_1_395' title='bbox 1849 3401 1902 3442; x_wconf 81' lang='lat' dir='ltr'><strong>et</strong></span> <span class='ocrx_word' id='word_1_396' title='bbox 1939 3394 2145 3443; x_wconf 87' lang='lat' dir='ltr'><strong>honesti</strong></span> <span class='ocrx_word' id='word_1_397' title='bbox 2170 3393 2263 3442; x_wconf 85' lang='lat' dir='ltr'><strong>viri</strong></span> <span class='ocrx_word' id='word_1_398' title='bbox 2299 3391 2420 3454; x_wconf 84' lang='lat' dir='ltr'><strong>fuit,</strong></span> <span class='ocrx_word' id='word_1_399' title='bbox 2443 3406 2509 3441; x_wconf 83' lang='lat' dir='ltr'><strong>ex</strong></span> <span class='ocrx_word' id='word_1_400' title='bbox 2551 3393 2722 3442; x_wconf 86' lang='lat' dir='ltr'><strong>alieno</strong></span> 
     </span>
     <span class='ocr_line' id='line_1_71' title="bbox 1655 3467 2724 3534; baseline -0.002 -16"><span class='ocrx_word' id='word_1_401' title='bbox 1655 3471 1913 3520; x_wconf 81' lang='lat' dir='ltr'><strong>dedecore</strong></span> <span class='ocrx_word' id='word_1_402' title='bbox 1959 3485 2143 3520; x_wconf 82' lang='lat' dir='ltr'><strong>vanam</strong></span> <span class='ocrx_word' id='word_1_403' title='bbox 2198 3469 2405 3520; x_wconf 90' lang='lat' dir='ltr'><strong>landem</strong></span> <span class='ocrx_word' id='word_1_404' title='bbox 2462 3467 2724 3534; x_wconf 85' lang='lat' dir='ltr'><strong>aucupari.</strong></span> 
     </span>
     <span class='ocr_line' id='line_1_72' title="bbox 1653 3543 2720 3611; baseline -0.003 -14"><span class='ocrx_word' id='word_1_405' title='bbox 1653 3546 1951 3597; x_wconf 83' lang='lat' dir='ltr'><strong>Sufficiebat</strong></span> <span class='ocrx_word' id='word_1_406' title='bbox 1995 3547 2175 3598; x_wconf 72' lang='lat' dir='ltr'><strong>virtus.</strong></span> <span class='ocrx_word' id='word_1_407' title='bbox 2212 3545 2426 3609; x_wconf 83' lang='lat' dir='ltr'><strong>propria</strong></span> <span class='ocrx_word' id='word_1_408' title='bbox 2476 3543 2720 3611; x_wconf 86' lang='lat' dir='ltr'><strong>famaque</strong></span> 
     </span>
     <span class='ocr_line' id='line_1_73' title="bbox 1653 3620 2749 3688; baseline -0.001 -16"><span class='ocrx_word' id='word_1_409' title='bbox 1653 3622 1801 3673; x_wconf 86' lang='lat' dir='ltr'><strong>bonis</strong></span> <span class='ocrx_word' id='word_1_410' title='bbox 1824 3623 2024 3673; x_wconf 85' lang='lat' dir='ltr'><strong>artibus</strong></span> <span class='ocrx_word' id='word_1_411' title='bbox 2052 3630 2204 3685; x_wconf 86' lang='lat' dir='ltr'><strong>parta</strong></span> <span class='ocrx_word' id='word_1_412' title='bbox 2227 3620 2523 3671; x_wconf 81' lang='lat' dir='ltr'><strong>Corbuloni.</strong></span> <span class='ocrx_word' id='word_1_413' title='bbox 2720 3685 2723 3688; x_wconf 14' lang='grc' dir='ltr'><strong>Δ</strong></span> <span class='ocrx_word' id='word_1_414' title='bbox 2746 3623 2749 3628; x_wconf 82' lang='lat'>&#39;</span> 
     </span>
    </p>

    <p class='ocr_par' dir='ltr' id='par_1_18' title="bbox 1717 3698 2720 3762">
     <span class='ocr_line' id='line_1_74' title="bbox 1717 3698 2720 3762; baseline 0.001 -16"><span class='ocrx_word' id='word_1_415' title='bbox 1717 3699 1854 3750; x_wconf 75' lang='lat' dir='ltr'><strong>Quid</strong></span> <span class='ocrx_word' id='word_1_416' title='bbox 1900 3714 2028 3762; x_wconf 84' lang='lat' dir='ltr'><strong>opus</strong></span> <span class='ocrx_word' id='word_1_417' title='bbox 2074 3698 2242 3748; x_wconf 88' lang='lat' dir='ltr'><strong>aliena</strong></span> <span class='ocrx_word' id='word_1_418' title='bbox 2287 3698 2628 3759; x_wconf 85' lang='lat' dir='ltr'><strong>contumelia,</strong></span> <span class='ocrx_word' id='word_1_419' title='bbox 2661 3700 2720 3747; x_wconf 89' lang='lat' dir='ltr'><strong>ut</strong></span> 
     </span>
    </p>
   </div>
   <div class='ocr_carea' id='block_1_10' title="bbox 1646 3774 2716 3840">
    <p class='ocr_par' dir='ltr' id='par_1_19' title="bbox 1646 3774 2716 3840">
     <span class='ocr_line' id='line_1_75' title="bbox 1646 3774 2716 3840; baseline 0.001 -16"><span class='ocrx_word' id='word_1_420' title='bbox 1646 3776 2005 3826; x_wconf 78' lang='lat' dir='ltr'><strong>incresceret?</strong></span> <span class='ocrx_word' id='word_1_421' title='bbox 2033 3777 2204 3840; x_wconf 88' lang='lat' dir='ltr'><strong>Supra</strong></span> <span class='ocrx_word' id='word_1_422' title='bbox 2214 3776 2515 3825; x_wconf 81' lang='lat' dir='ltr'><strong>deSeneca:</strong></span> <span class='ocrx_word' id='word_1_423' title='bbox 2533 3777 2549 3803; x_wconf 87' lang='lat'>‘</span> <span class='ocrx_word' id='word_1_424' title='bbox 2563 3774 2716 3827; x_wconf 84' lang='lat' dir='ltr'><strong>Quod</strong></span> 
     </span>
    </p>
   </div>
   <div class='ocr_carea' id='block_1_11' title="bbox 1647 3852 2719 4388">
    <p class='ocr_par' dir='ltr' id='par_1_20' title="bbox 1649 3852 2719 4152">
     <span class='ocr_line' id='line_1_76' title="bbox 1652 3852 2719 3916; baseline 0 -15"><span class='ocrx_word' id='word_1_425' title='bbox 1652 3852 1695 3901; x_wconf 78' lang='lat' dir='ltr'><strong>si</strong></span> <span class='ocrx_word' id='word_1_426' title='bbox 1730 3853 1950 3902; x_wconf 83' lang='lat' dir='ltr'><strong>maxime</strong></span> <span class='ocrx_word' id='word_1_427' title='bbox 1990 3855 2314 3903; x_wconf 85' lang='lat' dir='ltr'><strong>continentia</strong></span> <span class='ocrx_word' id='word_1_428' title='bbox 2346 3863 2436 3902; x_wconf 87' lang='lat' dir='ltr'><strong>tua</strong></span> <span class='ocrx_word' id='word_1_429' title='bbox 2459 3853 2719 3916; x_wconf 85' lang='lat' dir='ltr'><strong>laudetur,</strong></span> 
     </span>
     <span class='ocr_line' id='line_1_77' title="bbox 1652 3929 2715 3995; baseline 0.002 -17"><span class='ocrx_word' id='word_1_430' title='bbox 1652 3946 1749 3979; x_wconf 89' lang='lat' dir='ltr'><strong>non</strong></span> <span class='ocrx_word' id='word_1_431' title='bbox 1776 3939 1946 3980; x_wconf 87' lang='lat' dir='ltr'><strong>tamen</strong></span> <span class='ocrx_word' id='word_1_432' title='bbox 1971 3933 2196 3995; x_wconf 85' lang='lat' dir='ltr'><strong>sapienti</strong></span> <span class='ocrx_word' id='word_1_433' title='bbox 2236 3933 2340 3981; x_wconf 84' lang='lat' dir='ltr'><strong>viro</strong></span> <span class='ocrx_word' id='word_1_434' title='bbox 2366 3931 2620 3980; x_wconf 86' lang='lat' dir='ltr'><strong>decorum</strong></span> <span class='ocrx_word' id='word_1_435' title='bbox 2641 3929 2715 3980; x_wconf 86' lang='lat' dir='ltr'><strong>fu-</strong></span> 
     </span>
     <span class='ocr_line' id='line_1_78' title="bbox 1650 4007 2716 4073; baseline 0 -16"><span class='ocrx_word' id='word_1_436' title='bbox 1650 4010 1771 4071; x_wconf 87' lang='lat' dir='ltr'><strong>erit,</strong></span> <span class='ocrx_word' id='word_1_437' title='bbox 1788 4010 1924 4058; x_wconf 85' lang='lat' dir='ltr'><strong>unde</strong></span> <span class='ocrx_word' id='word_1_438' title='bbox 1944 4010 2111 4059; x_wconf 89' lang='lat' dir='ltr'><strong>amico</strong></span> <span class='ocrx_word' id='word_1_439' title='bbox 2124 4008 2384 4059; x_wconf 85' lang='lat' dir='ltr'><strong>infamiam</strong></span> <span class='ocrx_word' id='word_1_440' title='bbox 2405 4017 2580 4073; x_wconf 88' lang='lat' dir='ltr'><strong>parat,</strong></span> <span class='ocrx_word' id='word_1_441' title='bbox 2598 4007 2716 4059; x_wconf 83' lang='lat' dir='ltr'><strong>inde</strong></span> 
     </span>
     <span class='ocr_line' id='line_1_79' title="bbox 1649 4086 2284 4152; baseline 0.003 -18"><span class='ocrx_word' id='word_1_442' title='bbox 1649 4087 1864 4150; x_wconf 85' lang='lat' dir='ltr'><strong>gloriam</strong></span> <span class='ocrx_word' id='word_1_443' title='bbox 1890 4087 1988 4135; x_wconf 81' lang='lat' dir='ltr'><strong>sibi</strong></span> <span class='ocrx_word' id='word_1_444' title='bbox 2014 4086 2284 4152; x_wconf 67' lang='lat' dir='ltr'><strong>recipere!</strong></span> 
     </span>
    </p>

    <p class='ocr_par' dir='ltr' id='par_1_21' title="bbox 1647 4164 2715 4388">
     <span class='ocr_line' id='line_1_80' title="bbox 1715 4164 2712 4231; baseline -0.003 -15"><span class='ocrx_word' id='word_1_445' title='bbox 1715 4168 1786 4220; x_wconf 85' lang='lat' dir='ltr'><strong>Et</strong></span> <span class='ocrx_word' id='word_1_446' title='bbox 1800 4167 1912 4230; x_wconf 77' lang='lat' dir='ltr'><strong>jam</strong></span> <span class='ocrx_word' id='word_1_447' title='bbox 1937 4168 2215 4216; x_wconf 83' lang='lat' dir='ltr'><strong>subversus</strong></span> <span class='ocrx_word' id='word_1_448' title='bbox 2239 4166 2617 4231; x_wconf 85' lang='lat' dir='ltr'><strong>perculsusque</strong></span> <span class='ocrx_word' id='word_1_449' title='bbox 2639 4164 2712 4230; x_wconf 70' lang='lat' dir='ltr'><strong>ig-</strong></span> 
     </span>
     <span class='ocr_line' id='line_1_81' title="bbox 1648 4241 2707 4301; baseline -0.001 -7"><span class='ocrx_word' id='word_1_450' title='bbox 1648 4241 1876 4294; x_wconf 79' lang='lat' dir='ltr'><strong>nominia</strong></span> <span class='ocrx_word' id='word_1_451' title='bbox 1895 4245 2057 4294; x_wconf 83' lang='lat' dir='ltr'><strong>cladis</strong></span> <span class='ocrx_word' id='word_1_452' title='bbox 2076 4245 2278 4294; x_wconf 77' lang='lat' dir='ltr'><strong>Poetus.</strong></span> <span class='ocrx_word' id='word_1_453' title='bbox 2344 4244 2415 4293; x_wconf 91' lang='lat' dir='ltr'><strong>Et</strong></span> <span class='ocrx_word' id='word_1_454' title='bbox 2449 4259 2513 4292; x_wconf 86' lang='lat' dir='ltr'><strong>ea</strong></span> <span class='ocrx_word' id='word_1_455' title='bbox 2537 4243 2707 4301; x_wconf 78' lang='lat' dir='ltr'><strong>verba,</strong></span> 
     </span>
     <span class='ocr_line' id='line_1_82' title="bbox 1647 4320 2715 4388; baseline -0.003 -15"><span class='ocrx_word' id='word_1_456' title='bbox 1647 4323 1816 4388; x_wconf 74' lang='lat' dir='ltr'><strong>Neque</strong></span> <span class='ocrx_word' id='word_1_457' title='bbox 1846 4320 2052 4383; x_wconf 56' lang='lat' dir='ltr'><strong>eumin</strong></span> <span class='ocrx_word' id='word_1_458' title='bbox 2088 4322 2223 4373; x_wconf 73' lang='lat' dir='ltr'><strong>Pati</strong></span> <span class='ocrx_word' id='word_1_459' title='bbox 2262 4320 2548 4388; x_wconf 67' lang='lat' dir='ltr'><strong>angebatur,</strong></span> <span class='ocrx_word' id='word_1_460' title='bbox 2580 4326 2715 4387; x_wconf 79' lang='lat' dir='ltr'><strong>puto&#39;</strong></span> 
     </span>
    </p>
   </div>
  </div>
 </body>
</html>
