3063 4952
440 426 625 503 1625·

1112 428 1187 492 Ὀ.
1233 437 1595 491 conuenit
1645 433 1904 485 'raom
1979 456 1988 469 -

2325 430 2424 496 [Α.
2443 430 2519 483 n.
2541 431 2676 480 sta.

443 597 566 657 est.
655 586 841 654 Nam
868 586 1076 670 igne5‚
1095 583 1275 650 'terra
1300 580 1511 663 editi}
1534 582 1759 659 villas,
1788 568 1974 656 arva,
2004 566 2198 639 vicos
2223 569 2484 657 passim
2514 562 2688 633 ‹zor-'-⁴

445 693 848 778 ripiebant‚¹³
903 689 1407 771 ferebanturque
1451 687 1520 749 in
1566 687 1720 769 ipsa
1763 680 2049 747 conditae
2094 695 2307 759 nuper
2352 666 2677 766 coloniae*-

447 792 738 861 moenia:
784 812 998 875 neque
1024 790 1317 875 extingui
1354 784 1692 874 poterant3
1736 802 1894 861 non,
1940 783 2000 846 si
2039 780 2283 845 imbres
2315 771 2690 851 caderent‚¹·

452 1020 591 1083 ignes
615 1017 751 1066 humo
774 1021 1038 1065 enascentes
1056 1013 1231 1077 passim
1252 1011 1535 1060 invadebant
1552 1008 1755 1074 praedia,
1777 1020 1937 1068 agros,
1953 1016 2139 1068 pagan
2167 996 2607 1077 gsasmbanturque
2627 991 2718 1059 ing

458 1086 564 1149 ipsa
588 1082 881 1132 munimenta
906 1081 1115 1129 Colonioe
1128 1077 1525 1143 Agrippinensis
1548 1089 1695 1140 nuper
1705 1074 1948 1123 deducta.-
1978 1083 2063 1118 nec
2082 1079 2284 1132 opprtmz
2300 1064 2528 1128 poterant
2542 1075 2563 1118 ‚·
2594 1070 2700 1148 non:

1390 1216 1746 1239 0.000000000”

459 1341 535 1378 Μ’.
556 1327 742 1393 quidem
761 1327 950 1378 hostiles
973 1327 1024 1377 iu
1038 1342 1088 1376 se
1105 1326 1361 1378 vertebant.
1402 1324 1539 1375 Vide
1561 1336 1688 1372 xm.
1713 1324 1795 1371 37.
1830 1317 2194 1384 Ryckius.—1s
2229 1311 2314 1362 Sic
2336 1306 2690 1359 Puteolanus.

1431 1490 1656 1579 No'rAE
1683 1494 1686 1497 ’

467 1660 524 1707 et
548 1654 1032 1722 Agrippinensibus.

1614 1662 1799 1698 8888111.

1887 1643 2026 1699 Jussi
2085 1647 2259 1695 autem
2312 1638 2512 1692 milites
2573 1628 2706 1693 suas‘

497 1738 501 1743 '
534 1732 654 1796 Igni
675 1739 847 1782 autem
871 1729 1216 1795 concipiendo
1254 1735 1379 1795 apta
1414 1734 1537 1779 suut
1612 1733 1789 1777 vestes
1812 1737 2077 1788 opponere
2094 1718 2340 1786 ignibus!

460 1809 595 1873 juga
634 1809 881 1858 montium
905 1823 998 1872 per
1026 1809 1343 1868 Bergensem
1379 1807 1536 1856 duca-

472 1894 604 1948 tum,
624 1884 848 1934 Coloniae
881 1882 1339 1948 Agrippinensium
1375 1898 1535 1948 oppo-

464 1957 601 2011 sita.
744 1982 747 1983 ⁷

470 2054 475 2059 ²
506 2064 511 2069 -
537 2036 806 2087 Ter-minos
849 2036 1011 2101 igitur
1056 2037 1295 2086 Juhomam
1339 2034 1541 2086 civitati

474 2116 674 2176 statuo,
689 2113 755 2162 ab
779 2119 896 2163 ortu
907 2113 1144 2178 hyberno
1167 2113 1392 2176 eosdem,
1413 2127 1541 2178 quos

477 2190 749 2240 Mattiacis
777 2191 842 2239 ab
878 2205 1065 2240 occasu
1088 2190 1302 2239 aestivo:
1337 2190 1400 2239 ab
1424 2197 1541 2240 ortu

474 2268 831 2334 oequinoctiali
852 2283 1064 2319 amnem
1084 2268 1335 2333 Rhenum,
1356 2282 1455 2333 quo
1477 2266 1545 2317 ab

480 2344 634 2395 Ubiis
658 2347 1129 2396 summovebantur.

508 2444 529 2455 ’Δ
548 2421 637 2472 Ah
681 2423 1120 2488 septentrionibus
1160 2421 1341 2472 eodem
1382 2420 1548 2469 limite

486 2498 554 2550 ab
572 2499 846 2551 Tencteris
861 2500 1253 2563 dirimebantur,
1267 2515 1366 2564 quo
1393 2509 1550 2548 antea

486 2577 613 2628 Ubii
638 2593 669 2628 a
690 2577 1002 2628 Sicambris:
1053 2579 1118 2628 ab
1153 2585 1275 2628 ortu
1307 2569 1434 2627 ite'm
1462 2591 1550 2626 eo-

484 2654 629 2719 dem,
652 2670 753 2720 quo
788 2656 915 2705 Ubii
938 2671 969 2704 a
989 2656 1208 2719 Chattis,
1239 2655 1379 2704 inter
1403 2653 1552 2717 oppi-

491 2731 612 2784 dum
637 2731 898 2781 Medebach
920 2740 976 2781 et
995 2732 1244 2781 Adranam
1263 2729 1472 2780 flumen.

512 2831 533 2840 ·>
557 2808 1073 2871 Comprehenduutur
1135 2809 1234 2857 hoc
1294 2816 1551 2858 terrarum

493 2886 665 2949 spatio
686 2900 822 2935 nunc
855 2885 1092 2949 regiones
1126 2885 1281 2934 istae:
1331 2885 1553 2934 ducatus

439 3016 443 3020 ,
492 2961 760 3024 Βετςεπείε
777 2960 986 3011 dimidia
1008 2960 1118 3011 fere
1154 2976 1271 3026 pars
1293 2962 1555 3011 austrina:

498 3042 555 3087 et
577 3037 741 3101 regio,
761 3038 847 3087 cui
863 3038 1073 3101 vulgare
1091 3038 1399 3087 vocabulum
1423 3039 1558 3089 Wes-

499 3115 717 3164 terwald.
785 3114 1073 3165 Cluverius.

514 3231 519 3236 .
561 3191 823 3255 durbonum]
877 3191 1106 3243 Juhones
1141 3192 1321 3257 populi
1344 3193 1561 3243 Germa-

502 3268 603 3317 niae
627 3268 694 3318 ad
718 3269 952 3318 Rhenum
974 3267 1185 3319 fluvium
1207 3287 1221 3319 ι
1265 3270 1422 3319 hodie
1440 3283 1563 3333 pars

502 3345 765 3396 orientalis
801 3343 1294 3410 Archiepiscopatus
1329 3352 1384 3395 et
1409 3346 1564 3395 Elec-

503 3425 704 3478 tor-atus
732 3422 1037 3481 (trevirensis,
1067 3436 1291 3488 parsque
1325 3420 1566 3472 occiden-

506 3501 629 3552 talis
680 3500 1004 3563 Wetteravioe,
1045 3499 1098 3548 in
1149 3500 1358 3551 circulis
1401 3498 1570 3549 Rheni

510 3575 791 3640 superioris
810 3580 863 3624 et
886 3574 1165 3637 inferioris,
1181 3579 1282 3625 ὅτε.
1322 3575 1571 3625 Ίῖαεηιοη.

575 3659 602 3695 8
634 3652 797 3716 Ignes,
817 3656 950 3702 terra
968 3653 1111 3717 editi]
1144 3654 1319 3703 Simile
1342 3652 1464 3719 quid
1498 3654 1572 3702 le·

514 3726 656 3791 gitur
688 3728 741 3776 in
776 3729 945 3793 Epist.
968 3729 1123 3780 Alex.
1156 3730 1360 3793 Magni,
1382 3729 1449 3779 de
1471 3729 1574 3778 situ

513 3802 703 3865 Rudiae,
718 3802 785 3852 ad
800 3803 1149 3867 Aristotelem,
1164 3806 1255 3856 uhi
1269 3806 1335 3855 de
1350 3804 1574 3871 ignibus,

514 3881 603 3946 qui
626 3887 796 3931 tamen
830 3882 963 3931 coelo
1001 3883 1150 3946 lapsi,
1173 3896 1273 3932 non
1307 3891 1446 3932 terra
1469 3881 1577 3931 edi-

518 3957 589 4006 ti:
624 3957 639 3984 ‘
660 3958 901 4021 Visaeque
925 3957 1087 4006 nubes
1110 3959 1224 4007 aliae
1249 3957 1313 4007 de
1334 3958 1466 4007 coelo
1500 3972 1579 4006 ar-

517 4035 721 4099 dentes,
756 4042 1001 4099 tanquam
1037 4033 1180 4084 faces
1217 4034 1477 4096 decidere,
1519 4041 1579 4084 ut

514 4111 756 4162 incendio
767 4127 946 4162 earum
964 4119 1101 4162 totus
1112 4126 1323 4175 campus
1341 4110 1548 4160 arderet
1563 4127 1578 4161 z

1681 1803 1829 1866 Ignes
1850 1806 1982 1850 terra
2000 1799 2145 1863 editi]
2178 1798 2303 1848 Non
2326 1793 2473 1861 quasi
2496 1792 2706 1859 subter-⁴

1619 1881 1765 1931 ranei
1788 1883 1981 1942 esseut,
2004 1884 2096 1927 aut
2118 1883 2273 1927 terrae
2297 1869 2589 1922 visceribus
2609 1882 2704 1918 ex-

1618 1958 1880 2022 arderent,
1923 1956 2222 2021 priusquam
2257 1953 2558 2013 orirentur;
2605 1948 2712 2021 sed:

1618 2034 1881 2084 exhalatio
1914 2032 2028 2097 ipsa
2067 2047 2183 2097 quae
2216 2029 2443 2079 materia
2479 2025 2708 2090 ignium,

1620 2128 1686 2163 ex
1708 2113 1883 2173 humo,
1903 2118 1995 2160 aut
2019 2110 2174 2174 paulo
2196 2122 2359 2171 supra.
2389 2102 2711 2154 effervesce-

1623 2190 1750 2252 bat3
1785 2188 1905 2238 dein
1926 2186 2184 2237 flammam
2208 2183 2565 2248 concipiebat,
2586 2188 2711 2250 quae

1628 2267 1799 2317 tenuis
1823 2273 1878 2316 et
1902 2265 2110 2315 subtilis
2133 2278 2228 2327 pro
2252 2261 2516 2312 tenuitate
2542 2263 2715 2331 matef

1630 2347 1722 2394 riae
1748 2343 2098 2410 grassabatur,
2132 2340 2505 2402 ferebaturque
2539 2336 2594 2385 in
2619 2349 2717 2384 va·

1631 2424 1710 2473 ria
1730 2424 1864 2485 loca,
1889 2430 2045 2487 prout
2072 2426 2258 2471 ventus
2282 2416 2489 2469 afflaret
2526 2415 2722 2486 ignem*

1631 2489 2048 2566 impelleretque.
2709 2562 2718 2568 η

1694 2576 1720 2610 ¹¹
1757 2576 1989 2639 Colonia]
2023 2574 2243 2627 Colonia
2279 2570 2608 2638 Agrippina3
2647 2569 2721 2620 de

1633 2658 1786 2723 qual.
1815 2660 2017 2705 xu.27.
2709 2717 2712 2722 Ι

1695 2733 1709 2766 ¹
1744 2736 1872 2795 Non,
1888 2733 1930 2781 si
1955 2731 2129 2781 imbres
2148 2728 2391 2792 caderent]
2416 2726 2569 2777 Adeo
2593 2724 2723 2776 sub-

1632 2811 1740 2861 tilis
1776 2810 1866 2859 illa
1905 2808 2192 2870 exhalatio,
2231 2822 2322 2857 seu
2369 2805 2596 2868 materia
2641 2805 2732 2872 ig-¹

1632 2887 1794 2951 nium,
1836 2891 1896 2935 ut
1936 2886 2074 2934 inter
2110 2884 2453 2953 ipsasaquas
2493 2882 2728 2945 viveret,

1637 2965 1792 3014 immo
1821 2970 1877 3013 et
1910 2962 2051 3012 forte
2083 2962 2253 3025 magis
2293 2959 2730 3026 accenderetur-3

1641 3048 1697 3092 et
1719 3041 1857 3108 quod
1879 3055 1961 3090 ars
1983 3040 2161 3104 paucis
2183 3040 2370 3089 abhinc
2394 3038 2543 3088 annis
2579 3037 2729 3087 inve-

1642 3120 1740 3181 nit,
1761 3118 1815 3169 id
1851 3118 1992 3183 prius
2022 3123 2209 3167 natura
2241 3114 2370 3166 fecit
2405 3130 2470 3165 ac
2510 3115 2732 3164 demon-

1644 3196 1865 3246 stravit:
1916 3201 1972 3244 et
2011 3194 2146 3258 quod
2180 3200 2373 3243 natura
2404 3190 2629 3242 fortuito
2670 3197 2731 3250 et

1642 3273 1966 3334 innocenter,
1986 3270 2040 3320 id
2063 3270 2274 3335 ingenio
2298 3276 2355 3320 et
2371 3269 2594 3320 consilio
2616 3268 2734 3318 exi-

1645 3351 1817 3402 tiabili
1854 3349 2084 3414 pravitas
2114 3349 2340 3397 humana
2380 3346 2740 3414 excogitavit,

1646 3432 1705 3477 et
1725 3427 1871 3477 velut
1900 3426 1951 3474 in
1987 3424 2208 3475 exitium
2233 3430 2460 3489 naturae,
2479 3431 2736 3474 naturam

1647 3503 1809 3567 ipsam
1833 3517 1916 3551 ars
1938 3501 2176 3553 armavit.

1718 3579 2110 3642 Nonsiimbres]
2160 3579 2327 3629 Plura
2363 3577 2614 3642 exempla
2657 3581 2740 3627 ta·

1651 3655 1774 3706 lium
1798 3656 1991 3720 ignium
2016 3654 2169 3705 affert
2189 3655 2331 3706 Plin.
2356 3668 2396 3705 1.
2415 3659 2501 3705 22.
2533 3655 2549 3682 ‘
2567 3652 2742 3720 Aquis

1656 3733 1814 3783 etiam
1837 3732 2180 3794 accenditur-3
2216 3737 2362 3781 terra
2400 3723 2624 3782 tantum'
2651 3744 2741 3781 re·

1655 3809 1848 3874 stingui
1902 3809 2127 3859 docuere
2173 3808 2576 3872 experimenta.’
2665 3809 2743 3857 Et

1657 3900 1704 3935 c.
1720 3890 1834 3936 106.
1855 3885 1921 3934 de
1943 3886 2062 3949 igne
2082 3885 2339 3935 Chimerae
2360 3884 2552 3934 montis
2573 3900 2589 3933 ε
2622 3884 2641 3912 ⁸
2668 3884 2747 3949 ig<

1655 3975 1774 4010 nem
1799 3961 1909 4025 ejus
1935 3958 2150 4011 accendi
2175 3975 2331 4024 aqua,
2349 3959 2594 4025 extingui
2614 3971 2759 4009 vero,

1659 4044 1821 4102 terra,
1844 4045 1934 4088 aut
1951 4036 2111 4098 foeno,
2130 4053 2221 4087 seu
2243 4035 2407 4087 fimo!

1724 4116 1795 4164 Et
1820 4114 1948 4164 ibid.
1963 4114 2028 4163 de
2047 4114 2253 4178 ignibus
2281 4112 2579 4177 Hephaestii
2596 4126 2748 4162 mon-

521 4189 836 4238 terebantur
860 4187 1077 4250 dicere,
1096 4202 1183 4237 -·ne
1226 4189 1453 4238 Deorum
1498 4201 1582 4237 me
1663 4192 1761 4244 tisz
1792 4193 1808 4220 ‘
1832 4190 2056 4256 flagrant
2087 4191 2239 4253 adeo,
2259 4197 2339 4240 ·ut
2377 4188 2584 4258 lapides
2617 4192 2750 4255 quo-

525 4271 791 4327 premeret
829 4265 928 4328 ira,
967 4266 1104 4330 quod
1146 4267 1296 4315 homo
1320 4266 1584 4316 >Herculis
1663 4281 1765 4335 que
1805 4269 2029 4317 rivorum
2051 4274 2107 4317 et
2138 4281 2313 4316 arenae
2349 4266 2404 4315 in
2438 4266 2565 4331 ipsis
2592 4267 2750 4331 aquis

529 4338 803 4407 liberique
822 4341 1046 4406 vestigia
1068 4339 1358 4406 transgredi
1366 4348 1586 4396 conatus
1664 4344 1886 4397 ardeant
1904 4359 1921 4408 ς
1955 4344 2214 4411 aliturque
2233 4342 2367 4409 ignis
2386 4343 2480 4395 ille
2502 4342 2746 4411 pin-viis!
