3063 4952
2373 362 2546 441 1701

327 554 680 633 ‚que-metu
726 544 1070 621 occultior,
1099 548 1303 608 tanto·
1331 542 1487 625 plus
1520 539 1723 604 famae
1776 533 2085 621 adeptus..
2173 525 2412 603 Auxit
2435 535 2545 601 ru*-

340 671 584 714 morem
614 648 763 733 pari
793 647 1085 711 vanitate
1115 652 1260 710 orta
1287 642 1739 727 interpretatio
1767 640 2070 723 fulguris,
2146 638 2353 717 Nam,
2386 629 2552 723 quia

341 747 1146 818 discumbentisNeronis
1175 743 1356 828 apud
1386 744 1768 809 Simbruina
1811 748 2100 824 stagna,⁵
2131 737 2271 805 cui⁶
2320 737 2551 804 Subla*

341 874 558 940 qucum
591 872 830 918 nomen
854 858 1008 929 est,¹¹
1037 851 1219 916 ictae⁷
1252 849 1482 933 dapeS,
1523 852 1892 930 mensaque
1931 845 2213 930 disjecta
2256 850 2418 923 erat,
2449 844 2551 909 id-

338 401 657 472 1.2c.o'1.}=³
1037 392 1447 445 nimiruum
1470 378 1667 442 'mm‘
1692 391 1855 440 xiv.

337 1048 444 1110 plus
474 1044 843 1094 existimationis
885 1049 1125 1093 associatus
1162 1050 1294 1093 erat.
1362 1041 1524 1092 Simili
1564 1041 1778 1091 runilute
1814 1041 2012 1102 ωιιςαέα
2050 1037 2305 1102 explicatio
2329 1034 2554 1096 fulminis

332 1111 522 1172 sumum.
543 1112 663 1159 hanc
686 1111 909 1159 intendit.
977 1111 1105 1158 Num
1126 1110 1238 1172 quia
1273 1109 1386 1158 eoelo
1421 1112 1566 1157 tacta·
1587 1109 1752 1171 epuloe,
1771 1107 2078 1168 subversaque
2098 1107 2203 1153 erat
2224 1117 2381 1152 mensa
2403 1101 2557 1151 Nero·

341 1176 418 1225 nie
436 1176 727 1226 concitantis
749 1175 875 1240 qud
892 1171 1190 1223 Simon-uiuos
1211 1174 1359 1236 loeus,
1379 1173 1457 1222 cui
1477 1173 1825 1238 Sublaqueum
1844 1185 2011 1220 nomeu
2034 1175 2126 1232 est,
2148 1173 2196 1218 et
2220 1167 2274 1217 id
2290 1165 2556 1230 contigerat

1273 1299 1634 1323 OOOOOOOOOOOO

344 1386 527 1436 tiores.
596 1383 659 1433 In
676 1383 944 1433 veteribus
980 1384 1313 1446 editionibus,
1334 1385 1611 1435 celebratur.
1644 1385 1699 1436 J.
1724 1383 2024 1434 Gronovius
2040 1397 2071 1431 e
2090 1382 2195 1432 Ms.
2218 1380 2357 1430 Flor.
2377 1378 2557 1437 edidit,

341 1452 716 1501 celebratus—⁵
754 1448 1043 1513 Addubito,
1066 1465 1184 1499 num
1211 1466 1307 1499 vox
1333 1452 1519 1500 Tacito
1543 1451 1699 1513 desit,
1722 1449 2130 1514 legendumque:
2165 1448 2301 1507 villa,
2331 1444 2412 1493 cui
2434 1443 2557 1494 Sub-

343 1519 562 1579 laqueum
583 1529 759 1564 nomeu.
787 1514 1018 1564 Gronov.
1086 1516 1336 1577 Gronovii
1359 1517 1616 1565 correctio
1643 1514 1898 1579 probatur
1921 1513 2141 1577 Ryckio.
2206 1513 2279 1561 Et
2309 1516 2389 1558 est
2427 1523 2554 1558 sane

343 1581 544 1631 usitata
566 1580 661 1629 ista
683 1579 818 1628 ratio
845 1587 1041 1641 nostro,
1063 1588 1116 1628 et
1142 1580 1289 1629 Livio
1314 1581 1363 1629 iu
1391 1581 1584 1644 primis.
1651 1579 1757 1629 Sed
1780 1586 1953 1629 tamen
1987 1578 2127 1627 nulla
2164 1573 2451 1626 necessitas
2484 1573 2558 1624 sie

345 1643 627 1710 loquendi;
666 1652 737 1705 et,
760 1649 818 1693 ut
842 1651 985 1693 recte
1009 1654 1183 1695 monet
1201 1646 1251 1697 J.
1274 1646 1587 1707 Gronovius,
1609 1646 1832 1694 relativo
1854 1650 2033 1694 noster
2074 1656 2178 1692 nou
2218 1640 2385 1690 minus
2420 1652 2559 1703 saepe

346 1711 531 1773 utitur.
595 1710 717 1772 Ipse
742 1708 982 1773 iutelligit
1005 1714 1203 1770 stagao:
1236 1726 1336 1760 non
1361 1712 1511 1761 male.
1576 1711 1742 1760 Immo
1763 1725 1856 1759 cur
1879 1724 1981 1758 non
2006 1709 2123 1771 loco,
2141 1705 2278 1770 quod
2306 1719 2406 1754 non
2444 1718 2561 1753 raro

346 1790 449 1840 per
471 1775 678 1838 ellipsin
703 1772 878 1823 abest?
933 1775 1029 1822 Vir
1052 1775 1240 1825 doctus
1265 1777 1313 1824 iu
1337 1778 1421 1825 ed.
1447 1775 1650 1839 Gryph.
1675 1778 1977 1824 correxerat
1998 1773 2117 1837 quis.
2151 1773 2231 1821 De
2252 1768 2559 1820 Simbruinis

347 1840 571 1890 collibus
589 1857 634 1888 v.
654 1836 718 1887 ad
746 1851 826 1886 xi.
852 1843 931 1888 13.
1001 1839 1188 1901 Stagna
1209 1849 1326 1889 sunt
1353 1848 1459 1890 tres
1481 1842 1621 1890 lacus
1644 1840 1817 1889 Plinio
1839 1838 2125 1888 memorati.
2175 1836 2369 1886 Ernest.
2423 1835 2562 1899 Ryc-

338 1906 468 1955 *hius
504 1904 712 1970 supplet
751 1906 866 1967 loco,
897 1902 1091 1954 ταί-6
1124 1906 1288 1956 Boxb.
1330 1920 1422 1970 pro
1465 1908 1544 1955 cui
1588 1907 1697 1956 vult
1731 1904 2010 1970 quibu—⁷
2044 1902 2205 1957 Jactae
2241 1902 2348 1952 Ms.
2381 1897 2560 1952 Guelf.

1343 2017 1564 2069 NOTAE

398 2141 443 2213 ,“
467 2132 611 2200 ΛΡΜ
634 2132 910 2184 Simbruina
931 2138 1124 2196 stagna,
1145 2132 1176 2162 ⁴⁵
1198 2133 1275 2183 cui
1297 2131 1418 2182 Sub·
1497 2133 1632 2199 (loeo
1659 2132 1906 2186 Gelduba
1941 2146 2128 2197 nomen
2150 2127 2276 2196 est,)
2295 2136 2470 2180 castra
2491 2126 2567 2180 fe·

351 2215 569 2277 laqueum
597 2226 762 2262 nomen
795 2210 889 2273 est]
924 2210 1120 2260 Omnes
1141 2209 1312 2259 Taciti
1336 2223 1419 2258 co·
1500 2211 1658 2262 cere.’
1931 2221 1936 2226 ·
2421 2226 2424 2229 .

353 2291 499 2340 dices
519 2289 602 2338 bic
629 2288 898 2351 depravati
924 2294 1063 2337 sunt.
1108 2287 1327 2336 Interim
1351 2286 1422 2336 ni·
1567 2289 1652 2338 Sic
1690 2294 1747 2338 et
1782 2287 2162 2339 restituendum
2194 2282 2331 2350 apud
2355 2284 2566 2334 Florum

351 2366 425 2418 hil
467 2365 589 2415 mibi
619 2364 801 2415 deesse
836 2363 1057 2414 videtur.
1113 2365 1263 2414 Tolle
1288 2360 1422 2414 aste-
1503 2365 1539 2414 l.
1558 2379 1646 2414 111.
1666 2369 1713 2414 3.
1744 2364 1760 2392 ‘
1788 2365 2104 2428 Prioresque
2142 2363 2437 2412 Theutonos
2470 2361 2567 2411 sub

354 2442 551 2494 riscum
574 2448 629 2492 et
646 2441 782 2507 lege,
797 2441 983 2505 quibus,
1005 2441 1111 2493 sive
1135 2448 1194 2491 ut
1216 2442 1268 2491 in
1291 2443 1421 2496 Mss.

355 2521 572 2583 legitur,
587 2520 722 2581 cujus
738 2519 1050 2583 Sublaqueum
1073 2535 1236 2569 nomeu
1258 2525 1347 2570 est.

420 2596 744 2645 Postremam
783 2595 1030 2659 syllabam
1053 2597 1140 2644 τοῦ
1170 2596 1264 2659 cui,
1285 2596 1425 2646 inve·

356 2673 469 2723 nire
492 2677 574 2722 est
595 2672 647 2720 in
671 2671 838 2736 prima
855 2673 1116 2737 sequentis
1132 2673 1289 2736 vocis,
1303 2672 1424 2722 Sub-

346 2750 592 2816 ⁸laqueum.

426 2828 702 2877 Sententia
740 2832 819 2876 est
840 2846 853 2888 ;
885 2827 1224 2877 Discubuisse
1266 2827 1426 2877 Nero·

360 2920 479 2957 nem
523 2906 589 2954 ad
629 2905 925 2955 Simbruina
968 2912 1172 2969 stagna,
1195 2905 1281 2954 ubi
1327 2903 1427 2954 illis

360 2980 644 3046 Sublaquei
667 2981 859 3031 factum
903 2989 986 3031 est
1016 2990 1428 3046 cognomentum,

360 3059 427 3110 ob
453 3065 562 3110 tres
585 3060 745 3122 lacuss,
766 3075 893 3125 quos
912 3061 1209 3110 amoenitate
1231 3060 1428 3110 nobiles

348 3134 499 3198 ,Anio
521 3136 697 3187 defert
729 3138 779 3185 in
807 3138 1052 3188 Tiberim.
1115 3137 1317 3188 Auctor
1349 3143 1430 3187 est

360 3211 560 3263 Plinius
580 3214 618 3263 l.
641 3227 725 3263 ιιι.
768 3215 1088 3264 Boxum-nius.

426 3291 572 3358 Apud
594 3291 870 3341 Simbruina
892 3293 1086 3357 stagna]
1120 3292 1325 3358 Lipsius
1346 3308 1431 3342 ve-

363 3365 445 3431 lit,
486 3368 621 3432 villu,
655 3370 752 3418 cui·
771 3370 1085 3433 Sublaqueum
1124 3386 1291 3420 nomen
1329 3375 1400 3420 est
1414 3386 1433 3429 ‚⁸

366 3446 458 3497 sed
480 3448 699 3498 Tacitus
724 3449 895 3498 villam
921 3463 1023 3497 non
1046 3449 1292 3512 nominat,
1312 3464 1434 3500 con-

328 3523 335 3596 ¹,
366 3528 542 3574 tentus
568 3523 860 3587 designasse
883 3524 1072 3589 locum,
1105 3541 1205 3591 quo
1231 3534 1337 3576 tum
1359 3526 1433 3577 di-

367 3607 600 3652 verterat
622 3602 882 3667 princeps.

358 3731 361 3736 .
432 3679 602 3728 Locus
646 3678 734 3727 ille
779 3679 1064 3729 vocabatur
1117 3679 1436 3745 Sublaqueum

368 3763 588 3822 propter
611 3763 813 3822 stagna,
825 3773 917 3808 seu
939 3760 1084 3809 lacus
1106 3760 1435 3824 circumposi-

353 3840 447 3906 tos
465 3834 849 3899 subjectosque.
886 3836 1047 3886 Forte
1071 3838 1184 3899 loco,
1201 3853 1289 3887 seu
1311 3853 1434 3901 μνω-

359 3911 446 3980 'dio
467 3916 566 3976 cui,
581 3916 662 3975 ὅγε.
687 3914 916 3977 suppleri
939 3916 1123 3979 possit,
1140 3918 1323 3966 saltem
1343 3934 1439 3983 per

314 3995 317 3996 ’
369 3997 634 4040 mentem:
675 3994 755 4039 vel
777 3992 899 4057 quid
923 3994 1106 4043 simile.
1143 3998 1387 4059 Suspicor
1411 4012 1440 4046 a

320 4129 329 4137 .
352 4068 553 4136 'Tacito
597 4068 752 4120 fuisse
774 4086 786 4118 ε
856 4071 1188 4122 discumbentis
1242 4077 1275 4120 A
1287 4075 1442 4134 eronis

366 4148 496 4209 apud
531 4147 806 4213 Simbruina
838 4153 1011 4214 stagna
1034 4151 1171 4212 (loco
1185 4151 1442 4216 Sublaque-

373 4237 453 4286 um
470 4239 641 4278 nomen
661 4223 769 4289 esst)
794 4225 903 4283 ictoe
925 4229 1098 4290 dapes.-
1121 4235 1181 4277 ut
1202 4229 1384 4279 histor.
1405 4231 1441 4280 l.

364 4301 456 4365 μὴ
469 4299 513 4373 .·⁸'
526 4300 667 4372 Nec-
686 4301 803 4368 εικῆ
826 4304 907 4353 -ad
955 4303 1157 4355 bostem
1177 4333 1186 4344 -
1201 4319 1442 4378 pergere,

1503 2442 1628 2506 ipsis
1673 2441 1885 2506 Alpium
1960 2439 2220 2491 radicibus
2284 2444 2568 2499 assecutus,

1503 2519 1695 2586 (locum
1734 2519 1911 2584 Aquas
1945 2518 2150 2568 Sextias
2189 2513 2417 2581 vocant,)
2451 2530 2571 2581 quo,

1504 2594 1660 2645 fidem
1701 2596 1990 2646 numinum!
2031 2594 2214 2659 praelio
2246 2591 2569 2657 oppressit?’

1506 2673 1789 2724 Gronovius.
1823 2686 1829 2691 ·

1571 2750 1873 2814 Simbruina]
1904 2750 2074 2814 Supra
2097 2749 2132 2801 Ι.
2157 2762 2238 2798 xr.
2264 2763 2311 2799 c.
2334 2751 2417 2797 13.

1571 2827 1885 2892 Sublaqueum
1929 2842 2095 2877 nomeu
2136 2825 2233 2889 est]
2298 2823 2501 2875 Plinius
2536 2823 2572 2871 l.

1508 2920 1597 2956 ιιι.
1632 2907 1647 2935 ‘
1674 2906 1804 2955 Anio
1824 2906 1964 2956 lacus
1982 2911 2090 2955 tres
2109 2901 2573 2955 amoenitatenobi-

1508 2984 1603 3047 les,
1624 2983 1711 3047 qui
1734 2996 1919 3040 nomen
1942 2980 2136 3032 dedere
2158 2973 2450 3040 Sublaceo‚’
2473 2978 2577 3045 (ita

1509 3060 1647 3109 enim
1674 3060 1846 3124 potius
1865 3058 2215 3120 scribendum,
2238 3056 2357 3123 quia
2387 3071 2419 3105 a
2435 3053 2575 3118 lacu)

1511 3139 1526 3167 ‘
1549 3137 1723 3190 defert
1762 3138 1811 3187 iu
1840 3136 2104 3187 Tiberim?
2139 3135 2422 3186 ·Addubito
2455 3148 2576 3182 num

1511 3233 1611 3267 vox
1633 3217 1822 3267 Tacito
1846 3215 2000 3275 desit,
2025 3214 2431 3280 legendumque:
2462 3212 2578 3261 tilla

1508 3295 1587 3346 cui
1607 3293 1884 3344 Sublaceum
1904 3308 2086 3342 nomen.

1579 3373 1736 3423 Certe
1792 3369 2016 3420 Neronis
2074 3368 2199 3418 villa
2250 3364 2577 3416 sublacensis

1513 3449 1763 3501 Frontino
1788 3447 1854 3498 de
1877 3446 2190 3513 Aquaeduct.
2214 3445 2440 3509 cognita.
2487 3441 2578 3493 Ai-

1509 3527 1714 3577 moinus
1752 3526 1789 3575 l.
1814 3538 1878 3573 11.
1903 3538 1950 3573 c.
1975 3527 2056 3574 16.
2091 3523 2106 3551 ‘
2133 3522 2451 3572 Benedictus
2493 3529 2580 3585 pa-

1515 3612 1601 3655 ter
1622 3604 1675 3653 in
1715 3605 1833 3653 loco
1867 3601 1954 3667 qui
1983 3600 2233 3650 Sublacus
2256 3598 2471 3661 dicitur,
2489 3597 2578 3663 qui

1516 3683 1584 3732 ab
1603 3682 1733 3732 urbe
1757 3683 1920 3731 Roma
1952 3693 2043 3730 xi..
2061 3678 2286 3729 millibus
2319 3678 2486 3743 abest,
2502 3675 2579 3727 'ef-

1513 3758 1695 3810 sulsit.’
1734 3793 1738 3797 -
2411 3769 2414 3776 ’
2502 3759 2506 3766 ’

1582 3837 1931 3903 Philostratus
1948 3836 1983 3886 l.
2007 3849 2084 3885 ιν.
2108 3834 2174 3884 de
2193 3833 2301 3882 vita
2318 3830 2583 3896 Apollonii

1520 3916 1587 3978 ad
1609 3917 1741 3965 lianc
1767 3929 1872 3964 rem
1896 3912 2058 3974 addit,
2091 3911 2305 3962 calicem
2342 3909 2584 3972 Neronis,

1521 4008 1674 4058 quem
1691 3993 1801 4055 jam
1824 3991 1898 4040 ori
1922 3990 2241 4051 admoverat,
2259 3986 2471 4052 fulmine
2496 3991 2586 4035 ex-

1520 4087 1739 4122 cussum.
1774 4067 1984 4132 Lipsius.
2497 4119 2498 4122 Ἴ

1590 4148 1682 4197 Cui
1704 4143 2012 4210 Sublaceum]
2060 4143 2198 4206 Puto
2248 4147 2422 4206 tamen
2465 4141 2589 4193 scri-

1524 4224 1750 4288 bendum
1795 4236 1928 4290 αξη,
1964 4211 2311 4292 Subquueum:
2357 4218 2585 4284 assumit

1520 4297 1967 4368 pronuntiatum‘a
1988 4297 2200 4365 populo,
2244 4301 2302 4349 et
2323 4297 2589 4363 pronunti·
