3063 4952
578 404 750 473 1¹7oe

578 568 790 634 solam
863 565 1382 634 incolumitatem
1446 566 1731 632 Neronis
1796 572 2135 650 spectare:
2206 567 2317 633 cui
2377 571 2606 636 caveri
2668 578 2779 636 ut-

579 689 860 753 cumque
901 670 988 734 ab
1031 670 1301 734 urbanis
1347 669 1613 737 insidiis
1668 671 2021 753 praesentia
2038 678 2083 750 ;ι
2143 672 2568 756 longinquos⁶
2625 690 2780 738 mo-

575 778 682 837 tus
710 790 1023 855 quonam
1076 771 1278 837 modo
1326 772 1672 856 comprimi
1723 774 1972 855 posse?
2062 773 2339 840 Erectas
2385 775 2647 840 Gallias
2690 775 2782 841 ad

576 893 811 939 nomen
860 872 1328 952 Dictatorium,
1372 892 1497 938 nec
1545 874 1762 938 miuus
1811 881 2237 958 suspectos²⁸
2263 877 2451 943 Asiae
2482 880 2780 962 populos

577 976 960 1042 claritudine
1001 976 1115 1041 avi
1167 972 1433 1042 Drusi!
1511 975 1764 1061 Syllam
1809 977 2116 1061 inopem3
2161 979 2335 1044 unde
2365 984 2785 1065 praecipuam

577 1079 957 1145 audaciam:
1003 1085 1068 1144 et
1095 1079 1543 1145 simulatorem
1571 1080 1921 1163 segnitiae,⁸
1969 1081 2123 1147 dum
2154 1085 2511 1148 temeritati
2554 1084 2781 1166 locum

1304 421 1368 469 c.
1414 420 1776 472 connum
1822 421 2078 472 uum
2455 428 2548 496 [Α.
2566 432 2637 484 υ.
2657 435 2784 484 sis.-

575 1294 824 1405 principis
866 1296 1072 1359 intueri,
1108 1297 1193 1347 eni
1240 1296 1443 1349 consuli
1486 1311 1549 1345 ac
1595 1295 1860 1360 provideri
1922 1297 2248 1361 aliquatenus
2291 1303 2486 1361 posset,
2530 1296 2784 1348 adversus

600 1361 792 1438 randes-
819 1360 980 1420 urbis,
1010 1377 1182 1412 coram
1205 1370 1259 1413 et
1286 1361 1531 1425 praesenti
1568 1361 1834 1425 principe,
1866 1364 1949 1411 sed
1987 1376 2205 1426 quanam
2245 1361 2441 1411 ratione
2476 1362 2784 1438 longinquas

574 1420 852 1475 discordias
873 1427 1100 1476 cohiberi
1123 1427 1303 1492 posse?
1368 1427 1581 1476 Excitas
1604 1426 1800 1475 Gallias
1823 1427 1889 1476 ad
1925 1426 2116 1476 famam
2150 1427 2453 1484 metatoris,
2476 1441 2576 1476 nec
2611 1438 2784 1476 minus

572 1489 835 1554 ambiguas
869 1491 1009 1543 Asiae
1047 1502 1246 1555 gentes,
1285 1491 1350 1541 ob
1388 1492 1718 1541 nobilitatem
1757 1493 1838 1541 avi
1876 1493 2054 1542 Drusi.
2120 1492 2316 1556 Syllam
2356 1492 2642 1555 pauperem
2666 1507 2785 1555 esse,

574 1553 711 1605 unde
733 1556 956 1607 maxime
980 1558 1273 1620 temeritas3
1307 1564 1364 1607 et
1384 1556 1625 1606 inertiam
1651 1555 1901 1618 praeferre
1935 1561 2111 1622 ipsum,
2135 1558 2257 1606 dum
2288 1556 2513 1606 audaciae
2551 1557 2784 1607 occasio-

1493 1700 1524 1720 0
1527 1699 1671 1721 ”600
1675 1699 1850 1720 ’ΜΟ

606 1859 618 1872 ⁰
638 1800 665 1846 l
701 1796 786 1847 Itu
807 1798 1146 1874 Puteolanus.
1210 1799 1273 1849 In
1297 1800 1426 1849 Mss.
1461 1799 1612 1850 Harl.
1638 1799 1791 1877 Bodl3
1813 1801 1926 1852 Jes.
1963 1799 2124 1876 Pion·
2145 1799 2275 1864 Reg.
2313 1805 2368 1848 et
2388 1798 2624 1848 editione
2650 1798 2786 1874 prin:
2873 1808 2876 1811 ·

572 1871 709 1975 5:25:
740 1862 2787 1994 mmm{wefssfbssezstss’ffl'ssmssisamum,{tm}

1540 2059 1765 2112 NOTAE

571 2140 753 2194 luisset
773 2145 1005 2196 Burrbus
1023 2147 1167 2197 caede
1190 2148 1437 2200 nobilium
1457 2149 1638 2214 pollui,

573 2223 632 2267 et
674 2219 844 2271 obiter
882 2223 1180 2287 perstringit
1223 2225 1413 2276 Burrhi
1455 2225 1632 2288 fidem,

526 2298 529 2303 '
575 2294 664 2359 qui
694 2294 831 2347 forte
869 2305 1148 2363 propterea
1185 2301 1366 2350 iisdem
1404 2301 1634 2351 consiliis

572 2371 804 2423 sublatus
827 2381 971 2425 erat:
998 2376 1073 2426 sic
1094 2376 1239 2447 quasi
1262 2386 1380 2441 spes
1397 2381 1632 2442 proprias

571 2448 876 2515 respiceret,
896 2466 997 2502 non
1013 2467 1158 2517 spem
1174 2460 1230 2505 et
1247 2455 1460 2505 salutem
1481 2456 1631 2506 unius

572 2526 816 2589 Neronis,
841 2536 900 2579 ut
921 2529 1221 2594 Tigellinus.

636 2604 868 2654 Diversus
896 2621 1015 2671 spes,
1046 2621 1235 2670 nempe
1255 2623 1285 2656 a
1306 2609 1472 2658 salute
1496 2609 1632 2674 prin-

572 2678 724 2744 cipis,
757 2681 820 2730 ad
848 2698 999 2746 quam
1033 2697 1185 2732 unam
1222 2685 1528 2735 advertebat
1548 2686 1631 2734 Ti-

570 2755 790 2820 gellinus
822 2757 1245 2825 invigilabatque,
1267 2767 1358 2811 aut
1379 2761 1454 2812 sic
1474 2761 1633 2826 finge-

570 2831 689 2881 bat:
725 2846 840 2882 nam
863 2847 1047 2884 revera
1066 2833 1281 2900 flagitiis
1306 2837 1429 2900 suis,
1448 2845 1504 2888 et
1526 2853 1633 2887 ma·

568 2905 635 2955 lis
657 2908 884 2957 consiliis
907 2909 1238 2960 subvertebat
1259 2909 1566 2977 principem.

636 2980 662 3015 ἅ
693 2984 959 3033 Praesentia
972 3001 992 3043 ,-
1040 2985 1335 3051 longinquos]
1419 2991 1635 3040 Floren-

573 3059 682 3124 tino
727 3067 827 3121 est,
864 3062 1200 3123 prementium.-
1255 3081 1318 3115 ex
1365 3082 1468 3131 quo
1522 3068 1633 3130 alii,

569 3138 898 3200 presentior&
931 3154 1048 3204 ego,
1078 3144 1302 3205 prasenti
1342 3159 1483 3209 opera
1524 3145 1632 3193 vel·

496 3245 507 3250 -
571 3216 696 3278 lem,
712 3216 756 3264 si
778 3223 949 3266 tamen
971 3219 1177 3280 vulgata
1198 3218 1459 3270 mutanda.
1493 3221 1630 3285 Lips.

636 3292 926 3356 Proesentia]
963 3294 1044 3343 De
1064 3294 1331 3360 utriusque
1352 3298 1632 3360 praesentia

571 3367 883 3420 indistincte
912 3372 1040 3421 sumi
1080 3374 1265 3436 possit,
1303 3373 1371 3423 de
1406 3373 1631 3424 ministri

568 3446 964 3513 vigilantissimi,
1015 3441 1264 3514 Tigellini
1316 3465 1523 3515 nempe,
1574 3454 1631 3499 et

569 3522 730 3587 ipsius
754 3523 1017 3587 principis.

580 3607 587 3610 “
637 3605 662 3632 ⁶
693 3599 797 3649 Nec
813 3600 965 3649 minus
979 3601 1234 3666 suspectos]
1296 3602 1499 3664 Scribo,
1529 3618 1631 3652 sus-

569 3687 745 3738 pensos.
782 3676 1000 3740 Lipsius.
1055 3678 1159 3730 Qui
1175 3678 1396 3742 suspecti,
1412 3676 1552 3728 forte
1577 3684 1633 3729 et

571 3753 778 3816 suspensi
809 3760 944 3803 sunt.
1008 3755 1307 3804 Discrimen
1330 3760 1501 3805 tamen
1537 3760 1634 3820 est,

569 3829 741 3894 nilque
762 3832 1062 3880 mutandum
1089 3846 1372 3881 censemus.

636 3903 659 3937 f
682 3907 779 3956 Avi
801 3908 974 3971 Drusi]
1023 3908 1226 3957 Revera
1247 3908 1463 3972 Drusus,
1481 3907 1630 3958 Tibe·

572 3978 637 4031 rii
678 3980 834 4045 filius,
875 4000 999 4031 avus
1015 3984 1214 4053 ‘Plauti
1259 3983 1384 4036 fuit:
1435 3986 1628 4050 quippe

573 4059 778 4124 genitus
814 4061 1027 4109 Plautus
1049 4076 1113 4111 ex
1137 4062 1277 4112 Julia
1308 4063 1416 4113 filia
1451 4062 1630 4124 Drusi,

573 4143 690 4203 'quae
713 4136 836 4187 olim
864 4147 1026 4201 nupta
1064 4140 1261 4189 Neroni
1283 4141 1628 4189 vetustissimo

571 4211 848 4263 liberorum
885 4215 1202 4280 Germanici,
1237 4231 1354 4266 mox
1378 4216 1631 4279 denupse-

572 4285 655 4339 rat
685 4289 740 4338 in
775 4289 982 4342 domum
1017 4291 1243 4344 Rubellii
1264 4289 1468 4359 Blandi,
1488 4291 1629 4360 unde

1711 2148 1812 2201 iste
1835 2149 2075 2200 Plautus.

1774 2235 1799 2272 ε
1833 2228 2035 2292 Syllum,
2068 2230 2150 2291 &a
2184 2225 2505 2277 simulatorem
2535 2221 2786 2286 segnitia]
2868 2205 2884 2215 ²

1711 2303 1866 2367 Saepe
1889 2303 1964 2352 sic
1995 2302 2190 2363 evenit,
2227 2307 2288 2350 ut
2325 2299 2416 2364 qni
2434 2298 2660 2348 maxime
2683 2312 2789 2347 an·

1711 2378 1907 2441 bitiosi‚
1940 2378 2280 2442 cupiditatem
2309 2376 2591 2425 occultent.
2661 2374 2784 2424 Pul·

1712 2455 1835 2506 chre
1875 2461 1929 2506 et
1972 2455 2037 2505 ad
2075 2453 2243 2505 Taciti
2278 2453 2446 2502 iucem
2489 2449 2695 2501 Seneca
2730 2448 2781 2499 in

1707 2533 1933 2598 -OEdipoz
1969 2534 1984 2561 ‘
2007 2531 2304 2582 Certissima
2327 2536 2407 2578 est
2439 2540 2662 2591 regnare
2697 2541 2784 2576 cu·

1712 2609 1876 2674 pienti
1900 2609 2006 2671 via,
2041 2606 2272 2656 Laudare
2296 2603 2518 2667 modica,
2538 2609 2597 2652 et
2618 2602 2780 2652 otium

1712 2700 1772 2735 ac
1797 2699 2029 2734 somnum
2064 2682 2233 2748 loqui:
2270 2680 2353 2730 Ab
2375 2681 2612 2745 inquieto
2639 2693 2778 2743 saepe

1709 2759 1955 2809 laudatur
1975 2756 2155 2824 quies.’
2216 2756 2424 2819 Lipsius.

1773 2836 2014 2887 SicTac.
2038 2836 2313 2906 hist.l51v.
2339 2849 2386 2883 c.
2429 2833 2526 2882 ult.
2568 2832 2638 2883 de
2672 2833 2761 2882 Do

1710 2913 1954 2963 mitiano:
1989 2909 2129 2964 ‘Qui
2172 2909 2522 2974 simplicitatis
2566 2923 2633 2957 ac
2673 2923 2777 2959 mo-

1711 2989 1895 3040 destiae
1918 2989 2137 3053 imagine
2170 2989 2222 3037 iu
2256 2985 2583 3037 altitudinem
2607 2983 2784 3035 eondi-

1714 3074 1815 3129 tus,
1836 3065 2166 3129 studiumque
2187 3065 2450 3113 literarum
2468 3068 2526 3111 et
2549 3074 2776 3110 amorem

1711 3144 1989 3193 carminum
2024 3142 2285 3202 simulans,
2320 3152 2420 3201 quo
2441 3137 2644 3186 velaret
2677 3136 2782 3186 ani-

1710 3236 1847 3270 mum
1872 3227 1926 3270 et
1957 3219 2135 3268 fratris
2174 3215 2489 3267 aemulationi
2524 3213 2779 3263 subduce-

1710 3304 1888 3356 retur3
1924 3296 2065 3360 cujus
2109 3295 2367 3357 disparem
2411 3292 2775 3355 mitioremque

1712 3381 1944 3423 naturam
1967 3380 2148 3421 contra
2171 3365 2658 3433 interpretabatur.’

1727 3463 1732 3468 ·
1775 3450 2106 3499 Simulatorem
2126 3446 2374 3510 segnitiae]
2437 3446 2523 3498 Sic
2564 3444 2635 3492 de
2679 3443 2777 3491 boe

1711 3528 1825 3592 ipso
1847 3527 1991 3590 Sylla
2010 3526 2045 3576 l.
2069 3538 2195 3574 xm.
2230 3527 2245 3552 ‘
2264 3520 2619 3586 Suspectabat
2639 3533 2776 3569 max·

1712 3604 1811 3652 ime
1852 3602 2144 3652 Cornelium
2188 3600 2398 3663 Syllam,
2415 3611 2594 3647 socors
2639 3596 2775 3659 inge-

1710 3679 1850 3728 nium
1877 3679 1989 3742 ejus
2013 3679 2063 3726 in
2088 3676 2402 3731 contrarium
2429 3674 2659 3735 trahens,
2678 3669 2773 3719 eal·

1711 3756 1971 3820 litiumque
2017 3763 2071 3803 et
2118 3754 2467 3803 simulatorem
2522 3748 2775 3812 interpre-

1713 3831 1906 3881 tando!

1778 3907 2037 3971 Segnitioe]
2103 3907 2169 3955 Id
2193 3912 2340 3955 vetus
2363 3912 2414 3953 et
2438 3902 2654 3953 infixum
2671 3902 2771 3953 Ne·

1710 3987 1841 4045 roni,
1890 3986 2082 4052 Syllam
2128 3988 2475 4033 veteratorem
2535 3994 2671 4042 esse,
2720 3982 2772 4027 et

1712 4061 1959 4126 praeferre
2004 4058 2292 4108 socordiam
2334 4058 2386 4106 in
2430 4056 2678 4119 speciem,
2715 4058 2770 4103 ut

1710 4154 1801 4188 suo
1826 4144 2062 4201 tempore
2082 4135 2308 4201 falleret,
2327 4136 2738 4197 erumpet-etque
2747 4131 2770 4188 ς’

1709 4230 1823 4265 cum
1865 4221 2035 4264 tamen
2057 4207 2252 4265 ‘revera
2289 4207 2465 4265 socors
2499 4209 2767 4276 segnisque

1708 4290 1898 4357 ingenii
1918 4296 2077 4342 esset,
