3063 4952
325 378 599 453 masa]
994 389 1406 442 summum
1465 397 1616 447 ΜΒ.
1665 400 1840 452 xm.
1889 441 1895 447 .

2369 394 2544 464 1615

314 525 779 603 mitterentur?
814 530 1184 599 Servarent⁸
1210 556 1371 603 sane
1399 544 1727 627 receptos⁸
1759 549 2028 633 gregibu
2042 570 2100 632 S,
2128 553 2293 623 inter
2320 557 2531 627 homi-

324 688 612 756 aliquando
636 695 1078 749 conducerentur?
1101 700 1351 754 haberent
1371 720 1493 756 sane
1514 711 1766 773 sepositos
1789 718 2034 769 armentis
2058 735 2207 786 agros
2230 724 2372 774 etiam
2394 725 2534 777 inter

1250 847 1611 872 “OQM“

307 917 739 974 maternum—8
774 927 1097 979 Emendabat
1138 908 1359 997 Lipsius,
1396 941 1610 999 exceptos
1650 946 1706 990 ct
1738 941 1945 1002 famens.

2038 950 2236 1002 Famem
2281 954 2524 1017 probavit

311 982 722 1046 Freinshemius,
745 991 836 1039 sed
858 995 1104 1058 correxit,
1125 1003 1355 1061 receptus.

1420 1000 1708 1070 Utramque
1734 1005 2076 1067 Fneinsbemii
2110 1018 2522 1071 emendationem

310 1047 532 1099 admisit
554 1059 609 1101 et
631 1053 797 1104 edidit
818 1057 1049 1121 Ryckius
1062 1080 1076 1123 3
1110 1077 1262 1137 quem
1281 1063 1529 1115 Ernestus
1552 1074 1609 1118 et
1625 1071 1715 1121 alii
1737 1087 1837 1123 non
1864 1084 1986 1127 sunt
2006 1082 2190 1132 secuti.
2244 1084 2316 1133 Et
2331 1086 2518 1137 merito

309 1113 548 1176 quidem.
615 1118 840 1182 Vulgata
861 1124 998 1172 enim
1021 1125 1208 1175 Latina
1230 1134 1367 1190 sunt,
1390 1135 1445 1179 et
1467 1136 1780 1187 auctoritate
1815 1140 2063 1194 librorum
2088 1153 2324 1198 veterum
2345 1148 2523 1200 defen·

308 1177 529 1230 duntur.
562 1181 628 1230 In
648 1184 749 1235 Ms.
770 1185 922 1239 Harl.
940 1189 1131 1254 legitur
1148 1192 1358 1258 quidem
1370 1200 1599 1263 receptus,
1621 1201 1712 1251 sed
1738 1207 1942 1257 recenti
1962 1223 2148 1263 manua
2185 1220 2339 1265 antea
2357 1216 2519 1281 scrip-

1307 1322 1523 1378 ⁸0¹1*AE

303 1436 549 1490 vellemne
569 1443 781 1492 contueri
802 1444 943 1495 inane
959 1448 1108 1498 solum
1123 1445 1148 1498 :1

370 1516 488 1565 Sed
511 1522 571 1567 et
592 1523 864 1584 sequentia
887 1524 962 1574 sic
984 1527 1345 1577 constituimus
1367 1545 1382 1578 ε

298 1598 561 1643 servarent
598 1609 711 1646 sane
744 1606 954 1664 receptus
999 1604 1226 1666 gregibus
1259 1606 1386 1657 inter

299 1668 762 1732 hominumfamem.
808 1677 1144 1738 Namsamam
1160 1682 1264 1745 legi
1280 1698 1382 1732 non

298 1760 464 1809 posse
488 1747 696 1812 Lipsius
722 1751 869 1817 vidit,
907 1762 1065 1820 atque
1086 1755 1271 1816 famem
1303 1774 1383 1808 re·

298 1823 523 1888 posuit:
560 1840 654 1889 pro
674 1835 880 1893 receptos
912 1840 1105 1896 autem,
1127 1835 1265 1900 quod
1299 1838 1384 1885 ha-

295 1901 440 1950 beut
471 1902 594 1951 libri
632 1911 849 1969 exceptos
884 1909 1131 1973 legebat3
1167 1910 1259 1960 sed
1292 1913 1382 1963 ad-

288 1977 531 2041 juvante
555 1993 728 2044 sensu,
746 1997 927 2034 socero
949 2001 1063 2035 meo
1086 1985 1237 2038 facile
1263 2003 1381 2052 pro·

295 2055 454 2117 bavi,
507 2062 722 2122 receptus
774 2060 1031 2125 potiorem
1098 2064 1378 2119 lectionem

297 2145 448 2182 esse.

366 2209 636 2273 Receptus,
671 2213 816 2263 locus
844 2221 1090 2279 semotus,
1123 2233 1224 2284 quo
1263 2221 1378 2286 quis

294 2298 356 2334 se
400 2286 622 2352 recipit,
649 2288 972 2355 ἆναχῶρησιςε
1009 2295 1143 2358 quod
1179 2302 1286 2346 tam
1308 2297 1373 2347 de

294 2361 623 2426 hominibus,
646 2381 798 2429 quam
839 2369 904 2417 de
934 2370 1046 2419 aliis
1069 2372 1374 2424 animalibus

293 2439 414 2491 dici
440 2446 645 2504 potest:
683 2445 936 2509 quomodo
969 2445 1080 2499 fere
1105 2451 1245 2515 apud
1267 2451 1374 2503 Co-

289 2518 587 2572 lumellam.
616 2534 741 2574 vm.
780 2529 826 2575 1.
871 2526 937 2576 de
982 2542 1038 2577 re
1084 2529 1235 2580 Rust.
1281 2532 1299 2560 ⁴
1323 2548 1373 2582 a·

292 2596 583 2661 quatilium
648 2601 945 2654 animalium
998 2609 1369 2670 receptacula.'

288 2675 679 2728 Freinshemius.
1150 2723 1161 2732 ,

362 2752 602 2820 Quotam]
634 2756 699 2805 Id
722 2762 821 2821 est,
845 2762 1141 2825 quantulam
1162 2769 1367 2830 partem

289 2830 413 2895 agri
434 2830 488 2880 in
514 2835 622 2881 tam
653 2833 911 2887 immensis
943 2840 1206 2906 vastisque
1231 2855 1367 2893 cam-

290 2908 379 2973 pis
400 2922 520 2958 esse
534 2918 846 2963 reservatam
864 2915 1128 2979 gregibus,
1145 2918 1199 2967 in
1216 2934 1366 2984 quam

287 2997 402 3036 non
450 2985 611 3037 etiam
660 3003 884 3055 semper,
925 2992 1017 3042 sed
1058 2995 1365 3062 quandoque

289 3066 508 3112 tantum
552 3078 744 3127 pecora
786 3072 843 3117 et
883 3076 1114 3121 armenta
1143 3071 1366 3124 militum

287 3139 779 3192 transmitterentur
796 3146 815 3193 ?
1083 3179 1090 3186 ·

359 3216 575 3272 Quotam
610 3220 821 3284 partem]
887 3224 1114 3277 Quotam
1159 3234 1363 3291 partem

287 3293 476 3356 campi
488 3293 692 3357 jacere,
718 3297 771 3345 id
799 3305 894 3362 est,
923 3301 1140 3352 inertem
1163 3318 1276 3353 esse
1301 3320 1362 3356 ac

285 3382 529 3429 vacuam,
552 3377 609 3421 et
630 3387 661 3421 a
685 3376 827 3425 cultu
848 3377 1107 3429 hominum
1132 3384 1360 3432 vastam?

283 3443 466 3495 innuit
499 3449 754 3500 modicam
789 3467 901 3502 esse
932 3461 1136 3517 partem
1174 3458 1364 3523 campi,

285 3536 415 3591 qna}
438 3523 624 3575 relicta
657 3526 725 3576 sit
750 3528 864 3577 usui
885 3536 941 3578 et
962 3533 1210 3583 armentis
1234 3534 1360 3583 mili-

285 3607 426 3665 tum,
469 3608 528 3652 et
568 3603 698 3668 ipsis
740 3606 990 3660 inserviat
1032 3612 1358 3679 quandoque,

284 3692 396 3727 non
419 3693 640 3744 semper.

262 3757 283 3784 ’Δ
353 3756 644 3808 Maximam
667 3775 789 3811 vero
812 3778 944 3826 esse,
968 3770 1025 3815 et
1046 3765 1152 3817 late
1174 3775 1358 3832 patere

286 3847 410 3884 eam
440 3836 614 3900 campi
650 3843 872 3903 partem,
907 3855 1058 3906 quam
1099 3858 1357 3911 nunquam

284 3908 655 3975 ingrediantur
697 3916 887 3966 milites
927 3926 1015 3968 aut
1049 3923 1184 3971 servi
1224 3923 1355 3973 mili·

285 3991 422 4048 tum,
441 4003 545 4052 qna
565 4004 815 4055 nusquam
839 3999 1052 4044 utantur
1074 4012 1273 4062 greges.

266 4104 273 4107 .
358 4064 566 4120 Quotam
606 4069 812 4132 partem]
866 4071 1109 4137 Intellige
1147 4076 1229 4124 vel
1267 4093 1353 4127 an-

283 4139 481 4204 gendo,
504 4145 589 4192 vel
619 4145 916 4211 minuendo,
949 4164 1134 4215 nempe
1170 4169 1355 4218 augen-

242 4211 377 4277 ido,
397 4213 545 4283 quasi
567 4221 643 4271 sic
668 4219 978 4292 scripsisset,
997 4236 1240 4294 quantam,
1258 4248 1353 4284 seu

283 4308 445 4366 quam
474 4305 689 4352 vastam
740 4301 973 4368 partem'
999 4310 1171 4375 campi
1218 4325 1352 4380 esse,

1465 1466 1616 1517 quam
1639 1459 1742 1509 late
1773 1468 1952 1527 patere
1987 1480 2138 1533 agros
2171 1470 2301 1537 illos,
2323 1473 2377 1525 in
2401 1492 2528 1543 quos

1463 1546 1648 1596 greges
1698 1538 1975 1604 aliquando
2015 1547 2528 1604 transmitterentur?
2629 1553 2635 1558 ’

1464 1608 1726 1662 Quantam
1749 1623 1952 1679 partem
1992 1622 2104 1685 agri
2122 1622 2303 1688 jacere,
2338 1626 2392 1676 itl
2429 1634 2529 1694 est,

1462 1699 1684 1738 vacuam
1707 1705 1817 1741 esse
1834 1700 1889 1744 et
1908 1695 2162 1763 inutilem,
2178 1701 2230 1750 in
2254 1718 2406 1767 quam
2420 1720 2528 1756 non

1460 1773 1621 1825 saepe,
1644 1766 1734 1815 sed
1771 1768 2045 1834 aliquando
2080 1781 2283 1826 tantum
2316 1786 2370 1829 et
2405 1796 2524 1832 raro

1459 1842 1646 1901 greges
1672 1842 2110 1903 immitterentur?
2141 1862 2383 1908 servarem
2412 1873 2526 1910 sanc

1450 1921 1691 1981 receptus,
1706 1923 1789 1984 ᾃο.
2297 1996 2300 1999 Α

1525 1993 1625 2044 Vel
1641 1990 1942 2066 minuendo,
1955 2007 2102 2070 quasi
2123 2008 2342 2074 diceret,
2367 2029 2524 2079 quan·

1459 2069 1623 2121 tulam
1645 2087 1758 2124 esse
1773 2080 1883 2142 agri
1905 2088 2111 2145 partem
2128 2087 2289 2153 illam,
2303 2090 2354 2139 in
2369 2107 2521 2156 quarn

1457 2145 1732 2214 aliquando
1754 2157 1975 2211 militum
1999 2177 2182 2229 greges
2205 2170 2522 2221 transmitte·

1454 2228 1668 2277 rentur?
1720 2245 1829 2294 prae
1880 2235 1969 2285 illa
2017 2247 2164 2291 vasta
2221 2245 2519 2311 solitudine,
2619 2250 2624 2255 ’

1455 2313 1573 2363 qnae
1610 2318 1782 2371 neque
1824 2311 2129 2366 animalibus
2170 2320 2307 2384 ullis,
2348 2336 2521 2388 neque

1453 2375 1738 2432 hominibus
1770 2385 2031 2442 inserviat.
2101 2396 2172 2444 Et
2211 2404 2354 2448 certe
2395 2415 2517 2450 vera

1451 2454 1701 2510 dicebant
1721 2462 1987 2532 Germani,
2007 2470 2100 2520 sed
2121 2480 2269 2524 vasta
2290 2475 2379 2526 illa
2397 2476 2518 2528 soli-

1452 2533 1578 2583 tudo
1599 2537 1651 2586 in
1674 2540 1774 2590 hoc
1800 2542 2076 2611 destinata,
2098 2555 2158 2599 ιιι
2191 2552 2293 2615 ipsi
2328 2556 2514 2618 procul

1451 2624 1830 2671 amoverentur.
1908 2621 2169 2676 Adversus
2219 2629 2359 2694 ipsos
2401 2634 2518 2683 soli·

1449 2688 1578 2740 tudo
1596 2693 1725 2759 baec,
1742 2710 1844 2748 non
1863 2713 1958 2762 pro
1979 2702 2124 2768 ipsis,
2136 2719 2240 2755 non
2260 2708 2511 2759 usui-bar-

1449 2765 1714 2835 barorum,
1733 2774 1826 2824 sed
1861 2777 2026 2842 quieti
2058 2787 2340 2836 castrorum
2360 2786 2510 2840 Rom.

1445 2855 1768 2912 praeparata3
1802 2851 1818 2879 ‘
1837 2868 1954 2905 cum
1987 2859 2312 2913 solitudinem
2334 2862 2507 2917 fecere

1447 2921 1676 2984 quietem
1694 2931 1920 2984 vocant!
1968 2933 2183 2988 Sallust.

1511 3005 1537 3030 ⁸
1567 2999 1843 3070 Servarent]
1877 3007 1984 3059 Alii
2007 3012 2207 3078 legunt,
2221 3017 2348 3068 inter
2361 3018 2509 3072 homi-

1444 3077 1768 3144 ιιιιηιΙαιΜηι,
1793 3085 1879 3134 alii
1908 3087 2037 3139 inter
2052 3091 2290 3143 hominum
2306 3096 2509 3155 semein.

1446 3152 1651 3220 Nempe
1692 3160 1818 3210 inter
1859 3164 2095 3217 homiuum
2116 3169 2322 3235 famam,
2359 3176 2509 3238 quasi

1445 3229 1570 3279 talia
1599 3232 1804 3285 barbari
1838 3243 2215 3305 exprobrarent
2236 3248 2510 3301 Romanis:

1441 3304 1659 3360 Servate
1702 3328 1908 3379 campos
1959 3323 2276 3373 necessarios
2307 3325 2508 3377 alendis

1440 3384 1660 3437 militum
1692 3392 1963 3458 gregibus3
2005 3398 2080 3448 ita
2125 3406 2299 3451 tamen
2336 3407 2397 3452 ιιι
2427 3401 2506 3453 fa·

1440 3477 1574 3512 mam
1598 3472 1654 3515 et
1676 3467 1833 3520 decus
1867 3473 2155 3526 Romanum
2192 3469 2330 3543 apud
2361 3486 2505 3531 cete-

1398 3604 1406 3615 Ι
1439 3554 1521 3590 ros
1544 3547 1785 3596 mortales
1814 3555 2163 3617 conservetis;
2197 3557 2272 3606 ita
2294 3563 2356 3608 ut
2377 3557 2504 3610 libe·

1437 3618 1661 3670 ralitatis
1693 3629 1749 3673 et
1774 3625 2107 3680 humanitatis
2126 3627 2316 3684 vestrm
2338 3636 2503 3700 speci·

1437 3709 1556 3744 men
1576 3698 1778 3763 aliquod
1803 3704 1952 3755 nobis
1974 3708 2276 3775 exhibeatis,
2306 3726 2404 3764 nec
2437 3727 2503 3764 ea

1438 3771 1684 3825 immensa
1695 3777 1936 3843 jugerum
1963 3786 2149 3848 spatia,
2180 3803 2296 3851 quae
2330 3791 2500 3854 gregi-

1438 3848 1534 3900 bus
1554 3854 1742 3903 vestris
1771 3867 2066 3925 supersunt,
2101 3865 2274 3926 egenis
2297 3866 2500 3931 populis

1439 3926 1741 3993 denegetis;
1776 3948 1872 3985 nec
1893 3944 2040 3988 certe
2072 3941 2254 3991 melior
2278 3948 2369 3993 aut
2389 3958 2498 3994 ma·

1426 4002 1512 4067 jor
1531 4003 1669 4055 fama
1693 4012 1873 4074 populi
1894 4014 2107 4065 victoris
2129 4019 2358 4080 gentium
2380 4034 2496 4071 esse

1435 4091 1629 4147 potest,
1650 4103 1802 4151 quam
1844 4092 2119 4155 largitione
2154 4097 2229 4145 uti
2259 4103 2313 4146 et
2337 4097 2495 4148 bene-

1433 4162 1662 4214 volentia
1684 4167 1734 4214 in
1759 4172 1974 4232 populos
1998 4171 2278 4237 universos,
2301 4178 2399 4225 stc.
2465 4203 2468 4206 Δ

1494 4237 1598 4289 Sed
1642 4242 1708 4292 ad
1762 4258 1871 4293 rem
1918 4244 2124 4295 videtur
2161 4248 2349 4311 potius‘
2378 4264 2493 4302 esse

1429 4314 1599 4367 altera
1638 4318 1799 4372 lectio
1835 4322 1965 4374 inter
2006 4324 2247 4378 Romnum
2272 4326 2492 4391 smm‚·
