3063 4952
2350 399 2540 470 184&

313 578 479 642 vim¹¹
499 560 960 647 Samnitibus,⁰
980 567 1255 634 ItalicoP
1271 569 1552 654 populo,
1578 574 1697 633 aut
1718 566 2070 652 Hispanis»,
2092 587 2174 634 ac
2198 567 2524 644 Parthis,4

320 677 615 744 Romani
677 673 950 756 Imperii
990 673 1309 739 aemuliS.‘¹
1392 671 1717 739 Validam
1764 689 2028 756 quoque
2067 677 2141 736 et·
2166 671 2527 736 laudatam‘

308 433 363 487 J.
388 431 449 486 c.
471 428 583 494 aa]
1040 418 1458 470 summum
1508 421 1656 469 mn.
1705 375 1837 469 xv:

310 834 387 880 Μ
401 845 459 880 αι·
482 827 811 880 Numantina.
856 827 972 877 Nec
994 818 1210 883 eandem
1228 825 1514 891 potentiam
1534 810 1874 885 Samnitibus,
1893 822 2095 872 Italicae
2115 821 2276 885 genti,
2292 826 2382 869 aut
2403 812 2527 870 Car-

315 894 705 960 thaginensibus
729 892 974 943 rivalibus
994 892 1208 942 Romani
1231 890 1445 956 fastigii.
1502 890 1691 940 Fortes
1714 889 1891 952 etiam,
1916 894 1971 937 et
1988 887 2275 939 celebratos
2297 892 2526 951 veteres,

1231 1021 1288 1040 O!
1296 1019 1590 1041 „0960”ss

312 1107 392 1156 nis
413 1121 509 1170 pro
528 1107 788 1157 eludia—4
818 1104 1114 1170 (Brotierus
1158 1103 1307 1169 legit,
1349 1118 1453 1167 neq.
1498 1103 1635 1152 eund.
1681 1102 1777 1152 cim
1800 1098 2114 1159 Samnitibus,
2150 1097 2319 1146 Italico
2336 1097 2526 1160 populo,

314 1176 401 1222 ant
437 1173 596 1221 Poenis
622 1172 760 1220 Rom.
781 1170 908 1236 ἀεὶ.)
972 1170 1345 1219 Freinshemius
1383 1169 1583 1230 mallet,
1618 1172 1703 1218 aut
1739 1165 1989 1229 Hispanis,
2032 1162 2168 1227 quod
2213 1162 2526 1210 Numantini

317 1244 496 1286 essent
523 1237 758 1300 Hispani.
816 1236 1028 1286 Frustra
1048 1235 1191 1285 addit
1215 1234 1527 1296 Gronovius,
1544 1239 1630 1283 aut
1653 1231 1902 1295 Hisponis,
1938 1245 2077 1293 quum
2100 1226 2318 1278 Parthie.
2373 1225 2527 1274 Poeni

315 1301 400 1352 hic
423 1301 561 1358 forte
601 1301 866 1366 appellati,
886 1300 1022 1366 quod
1062 1300 1255 1350 clarior¹
1272 1313 1468 1360 eorum,
1488 1313 1640 1363 quam
1664 1296 2095 1347 Numantinorum
2116 1293 2293 1357 gloria.
2363 1291 2527 1340 Immo

315 1367 626 1418 Numantini
666 1381 922 1432 nunquam
970 1365 1118 1415 fuere
1158 1363 1361 1428 imperii
1406 1364 1626 1413 Romani
1667 1362 1856 1412 aemuli.
1914 1359 2130 1410 Brotier.
2196 1357 2410 1420 Bipont.
2454 1356 2527 1405 le-

317 1439 480 1497 gunt:
516 1447 660 1496 nequo
699 1448 741 1483 e.
783 1447 830 1482 v.
863 1430 1026 1482 Sarna.
1068 1431 1362 1480 Nummum>
1393 1445 1442 1493 p.
1476 1445 1534 1478 σο
1571 1427 1791 1488 Parthis,
1831 1430 1929 1476 διο.
1977 1425 2142 1474 Recte
2165 1437 2222 1471 ac
2247 1420 2447 1470 Parthis
2469 1420 2525 1468 in

314 1504 521 1575 textum
544 1511 826 1562 recepere;
864 1497 955 1546 sed
992 1497 1199 1561 ingrata
1230 1493 1478 1559 repetitio
1499 1498 1582 1544 est
1604 1493 1745 1543 vocis
1770 1488 2080 1542 Numantino.
2145 1488 2292 1536 Malo
2326 1486 2527 1535 Grono-=

316 1577 457 1612 vium
479 1563 640 1627 sequi.
702 1562 946 1623 Librarii,
987 1576 1105 1611 cum
1144 1559 1390 1626 Hispanos
1422 1565 1715 1609 mutassent
1736 1557 1790 1606 in
1817 1557 2001 1618 Poenos,
2018 1552 2240 1605 omisere
2264 1564 2406 1615 quam
2439 1549 2525 1598 vel

314 1643 371 1678 ac
402 1628 619 1692 Parthis,
654 1627 803 1693 quasi
847 1625 1125 1692 superflua,
1164 1641 1280 1692 quae
1316 1640 1443 1675 vero
1483 1625 1686 1689 deesse,
1721 1636 1898 1673 omnes
1939 1619 2169 1671 sentiunt
2192 1617 2527 1680 interpretes.

1333 1766 1547 1818 1⁸:0¹1*AE

318 1863 532 1917 tineret.
585 1866 777 1916 Tamen
799 1881 915 1918 cnm
937 1866 1037 1916 hoc
1061 1877 1264 1931 qnoque
1286 1862 1381 1914 foe·

319 1944 417 1996 dns
451 1946 699 2011 maluere,
734 1946 967 1998 contenti
999 1960 1255 1996 armorum
1279 1958 1383 1995 ma-

321 2023 510 2085 nubiis,
533 2038 651 2073 cum
681 2025 747 2074 ad
769 2023 1174 2075 internecionem
1197 2021 1382 2072 sevire

319 2101 630 2164 potuissent.
692 2101 796 2151 Sed
833 2116 936 2151 non
964 2101 1131 2150 minus
1155 2100 1385 2151 Numan-

318 2176 423 2227 tini
458 2192 612 2242 quam
650 2177 870 2228 Caudini
905 2177 1042 2227 illius
1060 2174 1272 2226 foederis
1293 2173 1384 2224 ssa-

318 2271 476 2322 grans
520 2258 800 2322 ignominia
841 2272 903 2308 ac
943 2256 1140 2320 pudore
1162 2254 1383 2319 populus

319 2335 472 2386 Rom.
513 2335 751 2386 dedecus.
777 2335 984 2400 quidem
1006 2332 1280 2398 praesentis
1296 2329 1385 2381 ssa-

319 2412 455 2479 gitii,
478 2413 744 2463 deditione
765 2411 995 2462 Mancini
1013 2407 1279 2475 expiavit!

385 2490 641 2553 Caudina]
698 2491 967 2550 Caudium,
988 2489 1232 2554 oppidum
1267 2488 1386 2539 Hir·

318 2566 560 2633 pinorum
608 2568 915 2632 populorum
949 2567 1000 2616 in
1040 2566 1267 2629 Samnio,
1309 2579 1386 2614 re·

280 2705 281 2708 Ἴ
321 2645 475 2708 gione
517 2645 719 2695 ltaliae:
776 2643 931 2693 bodie
985 2643 1188 2707 Arpnia,
1244 2642 1386 2692 vicus

320 2722 657 2787 Principatus
695 2721 955 2772 ulterioris
989 2722 1039 2769 in
1064 2735 1223 2786 regno
1248 2721 1295 2769 N
1301 2734 1385 2769 ea·

315 2801 573 2866 politano.
642 2800 871 2850 Caudina»
899 2799 1060 2858 farcoe
1081 2805 1201 2849 sunt
1231 2799 1283 2849 in
1310 2797 1386 2848 vi-

318 2878 472 2928 ciniis
532 2877 718 2927 (laudii
772 2877 984 2943 oppidi:
1039 2876 1192 2926 hodie
1240 2876 1384 2925 locus

319 2962 543 3007 vocatur
563 2955 750 3006 Stretlo
767 2954 1020 3020 &An-pata.
1051 2956 1131 3004 Ex
1153 2953 1382 3004 Diction.

318 3036 640 3086 Bandrandi.
689 3038 800 3086 Till.

338 3135 345 3140 ·
385 3114 722 3178 Numantina]
779 3113 1075 3172 Numantia,
1124 3112 1246 3163 urbs
1286 3112 1387 3162 Pe·

318 3191 601 3242 lendonum
625 3192 949 3255 populorum,
964 3190 1015 3239 in
1033 3189 1256 3241 Gallicia
1272 3201 1387 3253 pro·

318 3268 494 3320 vincia
518 3268 785 3333 Hispaniae
809 3267 1099 3318 citerioris:
1135 3265 1285 3316 hodie
1309 3277 1391 3313 ru-

318 3345 422 3396 inas
438 3350 692 3395 vocantur
731 3345 913 3393 Pueate
949 3341 1137 3405 Guray,
1161 3341 1212 3390 in
1237 3345 1389 3403 parte

321 3422 638 3474 occidentali
653 3422 894 3472 Castellae
911 3418 1122 3470 veteris.
1147 3417 1390 3467 Tillemon.

386 3505 413 3532 ¹¹
450 3501 612 3564 Neque
632 3502 824 3549 eandem
840 3498 960 3562 υὺη]
1027 3497 1131 3546 Sibi
1152 3494 1390 3559 provide-

321 3581 410 3626 rat
435 3576 669 3640 trepidus
707 3576 852 3625 miles
885 3572 1123 3637 exempla
1163 3570 1392 3625 Caudina}

321 3668 378 3702 nc
402 3651 714 3702 Numantina·
733 3651 897 3711 cludis,
934 3655 990 3698 et
1009 3649 1130 3697 alias
1154 3647 1346 3696 similes
1372 3662 1386 3696 ε

321 3728 754 3795 proponebatque
797 3727 915 3789 sibi,
956 3740 1056 3776 nou
1079 3727 1274 3775 eandem
1294 3724 1391 3774 vien

323 3805 635 3869 Samnitibus,
657 3804 828 3854 Italico
852 3802 1040 3867 populo,
1085 3818 1147 3853 ac
1180 3802 1389 3851 Parthis

323 3898 477 3944 esse;
518 3893 570 3931 et
614 3883 787 3932 statim
835 3880 1000 3942 miles,
1036 3894 1138 3929 seu·
1161 3879 1393 3941 Tacitus,

324 3961 678 4027 praetermissa
713 3958 1031 4009 Numantina
1055 3964 1229 4020 gente,
1249 3955 1391 4020 quasi

324 4053 429 4089 non
467 4038 679 4101 majoris
721 4035 919 4086 roboris
945 4049 1096 4098 quam
1116 4032 1392 4095 Samnites,

322 4116 502 4167 statim
539 4125 762 4164 mentem
812 4111 1019 4161 lectoris
1056 4108 1305 4158 transfert
1325 4108 1391 4157 ad

326 4193 537 4254 Poenos,
572 4193 865 4255 subditque,
909 4180 1011 4237 non
1056 4190 1248 4236 eandem
1295 4186 1394 4234 vim

325 4284 442 4321 esse
463 4269 809 4330 Samnitibus3
847 4279 1017 4330 neque
1040 4265 1122 4315 vel
1145 4263 1308 4316 Poeuia
1323 4263 1393 4328 ip-

322 4348 412 4416 sis,
449 4347 579 4400 licet
619 4344 825 4397 Rom
858 4341 1050 4409 imperii
1088 4340 1289 4407 aemnliae,
1329 4353 1393 4391 ac

1458 1862 1566 1917 fuit
1587 1861 1813 1913 Parthis.

1486 1964 1491 1967 ·
1523 1942 1717 2007 sicque
1765 1940 1820 1989 in
1858 1942 2182 1988 antecessum
2226 1931 2426 1982 solatur
2470 1942 2530 1979 se

1461 2017 1629 2079 miles,
1648 2015 1933 2080 minuitque
1947 2014 2023 2063 sic
2052 2010 2256 2063 cladem
2276 2023 2439 2071 suam,
2471 2013 2531 2057 et

1462 2095 1638 2160 reipsa
1657 2108 1777 2145 cum
1815 2091 1914 2143 sibi
1939 2092 2258 2155 proponeret
2277 2086 2425 2135 miles
2446 2098 2530 2133 va-

1465 2171 1546 2222 ria
1595 2170 1836 2234 exempla
1878 2167 2117 2218 similium
2156 2163 2531 2222 calamitatum,

1463 2248 1610 2299 facta
1633 2247 1791 2298 semel
1822 2243 2210 2309 comparatione
2241 2237 2528 2290 Samnitum

1464 2340 1582 2376 cum
1621 2323 1850 2387 Parthis,
1892 2320 2017 2387 quid
2052 2334 2182 2383 opus
2213 2316 2315 2366 fuit
2337 2328 2528 2364 memo·

1465 2417 1583 2453 rare
1626 2397 2011 2452 Numantinos?
2047 2396 2220 2461 potius
2245 2393 2430 2443 debuit
2449 2391 2527 2440 in·

1465 2480 1727 2544 vestigare
1753 2478 1920 2527 animo
1941 2474 2193 2526 maximas
2211 2470 2406 2533 clades,
2436 2483 2529 2520 seu

1463 2556 1660 2621 majora
1704 2554 1942 2618 exempla
1971 2552 2219 2601 malorum
2248 2549 2301 2597 in
2333 2544 2530 2610 Poenis,

1465 2642 1521 2686 et
1547 2634 1823 2695 Annibale,
1845 2639 1902 2682 et
1924 2631 2093 2694 potius
2115 2640 2419 2693 comparare
2454 2624 2528 2674 vi-

1463 2727 1549 2762 res
1572 2712 1850 2762 Poenorum
1889 2723 2006 2760 cum
2041 2706 2278 2771 potentia
2305 2703 2527 2755 Partho-
2605 2719 2611 2726 ·

1465 2803 1577 2838 rum
1596 2805 1611 2851 ;
1627 2787 1765 2853 quod
1784 2786 1888 2836 rite
1905 2783 2036 2834 facit
2054 2781 2285 2832 Tacitus.

1494 2868 1601 2916 -Et
1648 2879 1829 2915 vanam
1871 2863 2146 2913 lectionem
2188 2859 2530 2923 criticemque

1463 2943 1806 2994 Freinshemii
1848 2942 2058 3007 jugulat
2125 2945 2309 3002 aperto
2362 2941 2532 2986 marte

1462 3023 1683 3073 Tacitus
1706 3023 1818 3086 ipse
1834 3019 1971 3071 infra
1992 3018 2083 3069 lib.
2107 3017 2173 3066 de
2192 3017 2330 3066 Mor.
2351 3015 2534 3065 Germ.

1465 3116 1512 3152 c.
1537 3105 1620 3151 37.
1652 3102 1667 3127 ‘
1688 3098 1869 3149 Medio
1909 3104 2015 3147 tam
2050 3096 2189 3158 longi
2221 3094 2320 3144 aevi
2343 3090 2531 3158 spatio’

1465 3179 1608 3243 (210.
1626 3174 1895 3236 annorum)
1923 3175 1940 3201 ⁴
1959 3173 2123 3221 multa
2150 3172 2369 3220 invicem
2389 3169 2534 3219 dam-

1469 3271 1552 3306 na.
1618 3256 1741 3304 Non
1784 3250 2005 3309 Samnis,
2058 3262 2159 3296 non
2215 3245 2384 3308 Poeni,
2430 3258 2534 3293 non

1469 3334 1741 3399 Hispaniae
1797 3329 2072 3388 Galliave,
2104 3339 2168 3374 ne
2207 3324 2388 3373 Parthi
2421 3322 2535 3388 qui-

1471 3412 1607 3461 dem·
1628 3409 1820 3474 saepius
1845 3400 2192 3464 admonuere,'
2234 3414 2387 3465 quam
2412 3400 2536 3449 Ger·

1469 3487 1628 3537 mani.-
1661 3497 1847 3549 nempe
1866 3482 1939 3531 ibi
1957 3483 2125 3529 locum
2140 3484 2373 3528 nostrum
2396 3476 2533 3527 hunc

1472 3567 1587 3616 fere
1623 3562 1817 3627 repetit
1839 3561 1902 3610 ad
1928 3558 2163 3609 verbum.
2230 3557 2307 3604 Eu
2346 3553 2534 3604 Sumiti·

1470 3648 1559 3704 ωε,
1595 3657 1661 3691 en
1701 3638 1918 3690 Caudina
1959 3634 2156 3697 clades,
2192 3648 2258 3682 en
2296 3631 2536 3695 Hispania

1471 3726 1528 3770 et
1572 3716 1866 3769 Numantina
1919 3711 2111 3771 clades,
2159 3725 2225 3759 en
2269 3708 2425 3770 Poem‘,
2468 3721 2536 3756 en
2628 3767 2638 3776 μ

1471 3797 1667 3855 Parthi,
1703 3802 1757 3845 et
1798 3792 1950 3853 Gaui,
1993 3796 2048 3840 et
2091 3789 2261 3838 omnia
2299 3792 2537 3835 veterum

1468 3873 1691 3924 cladium
1714 3871 1938 3919 nomina.

1534 3960 1559 3985 ⁰
1592 3948 1911 4011 Samnitibus]
1945 3946 2059 4002 Lib.
2083 3958 2161 3994 xi.
2183 3947 2265 3992 24.
2309 3940 2423 3990 ἹῊΙ.

1534 4035 1562 4070 ¹³
1602 4025 1791 4088 Italico]
1826 4024 1940 4073 Lib.
1960 4036 2035 4071 vr.
2057 4026 2104 4069 8.
2129 4020 2373 4069 Tillemon.

1539 4113 1565 4148 ‘¹
1601 4103 1798 4153 Parthis
1815 4101 1952 4149 Runa.
1975 4096 2170 4161 Imperii
2190 4090 2393 4155 amalis]
2415 4090 2539 4141 Vun-

1476 4198 1540 4247 go
1561 4182 1750 4245 legitur
1768 4177 1958 4227 Poenis:
1997 4181 2052 4222 at
2087 4173 2242 4236 lectio
2277 4169 2443 4230 palam
2466 4166 2541 4215 vi-

1475 4260 1625 4310 tiosa.
1695 4256 1864 4306 Nuuae
1927 4251 2065 4301 enim
2119 4248 2203 4296 hic
2257 4245 2537 4294 Poeuornm

1473 4342 1656 4402 partes
1677 4348 1693 4399 ;
1727 4329 1997 4400 praecessit
2016 4325 2083 4379 de
2103 4323 2342 4377 cladibus
2362 4318 2537 4374 Gauda·-
