3063 4952
538 376 721 454 16oe
1273 413 1349 464 o:
1378 382 1714 471 eorunm
1727 420 1755 471 1.
1785 421 2060 476 fraorrr
2416 437 2510 502 [Α.
2534 439 2605 493 u.
2622 443 2758 496 8122.

533 549 748 627 lacus¹
795 552 1152 624 admovere
1194 559 1385 646 ripae,
1434 574 1763 650 agrosque
1787 572 2078 651 racuoffl
2120 574 2188 641 et
2215 578 2515 646 militnm
2558 566 2752 649 1ιὲώῦ

531 655 889 738 sepositos,
903 659 1244 742 insedere,
1273 671 1545 734 auctore
1571 668 1838 737 Verrito
1875 680 1943 739 et
1985 673 2350 763 Malorigffi
2376 687 2493 768 qni
2520 687 2752 752 natio->2

529 774 680 822 nem
707 777 859 825 eam
887 766 1251 846 regebant:
1275 769 1342 833 in
1369 777 1683 854 quantum
1700 773 2021 842 Germani·
2041 781 2508 863 regnantur&
2546 786 2595 852 J
2599 794 2750 854 anx-³

530 879 662 943 que
690 861 993 931 fixerant³
1022 868 1278 950 domos,
1302 875 1555 939 semina
1585 877 1762 941 arvis
1792 878 2158 962 intulerant,
2185 889 2417 969 utque⁴
2447 892 2746 972 patrium‘

524 1044 809 1105 incultam&
829 1050 1061 1114 legionum
1079 1056 1348 1107 necessitati
1362 1059 1568 1123 relictas,
1586 1061 1784 1112 ducibus
1811 1061 2000 1115 Verrito
2020 1071 2069 1115 et
2102 1067 2362 1131 Malorige,
2400 1071 2482 1134 qai
2521 1045 2750 1136 impera-³

525 1109 640 1160 bant
656 1113 767 1164 haic
783 1118 983 1183 amoni,
1013 1118 1064 1169 in
1097 1126 1322 1184 quantam
1353 1123 1609 1177 Germanis
1631 1128 1912 1190 imperatur.
1992 1130 2197 1195 Jamque
2269 1142 2539 1186 rmaverant
2579 1140 2732 1197 sedes,

516 1189 677 1227 men
709 1183 857 1232 terris
885 1187 1239 1253 mandaverant,
1267 1193 1316 1238 et
1351 1188 1561 1241 colebant
1588 1196 1645 1241 ae
1676 1194 1861 1258 patrios
1892 1209 2052 1260 agros,
2069 1212 2174 1248 cum
2318 1200 2391 1252 ius
2409 1201 2613 1266 Avitus,
2650 1200 2742 1268 qai'

1451 1349 1478 1367 O
1483 1349 1684 1368 ONN‘O
1690 1350 1804 1370 ‘u‘

586 1459 613 1506 1
651 1459 842 1526 Ryckii
871 1463 998 1533 Qud.
1015 1470 1208 1517 atatem
1225 1468 1473 1517 condentes
1490 1467 1851 1520 «ἄμουσα-2
1883 1469 1971 1521 Ita
1991 1472 2120 1523 Mss.
2142 1473 2316 1524 Vatic.
2343 1479 2488 1528 1863.
2510 1484 2565 1528 et
2585 1477 2748 1541 Flore

518 1519 755 1577 Picbena
776 1536 832 1579 et
853 1533 1185 1583 recentiores.
1249 1532 1393 1582 Male
1413 1533 1467 1582 in
1491 1534 1622 1583 Mss.
1647 1534 1820 1585 Vatic.
1845 1540 1989 1588 1864.
2029 1545 2086 1587 et
2123 1541 2268 1591 1968.
2287 1540 2439 1593 Bodl.
2462 1550 2515 1593 et
2540 1546 2734 1599 veteri-

519 1586 615 1640 bus
637 1590 969 1660 editionibus,
1003 1600 1057 1648 in
1094 1614 1187 1664 qua
1221 1603 1334 1648 tunc
1359 1598 1589 1648 Germani
1618 1600 1898 1662 regnabant.
1964 1603 2142 1653 Editio
2175 1604 2440 1670 princeps,
2477 1608 2532 1658 in
2567 1626 2747 1673 quam.

517 1653 841 1710 Erotion—3
876 1661 965 1713 Ita
980 1663 1096 1714 libri
1119 1679 1314 1716 omnes.
1380 1665 1598 1714 Frustra
1619 1666 1865 1717 emendat
1883 1667 2420 1738 Rhenanus3finxerat.
2486 1673 2730 1725 Idem.—

1525 1827 1739 1879 NOTAE

519 1958 722 2004 tantum
769 1956 999 2008 habuere
1043 1974 1106 2010 eo
1148 1975 1261 2011 aevo
1314 1961 1584 2012 Germani.
1668 1962 1851 2015 Codici
1870 1966 2006 2016 Flor.
2025 1965 2272 2016 debemus
2290 1962 2741 2039 emendationem:‡

518 2031 676 2082 Forte
700 2034 820 2098 quia
839 2048 902 2084 ea
923 2036 1007 2088 via
1036 2038 1164 2088 nulli
1197 2039 1374 2089 armati
1408 2040 1584 2091 hostes

519 2119 1063 2178 occurrerepoteraut
1098 2115 1389 2167 imbellibus
1422 2125 1477 2169 et
1508 2119 1585 2169 in·

519 2200 697 2237 ermis.

580 2261 606 2299 ⁴¹
637 2265 859 2317 Militum
893 2267 1024 2333 usai]
1093 2270 1162 2320 Et
1202 2271 1465 2336 praecipue
1506 2289 1585 2324 ar-

516 2342 704 2392 mentis
726 2344 979 2396 militum:
1024 2347 1239 2417 suberat
1261 2356 1316 2399 et
1338 2365 1583 2402 arcanum

516 2411 893 2485 dominationis,
913 2436 1103 2489 nempe
1138 2430 1199 2475 ut
1221 2425 1421 2491 longius
1445 2443 1584 2480 arce·

511 2508 695 2552 rentur
715 2502 889 2553 hostes
912 2518 945 2553 a
967 2504 1102 2569 ripa,
1123 2520 1154 2555 a
1175 2505 1363 2556 castris
1396 2508 1583 2559 Roma-

510 2581 609 2643 nis,
630 2586 684 2632 et
702 2582 865 2633 limite
888 2583 1109 2648 imperii.

577 2657 798 2727 Militum
825 2658 958 2724 usai]
1023 2661 1146 2713 Non
1182 2678 1309 2727 quos
1344 2665 1582 2716 colerent

509 2734 620 2797 ini‘3
671 2750 791 2787 nam
815 2739 960 2788 vacui
993 2740 1103 2804 agri
1127 2747 1184 2790 et
1204 2741 1387 2793 inculti
1407 2757 1580 2793 mane·

509 2811 658 2875 bant,
678 2819 736 2863 et
769 2815 982 2879 sepositi
1016 2816 1091 2865 illi
1130 2818 1241 2882 agri
1267 2819 1321 2869 in
1347 2821 1578 2885 speciem

492 2890 786 2958 ‘pascendis
809 2893 1049 2957 gregibus
1071 2886 1422 2962 armentisque
1445 2897 1579 2947 mili-

514 2972 650 3030 tum3
691 2968 783 3018 sed
806 2970 990 3035 magis,
1014 2986 1078 3021 ne
1105 2985 1268 3036 prope
1290 2980 1464 3025 castra
1485 2990 1577 3025 seu

509 3042 756 3109 praesidia
777 3044 1035 3109 legionum
1053 3047 1338 3099 insiderent
1352 3048 1580 3115 barbari,

508 3121 576 3171 ne
601 3128 839 3187 receptus
857 3123 1132 3189 haberent,
1153 3131 1210 3176 et
1232 3140 1299 3178 ne
1319 3126 1470 3178 facile
1487 3129 1581 3179 aut'

509 3209 578 3245 ex
600 3197 891 3264 propinquo
912 3199 1200 3267 lrrnmpere
1235 3212 1447 3269 possent
1468 3223 1581 3258 cas·

508 3274 638 3325 tella
669 3275 758 3326 illa
795 3274 1160 3350 Romanorum,
1181 3280 1231 3331 in
1271 3282 1387 3348 ripa
1408 3282 1580 3351 dispo·

508 3343 609 3403 sita
621 3352 736 3417 jam
757 3354 880 3405 olim
902 3351 968 3412 ab
991 3354 1249 3424 Augusto.
1500 3355 1503 3358 ’

571 3436 594 3463 ²
629 3430 729 3500 Qui
745 3432 983 3484 nationem
1005 3450 1109 3485 eam
1129 3435 1378 3501 regebant]
1427 3435 1579 3496 Licet

505 3513 742 3560 senatum
758 3498 829 3562 'et
863 3512 1005 3578 leges
1039 3515 1223 3566 Frisiis
1244 3514 1577 3580 imposuisset

507 3586 753 3651 Corbulo,
776 3595 948 3641 tamen
985 3593 1305 3658 regebantur
1343 3594 1449 3645 suis
1488 3607 1578 3659 pa-

506 3662 724 3729 triisque
743 3665 968 3731 legibus,¹
988 3679 1042 3720 et
1063 3685 1129 3720 ex
1153 3671 1358 3735 ingenio
1384 3672 1575 3738 gentis,

503 3733 694 3805 eamque
710 3743 955 3794 nationem
967 3746 1194 3810 regebant
1225 3747 1434 3813 quidam
1458 3763 1575 3812 pro·

505 3832 674 3884 ceres,
696 3834 788 3872 seu
821 3821 1084 3888 principes
1122 3826 1310 3890 gentis,
1343 3827 1393 3877 in
1430 3841 1576 3891 quan·

501 3903 605 3948 tam
644 3898 824 3953 scilicet
873 3903 1105 3954 Germani
1148 3909 1429 3970 regnantur,
1481 3905 1573 3972 qui

503 3991 712 4045 semper
755 3997 903 4032 acres
947 3998 1054 4035 suae
1111 3982 1368 4036 libertatis
1409 3999 1573 4035 asser-

502 4049 662 4107 tores.

514 4139 523 4154 ⁴
565 4135 835 4208 Er-antque
864 4137 940 4188 sic
972 4137 1050 4187 sui
1078 4137 1215 4203 juris
1237 4137 1330 4203 illi,
1353 4154 1415 4189 ac
1441 4137 1570 4190 socii

504 4210 654 4260 Rom.
678 4226 781 4262 non
804 4213 995 4263 subditi
1032 4215 1261 4281 proprie,
1294 4229 1393 4265 nec
1428 4230 1572 4282 mag·

501 4287 581 4338 uis
608 4285 815 4339 tributis
837 4291 1020 4355 spreti,
1035 4298 1128 4341 aut
1151 4293 1344 4344 attriti.
1560 4292 1566 4297 ’

568 4362 590 4434 f
637 4365 864 4420 Germani
898 4368 1243 4437 regnabantur]
1270 4365 1278 4398 ³
1308 4371 1393 4423 Sic
1433 4378 1565 4424 vett.

1663 2041 1717 2091 in
1752 2048 1978 2106 quantum
2016 2045 2245 2095 Germani
2274 2051 2567 2108 regnantum
2616 2063 2738 2114 qum

1665 2119 1917 2183 optimum
1941 2135 2147 2171 sensnm
2179 2121 2388 2173 habent.
2454 2123 2740 2189 Regebant-

1662 2196 1864 2248 scilicet
1886 2213 1998 2248 eam
2021 2199 2302 2263 nationem,
2336 2214 2398 2250 eo
2431 2215 2595 2263 more,
2632 2216 2733 2267 quo

1662 2273 1911 2324 Germani
1955 2277 2263 2343 regnabant,
2313 2280 2397 2328 vel
2442 2280 2553 2344 regi
2600 2281 2738 2330 sole·'

1664 2350 1812 2414 bant,
1834 2351 1931 2422 boc
1953 2360 2054 2416 est,
2068 2354 2225 2418 juxta
2245 2353 2559 2406 libertatem.

1727 2428 1828 2502 De.
1850 2429 2064 2481 Morib.·
2087 2430 2264 2486 Germ.
2296 2433 2312 2458 ⁴
2336 2432 2506 2483 Trans
2543 2432 2734 2501 Lygios

1663 2504 1932 2557 Gothones
1970 2514 2272 2573 regnantur,
2302 2511 2457 2575 paulo
2487 2511 2603 2576 jam
2646 2513 2735 2563 ad-

1661 2581 1870 2633 ductius
1909 2599 2063 2649 qnam
2106 2591 2297 2637 ceterae
2351 2588 2733 2641 Germanorum

1659 2667 1861 2727 gentes,
1885 2664 2111 2714 nondum
2136 2672 2310 2716 tamen
2333 2682 2491 2731 supra
2514 2668 2732 2720 liberta-

1660 2738 1803 2790 tem!
1868 2741 1938 2792 Et
1954 2756 2141 2807 supra:
2165 2744 2181 2771 ⁴
2198 2744 2450 2809 Exceptis
2473 2746 2733 2799 duntaxat

1658 2816 1720 2866 iis
1742 2817 2004 2882 gentibus,
2042 2835 2157 2886 quae
2183 2823 2500 2886 regnantur!
2585 2819 2732 2877 Hist.

1656 2892 1747 2944 lib.
1772 2908 1811 2945 1.
1848 2897 1864 2925 ‘
1890 2895 1966 2945 Ut
1998 2896 2050 2945 in
2085 2898 2275 2948 ceteris
2310 2897 2574 2966 gentibus,
2611 2917 2729 2967 quoe

1657 2973 1978 3037 regnantur!
2041 2975 2273 3037 Pie-hena.
2635 2981 2638 2988 '
2727 2977 2734 2984 '

1722 3049 1784 3098 Ia
1803 3056 2028 3114 quantam
2047 3051 2279 3103 Germani
2309 3053 2598 3119 regnantur]
2627 3055 2732 3105 Ta-

1653 3126 1787 3178 citus
1824 3129 1889 3179 de
1930 3129 2111 3181 Germ.
2135 3134 2213 3182 11.
2248 3132 2263 3160 ⁴
2290 3132 2431 3182 Illud
2469 3148 2537 3182 ex
2575 3133 2732 3185 liber-¹

1657 3209 1766 3256 tate
1791 3205 1989 3271 vitium,
2011 3208 2148 3274 quod
2172 3223 2275 3259 non
2298 3208 2468 3272 simul,
2485 3223 2583 3260 nec
2595 3211 2734 3276 :inssi

1654 3284 2010 3341 conveniunt!
2092 3287 2168 3350 Et
2188 3299 2305 3351 cap.
2324 3291 2377 3337 7.
2411 3286 2429 3316 ‘
2455 3287 2572 3337 Nec
2596 3281 2732 3355 regi-'

1655 3358 1751 3410 bus
1790 3355 1995 3412 infinita
2031 3366 2122 3413 aut
2160 3362 2326 3414 libera
2364 3368 2619 3429 potestas,
2671 3370 2727 3416 et

1655 3438 1815 3489 duces
1839 3441 2085 3505 exemplo
2116 3439 2291 3505 potins
2311 3451 2462 3507 quam
2482 3437 2728 3508 imperi0,‘

1656 3517 1756 3565 ὅτε.
1779 3522 2032 3579 praesunt.
2102 3517 2346 3582 Ceterum
2370 3517 2540 3584 neque
2564 3519 2726 3569 anim·-

1656 3585 1950 3656 advertere‚
1971 3587 2140 3656 neque
2176 3592 2394 3659 vincire,
2410 3608 2581 3661 neque
2614 3609 2726 3647 ver·

1654 3667 1839 3719 berare
1861 3667 2088 3735 quidem,
2108 3669 2208 3720 nisi
2230 3671 2593 3723 sacerdotibus
2612 3670 2728 3739 perl

1654 3731 1900 3797 missum:
1950 3762 2057 3798 non
2093 3748 2241 3813 quasi
2277 3749 2330 3799 in
2370 3764 2590 3815 poenam,
2626 3760 2723 3823 nee

1655 3823 1802 3874 ducis
1810 3824 1977 3889 jussu,
1995 3825 2087 3875 sed
2103 3825 2249 3877 velut
2262 3828 2379 3877 Deo
2394 3823 2743 3901 imperante}¹

1719 3902 1790 3952 Et
1824 3916 1941 3967 cap.
1964 3906 2048 3953 43.
2084 3903 2099 3932 ‘
2127 3903 2263 3955 Osos
2296 3907 2598 3956 Pannonica
2633 3906 2725 3957 lin²

1653 3994 1755 4044 gua
1777 3981 2012 4045 coarguit
2033 3983 2133 4030 non
2174 3991 2287 4032 esse
2326 3982 2635 4046 Germanos,
2668 3982 2723 4034 et

1653 4057 1790 4122 quod
1811 4057 2011 4109 tributa
2030 4058 2339 4124 patiuntur.'
2371 4061 2442 4112 Et
2460 4060 2526 4110 de
2542 4061 2721 4111 Germ’.

1653 4149 1768 4200 cap.
1807 4139 1889 4186 87.
1925 4135 1941 4163 ⁴
1967 4131 2151 4200 Regno
2189 4136 2400 4188 Arsacis
2433 4138 2602 4188 acrior
2642 4131 2719 4187 est

1652 4213 2031 4266 Germanorum
2052 4216 2306 4267 libertas!
2381 4229 2388 4236 ·
2608 4233 2613 4238 ·
2705 4211 2714 4236 ’“

1719 4292 1972 4359 Germani]
2004 4292 2143 4345 Vide
2159 4301 2317 4348 notas
2358 4296 2391 4345 1.
2427 4306 2510 4346 ιι.
2550 4310 2599 4347 ο.
2638 4284 2714 4345 ’1ΰῖ

1654 4370 1894 4422 Tillemon.
2151 4363 2156 4368 ’
2647 4387 2655 4397 ²
