3063 4952
2385 387 2561 459 2041

370 617 378 628 ,
427 556 537 621 74.
582 554 756 618 Tum
790 555 810 585 ‘
845 552 1020 615 dona
1053 556 1123 622 et
1149 555 1365 632 grates
1398 547 1606 613 Deis'⁵
1634 542 2128 611 decernuntur1‘
2173 547 2193 577 ‘
2224 542 2564 626 proprius,-

348 679 479 744 que
518 661 724 723 honos
781 655 969 732 Soli:
1026 656 1134 719 cui
1182 660 1284 718 est
1334 659 1527 717 vetus
1575 651 1754 717 aedes
1785 650 1965 734 apud
1996 650 2299 725 circum‚¹²
2329 647 2397 709 in
2426 664 2563 729 quo

345 750 609 827 facinus
669 761 1053 845 parabatur,
1098 761 1118 789 ‘
1149 758 1263 839 qui
1333 756 1629 820 occulta²
1693 753 2172 835 conjurationis
2235 750 2301 813 N
2306 749 2561 834 uminev

345 866 733 930 retexisset:
783 870 985 945 utque
1040 860 1454 925 Circensium
1505 856 1914 921 CerealiumW
1982 854 2300 920 ludicrum
2361 852 2566 936 pluri-

339 971 501 1033 bus¹
569 987 884 1051 equorum
944 964 1249 1027 cursibus
1312 962 1786 1025 celebraretur:
1850 959 2248 1039 mensisque³
2301 955 2561 1037 Aprilis

350 1068 619 1134 Neronis
690 1073 1195 1150 cognomentum
1232 1067 1602 1148 acciperet:
1651 1062 1964 1146 templum
2005 1060 2223 1124 Saluti
2254 1063 2556 1121 exstrue-

342 1180 521 1240 retur
549 1194 631 1237 eo
670 1174 862 1248 loci,y
912 1191 999 1234 ex
1054 1190 1188 1256 quo
1249 1169 1576 1233 Scevinus
1623 1167 1860 1231 ferrum
1905 1160 2310 1248 promserat.’
2400 1159 2563 1243 Ipse

340 420 611 486 scos]
671 446 682 488 .
1050 408 1461 470 Ariminum
1510 408 1656 456 me.
1704 408 1855 469 xv„

412 1340 535 1389 Tum
552 1345 797 1389 censentur
815 1338 1050 1399 donaria,
1070 1342 1124 1386 et
1143 1342 1315 1401 grates
1333 1336 1472 1398 Diis,
1489 1342 1646 1399 atque
1671 1333 1935 1398 proprium
1955 1332 2114 1380 decus
2124 1329 2247 1391 Soli,
2264 1328 2343 1391 qui
2354 1328 2563 1390 priscum

347 1404 589 1453 delubrum
605 1405 742 1452 habet
757 1405 805 1452 in
828 1404 984 1465 Circo,
996 1419 1082 1466 quo
1093 1404 1207 1451 loco
1215 1405 1366 1451 caedes
1380 1402 1724 1463 destinabatur,
1735 1399 1886 1463 utqui
1899 1395 2225 1447 clandestina
2237 1395 2428 1443 consilia
2437 1392 2564 1442 faci-

343 1469 585 1518 noris-suo
610 1470 818 1517 numine
833 1472 1151 1532 aperuisset:
1173 1474 1547 1531 statutumque,
1578 1474 1636 1516 ut
1651 1467 1922 1516 Circenses
1941 1461 2049 1511 ludi
2064 1460 2308 1510 Cereales
2329 1458 2563 1522 pluribus

346 1549 592 1599 equorum
613 1535 845 1583 cursibus
871 1534 1178 1595 ederentur3
1198 1532 1454 1596 etAprilis
1476 1532 1661 1581 mensis
1686 1530 1935 1579 vocabulo
1957 1528 2164 1577 Neronis
2179 1526 2560 1588 appellaretur:

344 1597 524 1649 fanum
543 1600 711 1649 Saluti
736 1606 1058 1650 statueretur
1078 1614 1139 1648 eo
1162 1599 1300 1661 loco,
1315 1613 1381 1647 ex
1404 1612 1505 1662 quo
1526 1597 1775 1647 Scevinns
1800 1595 2073 1660 pugionem
2099 1593 2420 1640 detraxerat.
2455 1588 2564 1653 Ipse

1274 1710 1632 1729 ‘OOOUO‘OOOO‘

375 1829 380 1833 .
414 1785 440 1829 1
480 1780 753 1831 Brotierus
779 1780 921 1831 delet
940 1782 1268 1842 decernuntur,
1301 1784 1546 1829 monente
1583 1778 1793 1841 Lipsio:
1837 1776 1928 1825 sed
1965 1789 2142 1824 omnes
2179 1771 2310 1820 editi
2333 1773 2562 1820 servant·

343 1850 444 1894 —2
481 1845 659 1909 Certe,
680 1861 794 1895 cum
808 1846 921 1895 haec
934 1846 1127 1909 relego,
1142 1846 1286 1893 honos
1303 1843 1421 1907 Soti,
1444 1845 1519 1893 cui
1541 1850 1611 1894 est
1633 1848 1769 1893 vetus
1788 1845 1913 1891 cedes
1933 1877 1945 1891 .
1965 1876 1977 1891 .
1998 1876 2011 1889 .
2035 1875 2047 1889 .
2065 1840 2119 1888 in
2141 1853 2228 1901 quo
2235 1836 2432 1897 facinus
2448 1869 2460 1883 .
2481 1868 2494 1882 .
2514 1868 2529 1882 .
2547 1861 2562 1876 ·

345 1911 429 1976 qui
451 1912 648 1972 occulta,
687 1912 730 1959 si
752 1911 949 1959 librarii
974 1912 1097 1959 nihil
1121 1917 1429 1977 peccarunt,
1454 1909 1748 1959 accusanda
1775 1907 1949 1959 Taciti
1975 1904 2319 1966 indiligentia.
2386 1900 2565 1961 Ignos-

345 1975 569 2025 eendum
595 1983 785 2039 tamen,
818 1978 832 2004 ‘
860 1976 1200 2040 Quandoque
1231 1975 1392 2025 bonus
1417 1976 1668 2025 dormitat
1703 1970 2000 2022 Homerus!
2035 1969 2346 2018 Breuem—3
2381 1964 2569 2013 Mensis

270 2056 280 2066 ·
345 2043 523 2112 quoqne
544 2040 734 2105 Aprilis
779 2042 910 2090 MsS.
953 2043 1082 2104 Reg.
1118 2040 1277 2090 Corb.
1301 2048 1358 2090 et
1380 2040 1542 2090 editio
1565 2040 1830 2105 princepS,
1852 2036 1998 2088 etsie
2020 2034 2293 2084 Brotierus
2315 2045 2434 2081 cnm
2459 2028 2567 2079 Ho-

1342 2202 1556 2258 NOTAE

350 2325 441 2372 cet
484 2334 664 2383 parum
702 2319 844 2369 coniti
875 2318 927 2367 in
962 2318 1191 2382 speciem
1215 2318 1422 2368 videan-

351 2404 459 2460 tur,
484 2399 533 2446 in
573 2404 767 2461 mente,
793 2398 844 2445 in
886 2412 942 2446 re
976 2404 1151 2445 tamen
1175 2393 1422 2447 efficacis-

348 2474 464 2524 simi
486 2483 606 2524 snnt
629 2491 643 2536 ;
670 2482 724 2523 et
745 2473 796 2523 hi
821 2480 967 2524 certe
986 2473 1215 2537 palatum
1239 2473 1423 2538 magis-

350 2559 550 2602 trorum
583 2553 731 2618 hujus
757 2551 856 2601 aevi
881 2552 1313 2616 longesuperant
1345 2558 1423 2601 at-

348 2643 456 2695 que·
469 2629 795 2693 praecellunt.

415 2708 583 2756 Vetus
629 2711 684 2755 et
739 2706 1206 2771 manuscriptorum
1263 2707 1419 2757 lectio

348 2785 501 2844 haec;
546 2783 766 2848 ideoque
805 2799 944 2849 vera,
965 2790 1057 2834 aut
1088 2795 1233 2836 certe
1265 2786 1419 2851 longe

348 2860 524 2910 verior
576 2875 636 2910 ac
677 2860 887 2922 certior,
932 2877 1087 2926 qnam
1128 2877 1205 2912 eae
1262 2863 1420 2913 variae

348 2935 622 3000 lectiones,
646 2952 771 3002 quas
795 2939 992 2989 cudunt
1024 2955 1086 2990 ac
1120 2939 1422 3005 confingunt

331 3017 492 3066 ultro
509 3021 702 3065 nostrae
718 3018 891 3066 aetatis
913 3018 1247 3082 interpretes.

416 3100 435 3124 ⁸
471 3093 651 3143 Grates
690 3093 834 3157 Deis]
890 3095 1049 3144 Forte
1109 3103 1164 3145 et
1213 3097 1422 3161 imagini

352 3187 483 3235 suae,
505 3188 537 3220 a
571 3187 672 3236 qna
692 3172 789 3220 sibi
813 3171 990 3236 detegi
1012 3173 1221 3224 insidias
1243 3175 1421 3225 crede-

352 3251 465 3311 bat,
482 3250 566 3305 vel
588 3248 837 3312 fingebat.
1025 3234 1048 3243 ⁹

365 3374 394 3389 .,
416 3327 561 3378 Suet.
587 3327 715 3377 Ner.
739 3331 821 3377 56.
867 3325 1203 3383 flcimculani
1227 3331 1421 3392 puella*-

349 3418 485 3467 rem,
533 3419 648 3454 cum
704 3403 851 3467 quasi
895 3404 1424 3461 remediumlinsidia·

352 3497 468 3533 rum
508 3497 540 3531 a
562 3480 769 3545 plebeio
792 3481 1016 3545 quodam
1039 3489 1097 3531 et
1117 3481 1294 3545 ignoto
1317 3498 1424 3532 mu-

287 3582 306 3611 κ
353 3558 467 3609 neri
526 3559 833 3621 accepisset,
888 3557 1101 3607 detecta
1154 3556 1422 3609 confestim

354 3635 738 3700 conjuratione,
795 3634 891 3698 pro
948 3649 1143 3682 summo
1179 3636 1430 3698 numine,

355 3713 609 3778 trinisque
631 3715 684 3761 in
708 3712 791 3761 die
815 3710 1082 3761 sacrificiis
1106 3713 1277 3762 colere
1309 3728 1425 3777 per·

356 3791 631 3845 severavit.

358 3867 502 3933 tione
518 3867 629 3932 ejus
653 3865 830 3915 futura
848 3865 1213 3929 praenoscere.'

383 3944 390 3951 ’
425 3944 708 3994 Amazonem
746 3950 898 3992 vocat
931 3943 1136 3993 Plinius
1167 3958 1279 3994 eam
1304 3945 1427 3994 ima-

359 4020 551 4085 ginem,
588 4034 742 4084 quam
794 4018 1193 4070 circumferebat
1236 4021 1427 4084 passim

361 4099 527 4159 Nero,
549 4111 872 4162 quocumque
896 4097 1016 4148 iret.

424 4175 442 4207 ⁸
472 4173 825 4236 Decernuntur]
879 4172 1190 4224 Adulterina
1214 4176 1305 4227 illa
1327 4191 1428 4225 vox

359 4249 583 4301 delenda
627 4246 926 4300 estz'facta
966 4247 1068 4299 fuit
1101 4265 1168 4300 ex
1204 4251 1428 4319 praeced.

361 4341 496 4387 voce
530 4328 736 4392 decreta,
770 4339 885 4392 quae
920 4323 1129 4379 sufficit.
1196 4329 1333 4382 Nam
1353 4329 1430 4382 ibi

1502 2320 1692 2367 decreta
1710 2318 1849 2374 dona,
1867 2319 2040 2379 grates
2060 2311 2210 2374 Deis,
2225 2306 2569 2373 propriusque

1501 2396 1665 2445 honos
1679 2393 1808 2455 Soli,
1820 2396 1961 2454 utque
1987 2388 2294 2449 Circensium,
2314 2387 2412 2433 ὅτε.

1525 2526 1528 2527 ⁷
1550 2470 1842 2535 alterutra
1863 2482 1960 2518 vox
1984 2462 2262 2530 superflua,
2306 2459 2390 2510 vel
2410 2460 2565 2509 decre-

1502 2556 1575 2613 ta,
1593 2549 1677 2600 vel
1698 2549 2026 2597 decernuntur.

1568 2634 1592 2659 ¹¹
1622 2626 1773 2676 AEdes
1792 2623 1916 2686 apud
1942 2617 2158 2680 Circum]
2209 2616 2296 2665 De
2320 2627 2421 2678 qua
2439 2611 2568 2661 Ter-

1502 2704 1750 2755 tullianus
1772 2700 1946 2751 libello
1968 2698 2035 2746 de
2070 2691 2401 2760 spectaculis.
2450 2689 2566 2753 Lip-

1501 2796 1618 2830 sius.

1565 2865 1588 2891 v
1623 2855 1853 2919 Numine]
1917 2852 2006 2902 De
2060 2847 2177 2900 Sole
2223 2843 2364 2895 Plin.
2406 2855 2489 2907 11.,‚
2516 2845 2568 2892 6.

1502 2936 1715 2994 (Hunc
1753 2931 1932 2982 mundi
1979 2943 2090 2978 esse
2142 2924 2303 2975 totius
2342 2919 2566 2971 animum

1504 3028 1567 3062 ac
1602 3011 1804 3076 planius
1825 3013 2078 3057 mentem:
2117 3004 2254 3051 hunc
2279 2996 2568 3063 principale

1501 3099 1701 3142 naturae
1744 3088 1976 3153 regimen
2021 3098 2082 3134 ac
2124 3093 2311 3131 numen
2355 3075 2575 3126 credere

1501 3170 1671 3231 decet,
1695 3180 1859 3230 opera
1877 3158 1990 3227 ejus.
2010 3153 2362 3216 aestimantes‚'
2383 3157 2484 3202 διο.

1566 3245 1581 3272 ‘
1604 3244 1707 3294 Hic
1725 3256 1870 3291 sunm
1888 3240 2060 3287 lumen
2079 3235 2269 3285 ceteris
2285 3244 2488 3296 qnoque
2504 3227 2570 3281 si-

1503 3320 1713 3371 deribus
1734 3317 1971 3375 foenerat,
2002 3312 2302 3376 praeclarns,
2333 3306 2572 3370 eximius,

1504 3399 1677 3451 omnia
1713 3398 1936 3456 intuens,
1971 3391 2144 3441 omnia
2171 3389 2327 3443 etiam
2358 3383 2572 3435 exaudi·

1505 3492 1619 3539 enS,
1662 3482 1720 3526 ut
1770 3470 1995 3538 principi
2035 3469 2301 3518 literarum
2334 3463 2569 3513 Homero

1505 3553 1759 3618 placuisse
1781 3551 1835 3599 in
1857 3563 1957 3614 uno
1980 3561 2043 3596 eo
2069 3541 2252 3595 video!

1570 3639 1603 3664 V
1640 3626 1928 3690 Cerealium]
1960 3624 2099 3689 Quia
2118 3622 2230 3672 scil.
2253 3620 2390 3669 ludis
2411 3618 2568 3669 Cere-

1505 3709 1578 3763 ris
1617 3706 1809 3773 exequi
1829 3703 2026 3754 facinus
2045 3701 2436 3752 destinaverant
2453 3709 2574 3745 con·

718 3788 1050 3854 volebatque
1087 3789 1232 3840 credi
1267 3791 1427 3840 moni·
1497 3787 1685 3852 jurati,
1713 3799 1875 3849 supra
1909 3786 1992 3832 63.
2027 3778 2301 3830 ‘Tandem
2336 3782 2571 3826 statuere

1508 3865 1825 3927 Circensium
1866 3861 2104 3910 ludorum
2134 3857 2240 3917 die,
2265 3868 2365 3918 quo
2388 3851 2572 3904 Cereri

1507 3940 1820 4002 celebratur,
1837 3935 2024 4001 exequi
2047 3930 2343 3983 destinata?

1568 4023 1596 4049 ¹
1612 4012 1864 4076 Pluribus]
1906 4010 2150 4061 Pluribus
2165 4008 2401 4058 cursibus
2412 4021 2593 4072 equo-,

1508 4107 1622 4144 rum
1646 4092 1931 4154 collegam,
1951 4102 2104 4154 quam
2144 4100 2236 4151 pro
2272 4099 2414 4135 more
2436 4086 2573 4137 cele-

1505 4169 1647 4229 brari
1667 4170 1872 4218 soleret.
2239 4199 2243 4204 .
2562 4194 2572 4197 „

1571 4251 1596 4289 5
1630 4246 1707 4296 Eo
1739 4243 1852 4307 loci]
1881 4242 2052 4307 Supra
2077 4245 2160 4292 53.
2196 4240 2212 4268 ‘
2238 4240 2440 4291 Primas
2468 4238 2573 4291 sibi

1507 4329 1689 4391 partes
1713 4321 2080 4388 expostulante
2112 4318 2352 4384 sewino,
2373 4316 2460 4383 qui
2482 4331 2574 4382 pu-
