3063 4952
520 391 699 463 1812

1236 408 1306 457 (Σ.
1353 405 1725 455 com-mnu
1772 404 2034 456 TAm'rr

2345 486 2351 493 4
2417 409 2513 478 [Α.
2535 408 2605 465 u.
2625 407 2742 467 uo.

514 558 888 633 testaretur,
908 569 1420 636 communesque
1435 556 1457 587 ‘
1469 548 2087 630 GermanicoS,'⁴⁶et
2096 555 2436 635 postremo
2454 554 2479 586 ‘
2491 549 2735 639 Agrip·

518 703 671 790 modo
692 750 923 788 sororem
939 735 1188 801 principis,
1209 738 1257 786 et
1277 735 1594 786 obtestaretur
1612 750 1876 824 mumma
1897 735 2236 787 Germanicos
2259 741 2306 786 et
2331 737 2525 788 demum
2547 735 2738 804 Agrip-

1446 886 1626 908 OOOOO

1628 884 1804 908 emec»

511 985 625 1049 ipse
651 980 853 1034 Tullius
876 996 972 1045 pro
993 981 1210 1041 Milone,
1233 996 1280 1030 c.
1304 984 1385 1031 37.
1409 984 1426 1011 ⁸
1450 980 1759 1046 Ab·1is,qui
1782 981 2006 1032 maxime
2035 981 2101 1031 Ρ.
2129 981 2298 1035 Clodii
2322 988 2496 1033 morte
2528 982 2737 1050 acquie'·

513 1049 678 1101 runt?
741 1049 1055 1101 Erotion-4
1089 1048 1174 1098 Ita
1190 1049 1318 1098 Mss.
1345 1048 1484 1099 Flor.
1506 1046 1635 1112 Agr.
1653 1047 1913 1098 editiones
1947 1054 2152 1099 veteres
2175 1056 2231 1099 et
2261 1050 2604 1100 recentiores.
2668 1049 2739 1101 In

1502 1201 1717 1254 NOTAE

579 1323 603 1350 ⁴²
623 1317 983 1380 communesque
1008 1316 1300 1383 Germanici]
1322 1314 1582 1381 Accipere
1662 1315 1954 1382 Agrippina
1994 1306 2234 1369 Octav‘iae
2281 1319 2509 1367 nov'erca
2551 1303 2736 1380 fuerit,

514 1395 999 1484 possis,appellasse
1015 1394 1290 1446 Octaviam
1311 1395 1475 1459 patris
1493 1409 1582 1445 no·
1664 1410 1779 1459 quae
1801 1395 1940 1445 enim
1974 1395 2082 1445 haec
2105 1393 2444 1460 conjunctio?
2474 1392 2569 1444 sed
2590 1393 2737 1460 quod

511 1484 653 1534 men,
691 1472 777 1536 qui
815 1471 1156 1522 Germanicus
1198 1471 1389 1535 dictus,
1409 1473 1488 1523 uti
1524 1481 1582 1524 et
1662 1471 1985 1522 consobrina.

511 1546 678 1598 Nero.
729 1548 1011 1598 Commune
1043 1549 1207 1612 igitur
1239 1550 1445 1615 utrique
1489 1566 1579 1601 no-

510 1718 889 1767 conununesque3
924 1709 1046 1753 nata
1083 1703 1209 1752 mihi
1246 1704 1428 1766 lectio,
1468 1721 1576 1755 cum

511 1795 758 1844 manesque
792 1780 1044 1842 germani.-
1076 1785 1136 1829 ut
1157 1779 1371 1830 fratrem
1396 1782 1575 1846 appel-

509 1857 702 1907 laverit
723 1857 1003 1921 sublatum‚
1030 1863 1086 1906 et
1124 1857 1314 1907 deinde
1335 1865 1575 1911 matrem.

509 1933 720 1998 Lipsius.
781 1933 1031 1996 Matrem,
1070 1939 1131 1983 ut
1167 1949 1354 2000 nempe
1394 1936 1576 2001 Agrip-

504 2008 638 2074 pinoe
657 2023 822 2059 nomen
841 2008 1004 2060 cieret.

577 2085 939 2150 communesque
979 2087 1276 2152 Germanici]
1323 2089 1575 2141 Restitui-

506 2178 652 2225 mns3
673 2163 1320 2233 ComtnunequessGev-manici,
1336 2172 1382 2216 et
1393 2173 1577 2231 postre-

505 2255 581 2290 mo
599 2239 882 2304 Agrippinae
901 2255 1065 2289 nomen
1086 2242 1247 2292 cieret.
1281 2243 1575 2294 Rhenanus.

571 2316 711 2367 Cave
751 2323 938 2379 mutes,
986 2318 1329 2382 Communeque
1372 2320 1572 2371 Germa·

503 2395 622 2445 nici.
659 2395 913 2445 Commune
937 2393 1173 2445 Octaviae
1201 2410 1318 2445 cum
1362 2398 1572 2448 Nerone

503 2486 691 2523 nomen
713 2471 1149 2539 Germanici‚⁴qui
1188 2472 1385 2523 Neroni
1427 2490 1570 2538 avus,

505 2548 743 2600 Octaviae
815 2555 1064 2614 patrnu83
1133 2566 1369 2600 commune
1443 2552 1570 2601 item

503 2624 831 2694 Agrippinae,
845 2642 960 2692 quae
983 2627 1182 2676 Neroni
1201 2634 1384 2690 mater,
1407 2628 1571 2679 Octa

501 2703 601 2756 viae
624 2705 892 2768 patruelis,
913 2710 968 2754 et
992 2710 1211 2769 propter
1233 2704 1438 2764 Claudii
1463 2720 1569 2755 ma·

503 2780 816 2843 trimonium,
836 2781 1012 2829 matris
1035 2781 1167 2831 loco.
1223 2783 1483 2833 Mero-erus.

566 2856 688 2906 Non
713 2872 842 2906 unus
869 2863 1066 2906 tantum
1086 2857 1187 2908 fuit
1209 2860 1568 2927 Germanicus,

500 2932 595 2983 sed
616 2933 837 2995 Drusus,
857 2933 945 2997 qui
983 2933 1177 2997 primus
1201 2936 1254 2985 id
1279 2951 1565 3001 cognomen

502 3010 727 3075 peperit,
744 3018 847 3061 tam
870 3012 967 3061 sibi
993 3028 1140 3076 quam
1164 3014 1281 3064 filiis
1304 3015 1355 3064 id
1381 3018 1567 3081 quaesi-

500 3086 594 3136 vit.
661 3088 813 3137 Clare
845 3087 946 3136 Dio
972 3090 1193 3154 princip.
1218 3093 1400 3143 l.1.v.‘
1428 3095 1566 3144 Dru-

500 3179 587 3214 sus
613 3178 712 3234 una
730 3179 846 3215 cum
871 3165 988 3214 filiis
1014 3165 1356 3242 Germanicus
1387 3171 1566 3233 appel-

497 3240 669 3307 latus,’
680 3255 869 3307 nempe
893 3258 924 3293 a
948 3232 1132 3293 senatu'
1153 3243 1266 3309 ipso
1291 3252 1410 3310 post
1430 3260 1564 3296 mor-

498 3324 621 3372 tem.

559 3395 671 3454 Iste
711 3411 836 3461 ergo
888 3397 1087 3448 Drusus
1147 3404 1257 3449 tam
1318 3400 1560 3453 Octaviae

495 3487 649 3539 quam
705 3476 905 3546 Neroni
957 3490 1079 3527 vere
1135 3485 1293 3542 atque
1347 3478 1560 3542 proprie

490 3552 768 3615 communis,
791 3567 905 3602 cum
937 3554 1071 3604 illius
1104 3570 1229 3604 avus
1265 3567 1432 3616 esset;
1466 3555 1558 3605 hn-

478 3628 573 3693 jus
604 3628 811 3682 abavus.
877 3631 1122 3681 Claudius
1153 3633 1309 3681 etiam
1349 3632 1556 3697 utrique

488 3706 762 3769 communis,
783 3707 860 3757 1111
882 3715 1089 3770 natura
1118 3708 1236 3757 hnic
1277 3709 1556 3773 adoptione

488 3788 670 3847 pater:
708 3784 831 3849 quin
870 3790 925 3834 et
968 3786 1027 3835 C.
1052 3784 1228 3834 Caesar
1251 3800 1402 3849 quem
1444 3798 1557 3848 pro-

485 3860 601 3925 prie
631 3851 999 3913 Germanicum
1039 3869 1379 3927 vocaverunt,
1418 3863 1555 3912 illius

488 3944 720 4003 patruus,
740 3939 887 4003 hujus
909 3954 1052 3988 avus.

551 4017 684 4069 Quae
712 4032 832 4067 vero
856 4022 1141 4083 sequuntur
1164 4016 1230 4065 de
1252 4015 1557 4082 Agrippinae

466 4095 707 4153 nomine,
723 4109 826 4145 nou
851 4095 924 4144 ita
940 4094 1241 4158 accipienda
1255 4099 1391 4155 sunt,
1410 4084 1557 4159 quasi

488 4174 545 4218 et
585 4169 711 4218 illud
750 4171 997 4220 ambobus
1039 4186 1277 4220 commune
1308 4185 1437 4233 esse,
1471 4171 1554 4220 vel

487 4244 708 4295 Octavia
729 4248 813 4296 vel
828 4248 1046 4297 Tacitus
1069 4248 1355 4298 voluerint:
1381 4239 1566 4316 quam-⁷

488 4321 567 4373 vis
589 4321 663 4375 ita
683 4324 1010 4390 potuissent3
1045 4323 1148 4377 non
1181 4325 1389 4392 quidem
1413 4321 1553 4393 q'uod

1725 1550 1826 1599 Sed
1866 1549 1942 1599 ita
1981 1549 2237 1615 gradatim
2282 1547 2347 1598 ad
2393 1547 2602 1598 ultimas
2640 1547 2738 1598 ob-

1655 1713 1774 1751 nem
1803 1701 2231 1753 commonefaciat
2268 1700 2572 1761 arctissima».
2609 1715 2737 1751 con·

1654 1778 2038 1842 sanguinitatis,
2060 1794 2173 1844 quae
2197 1777 2474 1826 inter-illos
2497 1782 2658 1827 esset.

1717 1854 1930 1906 Deinde
1947 1850 2003 1906 e‘t
2019 1856 2185 1920 ipsam
2207 1853 2551 1919 Agrippinam
2573 1862 2740 1905 testa·

1655 1936 1759 1992 tur,
1774 1937 1989 1996 oratque
2008 1932 2295 1993 Neronem,
2308 1936 2368 1978 ut
2384 1931 2572 1980 saltem
2592 1929 2739 1982 illius

1653 2006 1945 2058 institutum
1990 2014 2240 2068 tueretur,
2260 2007 2345 2056 cui
2387 2014 2442 2056 et
2475 2005 2578 2071 ipsi
2605 2009 2738 2073 qui-

1654 2085 1808 2135 dem
1793 2087 1959 2136 invisa
1987 2085 2167 2148 fuerit,
2190 2083 2281 2135 sed
2307 2084 2501 2155 absque
2517 2084 2732 2138 exitio:

1653 2179 1710 2214 se
1744 2171 2044 2216 contentam
2074 2154 2185 2215 fore
2215 2164 2476 2228 deinceps
2479 2163 2586 2214 ista
2607 2179 2738 2215 con·

1654 2242 1873 2305 ditione,
1909 2250 1963 2293 et
2002 2242 2209 2292 nomine
2242 2241 2413 2291 viduae
2435 2255 2493 2290 se
2527 2242 2736 2307 uxoris,

1653 2321 1697 2370 si
1750 2322 1913 2371 liceat
1973 2322 2048 2371 sic
2103 2321 2301 2382 vivere,
2359 2334 2465 2384 qua
2512 2319 2733 2370 vivente

1651 2396 1968 2463 Agrippina,
1986 2397 2176 2448 misere
2194 2395 2402 2461 quidem
2425 2401 2482 2445 et
2503 2394 2730 2447 infelici·

1651 2482 1753 2538 ter,
1769 2474 1869 2525 sed
1887 2482 2062 2525 tamen
2085 2472 2318 2524 vixisset.
2375 2470 2682 2523 Freinshem·

1718 2553 2016 2617 Communes]
2074 2553 2349 2602 Communes
2396 2550 2733 2615 Germanicos,

1648 2631 1868 2699 ideoque
1892 2646 1949 2681 se
1970 2644 2198 2680 sororem
2234 2627 2460 2677 Neronis
2494 2627 2742 2702 testaba2

1651 2717 1753 2773 tur,
1778 2724 1879 2759 non
1917 2723 2149 2758 uxorem.
2216 2708 2421 2756 Drusus
2452 2702 2624 2755 frater
2645 2683 2742 2754 Ti-

1647 2785 1781 2836 berii
1824 2784 2142 2835 Germanicus
2176 2782 2490 2846 appellatus.
2579 2780 2729 2831 Dein

1647 2863 1805 2912 Drusi
1844 2861 1980 2911 filius
2019 2858 2348 2919 Germanicus,
2377 2857 2537 2907 etiam
2565 2857 2728 2907 (nan-

1646 2934 1763 2989 dius
1797 2947 1949 3003 pater
1982 2936 2243 2997 Octaviae,
2280 2933 2369 2999 qui
2400 2929 2728 2983 frater-Ger.

1646 3016 1858 3079 manici,
1890 3022 1946 3066 et
1989 3015 2103 3079 ipse
2147 3010 2477 3062 Britannicus
2512 3009 2725 3061 Claudii

1646 3093 1781 3143 filius
1805 3098 2016 3143 vocatus
2034 3089 2182 3140 initio
2204 3087 2535 3139 Germanicus.

1710 3171 1796 3220 Sic
1821 3176 2035 3234 patruus
2057 3158 2157 3218 fuit
2176 3161 2417 3218 Octaviae
2442 3165 2726 3215 Germani

1644 3262 1758 3310 cus,
1781 3246 1868 3311 qui
1891 3252 1947 3296 et
1969 3241 2095 3295 avus
2116 3235 2367 3295 Neronis.
2409 3244 2480 3291 Et
2504 3242 2582 3293 sic
2604 3243 2719 3293 sive

1643 3338 1813 3373 sumas
1836 3323 1903 3373 de
1935 3323 2123 3383 Druso,
2146 3320 2212 3369 de
2249 3320 2587 3384 Germanico,
2630 3322 2720 3371 vel

1642 3400 1882 3463 Claudio,
1902 3400 1984 3449 vel
2011 3398 2214 3448 Claudii
2242 3395 2347 3446 filio
2370 3396 2537 3448 fratre
2558 3398 2722 3449 Octa·

1641 3478 1761 3540 viae,
1800 3485 1943 3528 certe
1971 3489 2231 3525 communes
2262 3474 2471 3539 utrique
2512 3475 2717 3525 Germa-

1636 3555 1753 3605 nici.
1818 3555 2015 3617 Magna
2036 3554 2156 3602 olim
2186 3550 2412 3614 nomina,
2442 3551 2540 3601 sed
2578 3566 2718 3603 nunc

1637 3647 1772 3681 vana
1804 3637 1860 3681 et
1897 3628 2126 3680 invalida
2166 3629 2411 3678 adversus
2436 3627 2636 3677 crimen
2657 3629 2718 3678 et

1637 3708 1893 3758 saevitiam
1918 3706 2157 3756 Neronis.

1704 3784 2037 3847 Germanicos]
2072 3777 2271 3832 Omnes
2313 3780 2423 3831 fere
2470 3782 2711 3833 Caesares

1638 3870 1757 3928 post
1779 3861 2071 3925 Augustum
2103 3868 2161 3910 et
2197 3856 2463 3909 Tiberium
2504 3860 2708 3910 Genna-

1634 3940 1733 3987 nici
1757 3938 2003 4003 appellati
2025 3942 2082 3987 et
2119 3935 2408 4000 praesertim
2446 3937 2713 3985 Britanni-

1637 4029 1747 4078 cus,
1787 4015 1875 4080 qui
1920 4020 2044 4064 ante
2089 4012 2406 4074 triumphum
2439 4012 2708 4062 Britanni-

1635 4107 1773 4152 cum,
1797 4081 2111 4140 Germanicus
2146 4089 2535 4154 appellabatur.
2596 4090 2705 4139 Sed

1640 4159 2027 4218 Germanicorum
2067 4166 2227 4229 forte,
2267 4159 2401 4216 sicut
2437 4173 2493 4216 et
2514 4165 2710 4231 Agrip·

1635 4246 2001 4310 pinaenomen,
2022 4243 2195 4293 ciebat
2219 4242 2455 4306 Octavia,
2478 4247 2583 4294 non
2601 4258 2706 4293 mo-

1632 4321 1701 4373 do
1736 4318 1874 4372 forte
1920 4321 2161 4385 caritate,
2183 4325 2241 4371 et
2275 4319 2425 4386 quasi
2456 4319 2513 4372 in
2544 4320 2705 4373 subsi-
