3063 4952
587 421 767 495 1996

588 589 766 653 dicio
812 585 1171 670 Epicharin
1219 585 1503 658 attineri,
1555 588 1871 667 ratusque
1929 585 2246 649 muliebre
2293 606 2539 671 corpus
2586 591 2804 672 impar

591 691 854 766 dolori,⁸
894 687 1281 751 ‘tormentis
1324 686 1671 749 dilacerari
1696 685 1713 707 ⁹
1746 688 1960 770 jubet.
2053 686 2146 752 At
2192 691 2373 753 illam
2405 711 2545 753 non
2573 692 2805 753 verbe-

589 811 691 869 ra,
740 811 870 855 non
901 793 1103 867 ignes,
1157 801 1280 851 non
1313 790 1408 850 ira
1437 809 1517 850 eo
1567 790 1789 850 acrius
1821 793 2290 872 torquentium,
2333 812 2419 854 ne
2448 813 2493 855 a
2523 796 2806 858 foemina

593 901 1067 978 spernerentur,
1123 894 1480 975 pervicere,
1528 895 1685 974 quin
1735 893 1998 976 objecta
2039 894 2409 976 denegaret.
2503 895 2626 958 Sic-
2671 898 2805 979 pri-

589 1016 740 1059 mus
781 996 1170 1078 quaestionis
1221 995 1363 1057 dies
1393 1002 1779 1058 contemtuS.
1872 995 2176 1072 Postero,
2228 1018 2377 1060 oum
2409 998 2496 1060 ad
2530 1000 2800 1062 eosdem

591 1100 927 1162 cruciatus
999 1100 1420 1160 retraheretur
1476 1101 1831 1180 gestamine
1892 1099 2129 1177 sellae,⁸
2204 1099 2392 1184 (nam
2454 1101 2801 1166 dissolutis

590 1201 902 1263 memhris
949 1202 1248 1264 insistere
1297 1199 1650 1284 nequibat)
1692 1203 1916 1266 vinclo
1961 1203 2213 1279 fasciae,
2256 1223 2463 1295 qnam
2516 1204 2802 1285 pectori*

589 1301 985 1380 detraxerat,
1017 1303 1083 1365 in
1121 1303 1392 1367 modum
1422 1303 1641 1386 laquei
1673 1304 1756 1366 ad
1803 1324 2029 1368 arcum
2061 1305 2244 1369 sellae
2273 1307 2604 1383 restricto,
2635 1307 2801 1369 indi-

590 1405 690 1471 dit
738 1408 1089 1484 cervicem,
1137 1414 1224 1485 et,
1273 1409 1577 1490 corporis
1624 1409 1914 1491 pondere
1962 1411 2298 1487 connisa,¹
2352 1418 2621 1473 tenuem
2660 1412 2801 1495 jam
2845 1448 2849 1451 ·

1281 439 1347 490 c.
1393 433 1585 488 conr<
1603 439 1748 488 Emi
1801 433 2053 488 ‘raom
2483 434 2578 510 [Ᾱ.
2599 438 2674 497 U.
2694 446 2812 497 819.

595 1622 791 1687 Volusii,
802 1626 1076 1685 ριιίαπεφιε,
1085 1620 1361 1681 soemineuni
1380 1637 1547 1685 corpus
1563 1623 1793 1671 cruciatui
1815 1624 1969 1687 impar
1989 1622 2119 1683 fore,
2137 1624 2409 1674 tormentis
2434 1641 2539 1674 eam
2560 1625 2801 1675 dilaniari

573 1688 733 1747 Jubet.
798 1687 894 1737 Sed
915 1689 1065 1747 illam,
1086 1702 1232 1750 neque
1250 1682 1841 1751 plagae„nequeflammae,
1872 1689 2173 1752 neqnesuror
2208 1691 2561 1756 ministrorum
2598 1707 2655 1739 eo
2677 1697 2799 1740 utro·

586 1754 688 1801 cius
707 1753 1012 1809 servientium,
1047 1768 1106 1800 ne
1139 1769 1167 1800 a
1200 1752 1393 1800 muliere
1415 1758 1836 1813 contemnerentur,
1868 1760 2126 1814 extorsere,
2165 1758 2277 1817 quin
2301 1756 2593 1818 exprobrata
2619 1756 2801 1822 inficia-

587 1822 735 1867 retur.
799 1818 884 1866 Sic
899 1818 1084 1879 primus
1105 1809 1437 1866 tormentorum
1456 1820 1559 1866 dies
1588 1818 1641 1866 ιἰι
1663 1819 1858 1866 irritum
1879 1820 2017 1869 abiit.
2087 1821 2349 1882 Postridie,
2387 1837 2492 1869 cum
2516 1824 2581 1869 ud
2604 1824 2801 1870 eunden

586 1883 886 1943 quoestionem
907 1896 1070 1930 rursus
1090 1888 1350 1944 raperetur,
1371 1888 1423 1931 et
1441 1883 1705 1942 gestatoria
1721 1884 1832 1931 sella
1853 1883 2150 1933 deferretur
2173 1886 2378 1948 (quippe
2395 1887 2653 1935 distractis
2668 1888 2803 1935 luxa·

587 1947 740 2008 eisque
760 1947 993 2004 membris,
1014 1961 1098 1993 uec
1116 1952 1261 2011 stare,
1295 1962 1391 1996 nec
1414 1947 1659 2000 incedere
1678 1949 1902 2011 poterat)
1922 1952 2038 1998 nodo
2047 1949 2241 2012 fascio,
2261 1967 2398 2013 quam
2416 1954 2609 2014 pectori
2627 1954 2805 2000 demse-

588 2015 684 2073 rat,
703 2010 859 2059 instar
885 2011 1041 2075 laquei
1068 2014 1131 2060 ad
1148 2026 1310 2061 arcum
1326 2013 1500 2062 lectieoe
1521 2028 1720 2074 camo,
1740 2016 1909 2063 collum
1925 2014 2143 2080 immisit,
2176 2020 2223 2064 et
2251 2017 2370 2065 mole
2391 2016 2607 2080 eorporis
2641 2017 2805 2078 enixo,

1512 2156 1689 2175 ‘eece‘
1696 2156 1866 2177 eeeeee

2624 2197 2648 2222 ο

653 2253 678 2297 1
719 2248 939 2304 Connixa
971 2249 1302 2300 BudenS.—2
1333 2250 1418 2300 Sic
1451 2252 1646 2315 optime
1668 2251 1796 2302 Mss.
1831 2254 2042 2303 Fames.
2085 2261 2141 2303 et
2164 2255 2323 2305 Corb.
2381 2254 2447 2305 In
2478 2257 2616 2306 Mss.
2640 2221 2808 2310 Vatic.

1585 2417 1797 2469 NOTAE

650 2553 670 2578 ²
704 2546 939 2597 Muliebre
959 2564 1121 2612 corpus
1143 2549 1297 2613 impar
1316 2551 1487 2613 dolori]
1530 2552 1651 2600 For·

587 2629 642 2672 te
697 2623 846 2688 plura
901 2633 1019 2676 sunt
1072 2627 1310 2689 exempla
1348 2630 1651 2678 constantia!

587 2700 877 2764 mulierum,
916 2702 1074 2751 etiam
1110 2705 1467 2767 servientium,
1499 2721 1654 2771 quam

587 2776 809 2826 virorum
831 2779 1192 2842 ingenuorum.
1241 2779 1478 2832 Adverte
1497 2797 1656 2847 quan-

586 2859 669 2901 tos
693 2854 953 2904 cruciatus
976 2856 1311 2907 sustinuerint
1333 2859 1533 2909 ancillae
1551 2860 1652 2910 Oc·

587 2926 760 2990 taviae,
777 2935 834 2978 ut
855 2930 970 2993 ejus
993 2932 1336 2982 innocentiam
1362 2941 1650 2985 tuerentur.

650 3004 722 3053 Et
738 3005 882 3055 Suet.
908 3008 1074 3070 Calig.
1103 3013 1183 3057 16.
1210 3014 1225 3036 6
1256 3010 1472 3076 Quoque
1491 3012 1652 3074 magis

587 3081 776 3131 nullius
796 3098 897 3134 non
921 3085 1040 3133 boni
1063 3087 1287 3149 exempli
1310 3086 1483 3137 fautor
1510 3089 1651 3138 vide·

587 3165 750 3222 retur,
767 3159 969 3209 mulieri
992 3161 1249 3212 libertinae
1271 3165 1543 3228 octoginta
1561 3164 1652 3215 do-

586 3234 747 3298 navit,
798 3237 937 3301 quod
987 3240 1283 3290 excruciata
1335 3241 1649 3305 gravissimis

587 3314 876 3379 tormentis,
929 3314 995 3364 de
1037 3317 1233 3366 scelere
1277 3318 1482 3381 patroni
1525 3318 1649 3367 reti-

586 3388 818 3440 cuisset!
1031 3384 1042 3388 ⁸

651 3466 790 3518 Plin.
847 3482 1050 3518 xxxiv.
1096 3475 1144 3521 8.
1222 3472 1332 3521 ‘Et
1370 3471 1648 3536 Iphicratis

585 3542 774 3591 Laeena
794 3543 1053 3595 laudatur.
1116 3546 1357 3597 Scortum
1379 3547 1489 3597 haec
1520 3549 1648 3612 lyrae

586 3612 739 3667 cantu
763 3617 1013 3672 familiare
1045 3622 1328 3679 Harmodio
1362 3631 1417 3673 et
1448 3623 1649 3677 Aristo-

584 3693 768 3758 gitoni,
801 3698 1013 3747 consilia
1047 3713 1223 3749 eorum
1247 3700 1312 3750 de
1340 3700 1645 3764 Tyrannici-

583 3770 686 3835 dio,
705 3787 865 3837 usque
889 3774 952 3823 ad
972 3781 1190 3825 mortem
1213 3777 1529 3839 excruciata,
1553 3778 1651 3841 Ty-

583 3850 756 3901 rannis
779 3866 878 3901 non
903 3853 1164 3916 prodidit!

649 3928 796 3978 Idem
829 3930 968 3979 Plin.
1009 3945 1105 3980 vu.
1128 3935 1211 3980 22.
1250 3934 1266 3960 ‘
1293 3932 1647 3984 Clarissimum

582 4002 635 4052 in
674 4002 896 4054 foeminis
939 4006 1146 4056 Laeenae
1185 4009 1489 4073 meretricis,
1530 4026 1647 4074 quae

584 4085 722 4130 torta
774 4095 877 4131 non
923 4083 1172 4135 indicavit
1216 4086 1549 4139 Harmodium
1591 4098 1650 4140 et

584 4153 992 4220 Aristogitonem
1012 4162 1390 4224 tyrannicidas:
1425 4166 1477 4214 in
1502 4166 1648 4230 viris,

577 4231 902 4296 Anaxarchi,
940 4236 1030 4302 qui
1071 4238 1238 4287 simili
1261 4240 1330 4289 de
1352 4255 1506 4292 eausa
1527 4254 1647 4294 cum

585 4314 936 4378 torqueretur,
975 4328 1252 4378 praerosam
1286 4315 1530 4370 dentibus
1558 4320 1650 4371 lin·

1732 2568 1903 2617 guam,
1943 2568 2197 2619 unamque
2223 2568 2366 2618 spem
2404 2551 2611 2616 indicii,
2633 2552 2690 2605 in
2722 2546 2799 2618 ty·

1730 2631 1877 2679 ranni
1897 2646 1952 2681 os
1976 2632 2221 2697 exspuit.'
2540 2670 2545 2671 ν

1795 2714 1818 2740 ⁸
1855 2709 2133 2757 Gestamine
2164 2707 2311 2770 selloe]
2364 2706 2570 2758 Eadem
2609 2705 2808 2761 sevitia

1732 2789 1813 2833 est
1854 2800 2006 2849 quam
2045 2786 2215 2849 tangit
2255 2783 2803 2835 AmmiannsLxle

1731 2861 1748 2886 6
1772 2861 2076 2910 Promiscne
2087 2861 2324 2929 juvenes,
2341 2858 2533 2933 aliique
2554 2856 2803 2925 membt'tt

1731 2936 1970 2986 omnibus
2015 2937 2176 3001 capti,
2238 2937 2304 2985 ad
2360 2935 2627 3000 supplicia
2664 2937 2806 2988 sellis
2880 2943 2889 2947 ’

1733 3012 2024 3076 gestatoriis
2047 3011 2405 3062 ducebantur!
2437 3014 2671 3079 Ηρεὶιω.
2774 3040 2777 3043 -

1797 3086 1821 3120 ⁶
1856 3088 2055 3152 Fascia»,
2096 3103 2235 3152 quam
2269 3088 2475 3152 pectori]
2532 3090 2806 3142 Gen-ebant

1731 3164 1918 3216 fascias
1940 3180 2098 3230 super
2118 3171 2356 3231 pectore,
2373 3162 2428 3215 in
2450 3167 2718 3232 cruribus,
2742 3167 2808 3221 ad

1730 3244 1913 3310 pedes,
1942 3251 1996 3294 et
2020 3245 2082 3294 ad
2104 3251 2281 3307 capnt.
2349 3245 2439 3295 De
2470 3242 2644 3315 fascia
2685 3248 2806 3313 pec-

1684 3382 1688 3388 .
1731 3322 1858 3371 toris
1889 3323 2036 3371 Suet.
2075 3321 2186 3372 Cal.
2216 3320 2236 3350 ‘
2257 3321 2444 3372 Pueris
2481 3336 2547 3372 ac
2578 3319 2808 3373 foeminis

1730 3399 1917 3449 fascias
1949 3415 2193 3464 purpurae
2228 3416 2289 3450 ac
2329 3399 2590 3465 conchylii
2631 3399 2809 3451 distri·

1728 3475 1873 3525 buit?
1907 3476 2207 3540 Strophium
2232 3481 2383 3526 vocat
2399 3476 2609 3527 Nouius
2628 3477 2802 3527 Mare.

1732 3551 1794 3602 Id
1821 3561 1923 3615 est,
1955 3552 2167 3612 fasciam
2199 3552 2402 3616 brevest,
2438 3556 2560 3618 que
2581 3553 2808 3618 §irgine-

1730 3629 1851 3678 lium
1898 3638 2151 3679 tumorem
2208 3630 2519 3694 papillarum
2558 3632 2807 3682 eohib‘e‘t.

1730 3706 2000 3756 Catullus:
2036 3708 2052 3735 6
2078 3708 2198 3757 Non
2233 3714 2481 3758 contecta
2517 3709 2627 3759 levi
2671 3710 2805 3759 vela·

1731 3788 1841 3833 tum
1874 3790 2060 3847 pectus
2084 3784 2298 3846 amictu,
2338 3786 2460 3835 Non
2485 3787 2648 3835 tereti
2679 3793 2807 3835 stro·

1732 3860 1854 3924 phio
1873 3861 2132 3910 lactentes
2148 3862 2328 3911 vincta
2351 3862 2611 3926 papillas.'
2666 3864 2805 3912 Mar-

1731 3939 1842 3987 tial.
1865 3940 1881 3967 6
1905 3940 2086 3989 Fascia
2107 3947 2401 3989 crescentes
2425 3939 2650 3989 dominae
2669 3955 2802 3989 com·

1732 4030 1887 4080 pesce
1923 4017 2164 4081 papillas,
2205 4015 2280 4065 Ut
2320 4017 2408 4079 sit,
2449 4017 2588 4080 quod
2629 4018 2804 4081 capiat

1729 4099 1926 4156 nostra,
1949 4099 2217 4157 tegatque,
2252 4093 2470 4142 manus!
2539 4094 2675 4145 Hor.
2698 4094 2800 4144 Od.

1727 4182 1815 4219 ιιι.
1849 4174 1934 4219 27.
1967 4171 1983 4198 6
2006 4170 2317 4220 Potes-liae·
2337 4170 2402 4219 ab
2426 4184 2556 4220 orno
2590 4171 2800 4221 Pendu-

1726 4244 1833 4296 lum
1897 4246 2029 4296 zona
2095 4246 2228 4296 bene
2272 4252 2327 4296 te
2366 4253 2550 4297 secuta

1726 4321 1954 4375 collum.'

2604 4247 2801 4298 elidere
2900 4296 2905 4305 ,
