3063 4952
515 376 693 449 1352
1222 392 1305 455 c.
1345 390 1708 444 nonnam
1756 385 2020 461 ‘melu
2393 393 2490 471 [Α.
2512 394 2726 479 usis.

512 538 691 624 ejus:
758 542 922 615 tum,
977 536 1174 623 quasi
1230 536 1662 623 deprehenso,
1709 541 1730 571 ‘
1751 537 2024 604 vincla¹²
2052 534 2291 622 ’injici’
2315 602 2327 617 „
2337 536 2565 621 jubet,
2623 540 2726 617 ut,-

515 646 536 677 ‘
556 643 836 709 exitium
867 640 1201 724 Principis
1242 640 1542 705 molitam
1587 644 1883 715 matrem,
1912 646 1981 704 et
2016 636 2276 723 pudore
2332 632 2744 723 deprehensi
2821 642 2824 645 ’

512 744 783 812 sceleris
811 748 1044 827 sponte
1071 746 1346 806 mortem
1377 740 1740 819 sumsisse,'
1773 740 2192 824 confingeret.
2343 812 2346 819 ,

599 848 666 913 8.
710 846 982 911 Interim
1017 846 1284 928 vulgato
1329 843 1725 928 Agrippinae
1772 845 2091 928 periculo,
2122 845 2326 931 quasi
2349 864 2520 909 casu
2572 824 2728 912 eve-

508 951 743 1028 nisset,
772 954 848 1015 ut
891 948 1173 1038 quisque
1200 955 1581 1032 acceperat,
1612 948 1952 1013 decurrere
1995 949 2083 1013 ad
2130 949 2339 1014 littus.
2432 947 2537 1013 Hi
2583 969 2732 1015 mo·

512 1055 677 1135 lium
715 1051 1060 1137 objectuS,J
1085 1052 1156 1116 hi
1203 1053 1554 1137 proximas
1598 1052 1883 1137 scaphas
1931 1052 2284 1117 scandere:
2332 1018 2475 1130 alii,
2516 1072 2731 1137 quan-

513 1162 658 1224 tum
707 1176 955 1239 corpus
1002 1156 1283 1235 sinebat,
1331 1156 1577 1222 vadere
1623 1157 1688 1220 in
1737 1175 1938 1234 mare,
1969 1156 2242 1239 quidam
2285 1175 2525 1220 manus
2575 1143 2748 1239 pro-f

511 1261 810 1345 tendere:
869 1261 1235 1345 questibus»,
1293 1261 1516 1339 votis,¹
1571 1260 1858 1325 clamore
1905 1258 2185 1329 diversa
2237 1259 2751 1341 rogitantium&

515 1371 633 1429 aut
682 1365 933 1428 incerta
980 1364 1549 1447 respondentium,
1630 1365 1840 1427 omnis
1889 1381 2006 1426 ora
2056 1362 2408 1446 compleri:
2455 1359 2734 1426 affluere

511 1469 744 1551 ingens
771 1466 1122 1532 multitudo
1153 1486 1303 1531 cum
1333 1467 1715 1544 luminibus,
1747 1473 1967 1549 atque,
1998 1466 2115 1529 ubi
2150 1466 2549 1529 incolumem
2575 1483 2734 1529 esse

510 1569 866 1654 pernotuit,
912 1574 988 1634 ut
1029 1568 1115 1634 ad
1162 1569 1575 1653 gratandum,
1627 1589 1771 1634 sese
1811 1568 2151 1652 expedire,
2193 1568 2405 1632 donec
2448 1571 2751 1651 aspectu,

513 1674 751 1737 armati
780 1677 848 1736 et
872 1673 1234 1736 minitantis
1254 1674 1535 1756 agminis
1562 1672 1844 1758 disjecti³
1872 1677 2044 1736 sunt.
2135 1668 2467 1735 Anicetus
2495 1671 2735 1736 villam

516 1775 804 1839 statione
881 1774 1267 1851 circumdat,
1323 1774 1736 1859 refractaque
1786 1775 2019 1859 janua,
2076 1774 2319 1840 obvios
2377 1794 2735 1839 servorum

514 1876 797 1958 arripit,⁴
823 1874 1038 1939 donec
1070 1874 1154 1938 ad
1183 1875 1355 1939 fores
1384 1877 1674 1941 cubiculi
1702 1878 1986 1942 veniret:
2019 1878 2129 1941 cui
2160 1879 2365 1960 pauci
2390 1876 2733 1954 astabant,

508 1977 744 2043 ceteris
773 1982 1010 2042 terrore
1043 1978 1538 2061 irrumpentium
1565 1980 1923 2045 exterritis,
2012 1977 2345 2043 Cubiculo
2374 1978 2730 2043 modicum

514 2157 727 2204 catenas
737 2151 892 2214 jubet,
912 2156 968 2201 ut
982 2151 1052 2202 sic
1074 2153 1397 2216 ementiretur,
1428 2160 1647 2204 matrem
1672 2169 1853 2204 necem
1888 2154 2112 2219 principi
2133 2168 2367 2218 parasse,
2386 2159 2444 2204 et
2463 2168 2584 2204 cam
2608 2168 2733 2206 con-

515 2218 733 2267 scientia
756 2218 1010 2281 comperti
1031 2217 1273 2267 facinoris
1295 2221 1430 2267 ultro
1452 2219 1549 2268 sibi
1573 2226 1792 2270 mortem
1816 2220 2150 2269 conscivisse.

582 2283 770 2332 Interea
811 2298 972 2348 sparso
1005 2299 1194 2333 rumore
1226 2284 1517 2333 discriminis
1550 2284 1854 2349 Agrippinoe,
1889 2292 2109 2348 tanquam
2136 2284 2345 2361 fortuito
2373 2284 2647 2345 accidisset,
2677 2289 2735 2334 ut
2821 2319 2830 2325 -

511 2347 702 2412 quisque
736 2350 998 2410 audiverat,
1030 2350 1247 2398 advolare
1281 2350 1343 2397 ad
1384 2349 1568 2412 ripam.
1612 2351 1718 2399 Alii
1750 2353 1889 2398 moles
1922 2352 2161 2413 appositas
2200 2350 2346 2412 ripis,
2367 2350 2456 2398 alii
2485 2351 2736 2412 proximos

511 2412 682 2462 lembos
709 2417 1025 2464 conscendere.
1081 2413 1202 2475 Alii,
1234 2418 1461 2478 qttantum
1489 2414 1799 2478 permittebat
1819 2420 2004 2463 statura
2042 2415 2269 2480 corporis,
2290 2414 2477 2464 intrare
2512 2416 2736 2479 pelagus,

510 2480 724 2529 nonnulli
743 2482 938 2530 dextras
956 2480 1213 2543 porrigere.
1279 2481 1430 2528 Omne
1472 2480 1610 2529 littus
1645 2481 1830 2543 impleri
1853 2481 2319 2544 expostulationibus,
2340 2482 2481 2540 votis,
2501 2482 2738 2542 merseru-

510 2545 638 2595 tione
654 2546 791 2594 varia
809 2546 1171 2608 sciscitantium,
1202 2548 1285 2593 aut
1306 2544 1450 2593 dubia
1469 2546 1878 2608 respondentium.-
1909 2561 2183 2596 concurrere
2206 2546 2432 2594 immensa
2455 2516 2605 2595 t’urba
2624 2562 2736 2595 curn

508 2607 836 2674 lampadibus.-
868 2620 1006 2674 atque
1045 2610 1125 2659 ubi
1160 2611 1336 2659 salvam
1356 2623 1454 2659 esse
1474 2608 1813 2672 Agrippinam
1835 2611 2087 2675 increbuit,
2125 2613 2257 2661 velut
2289 2612 2351 2659 ad
2382 2613 2736 2672 gratulandum

511 2690 562 2723 se
599 2690 886 2739 comparare,
923 2679 1067 2724 donec
1099 2674 1343 2724 absterriti
1380 2690 1435 2723 ac
1466 2675 1722 2726 disturbati
1751 2681 1877 2734 sunt,
1900 2677 2001 2724 visa
2021 2678 2209 2725 cohorte
2229 2676 2604 2734 classiariorum,
2625 2691 2735 2739 quoe

511 2754 644 2788 arma
666 2746 712 2789 et
731 2741 886 2789 minas
917 2740 1191 2788 intentaret.
1256 2740 1484 2789 Anicetus
1520 2740 1681 2789 villam
1702 2740 2000 2790 circumsidet
2033 2741 2279 2805 dispositis
2310 2740 2469 2802 globis
2499 2710 2735 2804 militum,

513 2804 815 2869 effractisque
825 2804 1029 2866 foribus,
1061 2809 1354 2853 occurrentes
1371 2819 1528 2852 servos
1547 2805 1910 2868 comprehendit,
1942 2809 2084 2854 donec
2121 2807 2397 2881 perveniret
2430 2808 2493 2855 ad
2521 2805 2734 2867 januam

513 2868 744 2918 cubiculi:
775 2871 901 2932 apud
933 2883 1075 2932 quam
1104 2863 1244 2932 pauci
1277 2874 1617 2931 remanserant,
1640 2870 1851 2918 omnibus
1888 2871 1999 2918 aliis
2034 2876 2162 2919 metu
2190 2863 2479 2919 irruentium
2515 2871 2738 2933 disjectis

510 2933 810 3038 dilapsisque.
881 2933 1102 2983 Cubicula
1124 2934 1307 2983 modica
1326 2934 1413 2982 lux
1433 2934 1588 2983 inerat
1609 2939 1656 2983 et
1689 2949 1781 2983 una
1803 2935 2129 2994 fancularum:
2161 2937 2320 2998 magis
2338 2935 2589 2999 magisque
2624 2935 2736 2986 soli-

1433 3064 1784 3090 eeeeeeeeeeee

515 3133 574 3178 ut
595 3127 820 3190 legitur
808 3144 859 3177 in
883 3129 986 3178 Ms.
1004 3128 1161 3180 Corb.
1194 3130 1411 3179 Brotier.
1415 3133 1545 3178 -12
1580 3128 1682 3177 Ms.
1708 3128 1843 3193 Reg.
1869 3136 1925 3180 et
1949 3130 2078 3179 editi
2115 3129 2613 3195 princeps,oincu1a.

580 3199 608 3242 1
642 3194 727 3242 Sic
749 3195 1026 3243 Rhenanus
1049 3202 1105 3244 et
1128 3196 1462 3244 recentiores.
1495 3194 1560 3241 In
1585 3194 1714 3243 Mss.
1732 3146 1884 3245 Bogdl.
1899 3196 2010 3247 Jes.
2035 3204 2091 3246 et
2111 3197 2424 3247 editionibus
2444 3196 2734 3274 veteribus,

511 3258 639 3307 vocis
658 3261 874 3309 clamore.
946 3260 1004 3308 In
1028 3260 1157 3310 Mss.
1199 3260 1349 3308 Harl.
1375 3257 1529 3307 Corb.
1568 3258 1770 3307 vocibus.
1774 3266 1871 3310 -2
1908 3262 1993 3309 Sic
2019 3261 2146 3310 Mss.
2171 3267 2226 3311 et
2248 3261 2412 3311 editio
2458 3262 2744 3329 princeps„

514 3324 852 3390 Puteolanus,
905 3324 1189 3389 rogantium.
1191 3328 1286 3373 —3
1322 3322 1521 3383 Dejecti
1564 3323 1669 3371 Ms.
1707 3323 1821 3372 Bud
1827 3329 1939 3374 .-4
1977 3325 2190 3390 Obripit,
2223 3325 2394 3378 Idem.

1513 3448 1727 3499 NOTAE

574 3562 593 3607 3
624 3564 700 3614 Hi
721 3565 908 3615 molium
927 3564 1153 3629 objectas]
1201 3565 1286 3614 De
1315 3563 1392 3612 his
1425 3543 1570 3612 moli·-
1651 3563 1931 3627 Virgilius:
1968 3567 2240 3620 ‘Qualis‘
2225 3585 2276 3618 tn
2303 3568 2540 3622 Euboico
2577 3571 2735 3625 Baia-

513 3640 611 3692 bus
635 3641 701 3690 ad
722 3642 898 3704 Baias,
916 3642 1248 3691 Cassiodorus
1266 3640 1468 3690 variar.
1489 3654 1569 3689 rx.
1653 3653 1765 3689 rum
1837 3641 2014 3693 littore
2070 3644 2331 3709 quondam
2386 3647 2563 3699 Saxea
2624 3651 2736 3715 pila

514 3717 531 3746 ‘
559 3718 782 3769 Quantis
814 3718 886 3767 ibi
919 3718 1133 3766 molibus
1159 3715 1365 3766 termini
1386 3717 1573 3765 decen·
1653 3717 1828 3768 cadit?

512 3801 596 3844 tet·
616 3794 783 3843 invasi
801 3795 954 3844 sunt?
976 3795 1180 3862 quantis
1198 3795 1380 3857 spatiis
1405 3795 1457 3842 in
1476 3795 1574 3842 vis·
1718 3794 2003 3848 Ausonium
2035 3798 2087 3857 iu
2122 3814 2185 3850 ea
2219 3816 2274 3850 re
2303 3802 2543 3866 corrigo.
2584 3804 2603 3832 ‘
2632 3803 2738 3854 Vel

511 3870 720 3921 ceribus
744 3869 968 3936 aequoris
1006 3877 1145 3919 terra
1180 3876 1415 3934 promota
1441 3870 1571 3918 est?
1654 3885 1770 3935 quae
1800 3874 2007 3923 Baianis
2031 3876 2264 3939 pendent
2286 3876 2555 3927 fluitantia
2579 3878 2740 3943 pilis!

510 3946 705 4006 Strabo
727 3947 820 3997 lib.
847 3961 899 3995 ν.
933 3948 948 3974 ‘
972 3947 1113 3995 Urbs
1139 3956 1260 3995 vero
1290 3947 1576 4008 emporium
1720 3945 1864 3998 Maie
1887 3947 2025 3999 enim
2042 3953 2317 4019 hactenns,
2342 3956 2489 4019 palis.
2558 3957 2740 4016 Enim·

511 4022 789 4071 maximum
833 4022 1017 4082 evasit,
1055 4022 1212 4071 habet
1241 4022 1376 4071 euim
1401 4037 1575 4076 manu·
1653 4039 1778 4073 vero
1797 4026 1916 4089 pilae
1941 4028 2042 4077 illae
2064 4044 2093 4078 e
2119 4044 2267 4095 saxo,
2286 4038 2347 4082 ut
2368 4029 2625 4096 Virgilius
2650 4034 2741 4084 ha·

513 4097 684 4148 factos
707 4105 887 4163 portus
916 4098 982 4148 ob
1006 4099 1352 4162 praestantiam
1385 4113 1574 4151 arenae.
1654 4099 1767 4164 bet,
1804 4105 2166 4171 consentitque
2202 4107 2365 4158 etiam
2399 4109 2625 4171 Seneca,
2667 4113 2737 4162 E-

513 4171 745 4240 Ideoque
766 4173 1111 4224 admiscentes
1141 4176 1271 4225 calci
1308 4176 1573 4238 pulverem
1653 4175 1775 4240 pist.
1799 4181 1881 4227 78.
1906 4181 1921 4208 ‘
1947 4180 2132 4231 Omnis
2155 4183 2209 4235 in
2232 4184 2358 4250 pilis
2381 4184 2750 4244 Puteolorum.

515 4259 706 4315 uenae,
716 4251 823 4301 alte
840 4250 1125 4316 projiciunt
1145 4252 1303 4302 moles
1327 4250 1380 4301 in
1401 4257 1575 4330 mare.'
1656 4254 1809 4330 turba
1828 4257 2106 4309 consistit-⁹
