3063 4952
381 558 539 608 eum
579 541 920 628 appellare
938 540 1185 608 solitus
1215 541 1340 605 sit:
1403 559 1627 605 verum
1656 533 2052 623 Agrippina,
2092 537 2277 605 fratri
2301 540 2451 626 ejus
2477 542 2585 610 L!

382 644 657 712 Silano⁹
682 665 916 711 necem
949 644 1205 724 molita,
1234 644 1507 709 ultorem
1534 635 1888 721 metuebat,
1916 645 2149 708 crebra
2177 645 2354 726 vulgi
2384 645 2587 726 fama,

381 752 407 786 ‘
435 748 966 834 anteponendum
996 767 1146 814 esse
1170 748 1293 814 vix
1322 747 1481 811 dum
1515 746 1873 829 pueritiam
1901 766 2163 828 egresso
2198 746 2475 827 Neroni,
2479 744 2502 783 f
2522 751 2589 814 et

382 844 759 937 Imperium
779 872 900 936 per
924 844 1143 917 scelus
1174 846 1469 934 adepto,⁸
1519 850 1739 913 virum
1782 855 1976 914 aetate
2015 846 2439 933 composita,¹¹
2456 849 2588 915 in-

370 399 434 456 s.
458 400 524 455 e.
543 397 697 466 sa]
1079 392 1489 444 smmum:
1539 392 1712 442 mss
1734 391 1910 442 xm.

384 1018 679 1070 &amerit
698 1033 847 1069 ovem
869 1033 1096 1069 auream.
1151 1017 1246 1067 Sed
1267 1016 1311 1067 Δ
1507 1031 1554 1078 a,
1575 1031 1678 1081 qua·
1695 1020 1895 1064 mortem
1910 1019 2164 1079 paraverat
2183 1015 2243 1066 L.
2263 1013 2589 1076 Silanofr‘atri

381 1086 532 1148 illius,
556 1100 676 1136 eum
697 1085 923 1134 vindicem
934 1083 1246 1162 formidabat,
1261 1097 1326 1131 ex
1335 1081 1585 1145 frequenti
1600 1076 1752 1145 plebis
1764 1095 1965 1141 rumore,
1986 1093 2088 1144 qno
2113 1079 2440 1156 vulgabatur,
2455 1095 2587 1144 pre-

383 1149 658 1200 ferendum
696 1164 807 1200 esse
843 1149 1062 1214 Neroni,
1090 1149 1186 1214 qui
1220 1147 1308 1197 vix
1345 1160 1411 1195 ex
1448 1146 1665 1212 ephebis
1695 1150 2008 1210 excesserat,
2030 1151 2087 1194 et
2122 1145 2469 1211 principatum
2491 1159 2587 1211 per

1328 1265 1624 1286 OOOOOOOO
1627 1263 1686 1286 Ν

451 1358 482 1405 8
515 1354 605 1406 Ita
638 1354 962 1405 Puteolanus
996 1357 1051 1403 et
1084 1353 1214 1405 Mss.
1248 1353 1399 1404 Harl.
1431 1350 1587 1403 Bodl.
1609 1352 1721 1405 Jes.
1786 1350 1851 1453 In
1873 1349 2099 1401 editione
2121 1349 2357 1457 principe
2380 1355 2437 1401 et
2458 1350 2589 1403 Mss.

384 1419 546 1471 Corb.
569 1421 702 1484 Reg.
729 1421 787 1470 C.
807 1419 989 1469 Silano.

1378 1526 1597 1582 No'rAE
1637 1572 1644 1577 ,

381 1650 499 1714 ejus
516 1644 966 1711 existimationem,
980 1659 1095 1695 eum
1111 1660 1241 1695 ovem
1253 1659 1447 1695 auream
1523 1661 1625 1708 tas,

387 1727 643 1792 appellat.
709 1725 839 1777 Quis
896 1724 1021 1774 talia
1081 1724 1268 1774 Dionis
1322 1722 1448 1773 satis
1587 1740 1609 1767 ι
1631 1734 1690 1786 L·
1712 1732 1900 1798 samo]
1921 1731 2179 1783 Convenit
2200 1746 2318 1783 cum
2338 1731 2585 1787 historia,

1038 1806 1043 1811 ’
1524 1816 1701 1860 tamen
1723 1809 1845 1860 libri
1868 1809 2068 1879 scripti,
2091 1810 2148 1859 C.
2175 1809 2357 1859 Silano.
2411 1810 2556 1875 Lips-

1588 1888 1648 1939 L.
1671 1886 1861 1950 Silauo]
1926 1886 2050 1952 Ipse
2073 1891 2173 1949 est,
2208 1887 2289 1937 cui
2312 1888 2478 1952 primo
2499 1887 2589 1938 de-

1526 1980 1712 2040 sponsa
1735 1963 1909 2015 fuerat
1932 1963 2152 2014 Octavia
2174 1962 2282 2013 filia
2306 1963 2511 2014 Claudii
2533 1971 2591 2015 et

1527 2028 1861 2102 Messaninae,
1884 2039 1975 2091 sed
1996 2055 2130 2104 eum,
2152 2041 2351 2090 artibus
2371 2038 2591 2106 Vitellii,

1526 2117 1829 2169 deturbavit
1851 2133 1914 2167 eo
1937 2118 2261 2168 matrimonio
2284 2116 2591 2183 Agrippina,

1526 2202 1583 2246 et
1604 2195 1721 2246 ideo
1744 2202 1961 2245 mortem
1982 2194 2059 2243 die
2078 2194 2351 2259 nuptiarum
2378 2193 2589 2260 (nempe

1527 2271 1732 2322 Claudii
1783 2278 1840 2321 et
1885 2269 2211 2336 Agrippinae)
2261 2269 2459 2320 Silanus
2496 2271 2590 2321 sibi

1520 2353 1763 2404 conscivit.

1590 2429 1612 2462 f
1645 2430 1743 2481 Vix
1764 2431 1876 2480 dum
1892 2426 2151 2495 pueritiam
2172 2442 2354 2491 egressa
2379 2425 2587 2493 Neroni]

1523 2513 1611 2564 Sic
1642 2527 1798 2577 supra
1833 2512 1868 2562 l.
1888 2524 1990 2561 ιιι.
2026 2513 2108 2558 25.
2147 2510 2162 2536 ‘
2186 2508 2406 2558 Biennio
2425 2507 2587 2571 majo·

1526 2606 1635 2640 rem
1671 2595 1797 2639 natu
1835 2587 2123 2638 Domitium
2154 2585 2259 2633 filio
2282 2582 2587 2647 anteponit-⁹

1526 2669 1597 2725 Et
1620 2665 1756 2716 infra
1775 2666 1875 2715 hoc
1890 2663 1928 2714 l.
1954 2675 2078 2713 xm.
2100 2666 2150 2711 6.
2181 2661 2197 2688 ‘
2221 2661 2475 2724 Princeps
2496 2657 2587 2709 vix

1523 2742 1894 2809 septemdecim
1932 2755 2093 2790 annos
2131 2740 2396 2803 egressus)
2461 2737 2589 2786 Pue-

1520 2822 1639 2872 ritia
1661 2829 1834 2871 antem
1858 2817 2236 2884 appellabatur,
2268 2815 2434 2867 donec
2466 2829 2590 2878 prce-

1520 2903 1705 2948 textam
1728 2903 1998 2958 exuerent,
2033 2901 2089 2945 et
2127 2895 2180 2943 in
2204 2895 2341 2943 viros
2364 2891 2589 2942 ascribe-

1520 2982 1718 3038 rentur,
1752 2989 1940 3039 nempe
1965 2973 2165 3022 decimo
2199 2972 2381 3037 quinto
2418 2969 2588 3021 aetatis

1521 3068 1655 3103 anno
1679 3058 1854 3116 coepto
1880 3051 1961 3100 vel
1983 3048 2149 3098 finito.

1586 3138 1618 3173 Β
1643 3127 1897 3193 Imperium
1918 3141 2004 3191 per
2020 3126 2167 3175 scelus
2183 3122 2374 3187 adepta]
2439 3122 2586 3174 Suet.

1521 3206 1651 3256 Ner.
1672 3208 1755 3254 33.
1773 3205 1789 3231 ‘
1814 3201 2104 3254 Parricidia
2128 3206 2182 3250 et
2202 3200 2374 3249 caedes
2393 3215 2421 3249 a
2440 3199 2591 3249 Clau·

1521 3282 1607 3334 dio
1631 3296 1841 3332 exorsus
1859 3286 1972 3330 est:
2028 3279 2173 3343 cujus
2195 3277 2338 3327 necis
2358 3277 2460 3327 etsi
2484 3290 2588 3325 non

1520 3365 1719 3423 auctor,
1742 3365 1798 3409 at
1820 3356 2056 3409 conscius
2081 3355 2216 3412 fuit:
2251 3368 2419 3418 neque
2443 3351 2587 3401 dissi·

1520 3439 1797 3501 mulanter,
1830 3441 1889 3485 ut
1926 3434 2014 3499 qui
2040 3432 2260 3499 boletos,
2281 3431 2333 3479 in
2357 3443 2460 3495 quo
2483 3427 2589 3478 cibi

1522 3528 1713 3578 genere
1751 3525 2002 3562 venenum
2041 3509 2083 3558 is
2120 3512 2423 3571 acceperat,
2445 3505 2588 3569 quasi

1521 3593 1757 3640 Deorum
1811 3587 2003 3650 cibum,
2057 3586 2272 3650 posthac
2314 3581 2589 3648 proverbio

1523 3666 1714 3716 Graeco
1736 3663 2026 3714 collaudare
2050 3663 2120 3712 sit
2141 3658 2359 3711 solitus!

1588 3744 1820 3807 Intelligi
1869 3743 2025 3792 etiam
2073 3741 2258 3806 possit,
2300 3738 2586 3789 obtinuisse

1520 3821 1791 3885 imperium
1826 3833 1921 3884 per
1952 3819 2119 3870 scelus
2148 3817 2329 3868 matris
2350 3815 2586 3866 aliorum-

1521 3912 1624 3964 que
1646 3897 1927 3947 fautorum.

1586 3972 1610 4007 ¹²
1656 3976 1826 4024 AEtate
1854 3955 2128 4036 composita]
2194 3967 2587 4035 Experientiam

1523 4051 1937 4117 sapientiamque
1975 4048 2238 4112 intelligit,
2261 4062 2376 4112 quae
2413 4044 2587 4110 pueris

1520 4143 1624 4179 non
1647 4128 1821 4190 datur,
1842 4132 2155 4190 aetatemque
2176 4121 2380 4189 imperii
2404 4134 2585 4188 geren-

1522 4205 1578 4257 di
1597 4219 1864 4271 capacem·

385 1804 666 1856 conciliet?

448 1884 609 1947 Puto,
646 1883 756 1932 haec
801 1882 1040 1932 hauserat
1082 1895 1148 1931 ex
1178 1881 1357 1931 Tacito
1390 1884 1446 1930 et

385 1966 739 2024 excerpserat,
774 1965 830 2008 et
869 1965 1050 2023 postea
1087 1957 1444 2022 componendo

387 2051 516 2101 opus
557 2051 722 2095 suum,
750 2049 929 2099 parum
966 2049 1159 2084 memor
1195 2035 1444 2098 historiae,

388 2118 478 2163 aut
514 2127 695 2162 sensus
715 2111 909 2173 Taciti,
929 2112 1044 2162 haec
1067 2125 1165 2176 pro
1184 2126 1275 2160 suo
1293 2110 1445 2160 libito

385 2195 443 2240 et
479 2188 586 2240 fide
624 2189 815 2239 Graeca
853 2188 1085 2253 invertit,
1104 2194 1164 2239 ut
1198 2190 1445 2255 pleraque

381 2269 500 2321 alia.

449 2349 520 2397 Et
542 2346 682 2412 quod
697 2345 826 2396 dicit
841 2344 1070 2410 Lipsius,
1087 2360 1190 2395 non
1211 2345 1444 2409 potuisse
1465 2338 1471 2352 '

381 2421 608 2473 fastidiri
639 2425 696 2473 L.
720 2424 946 2473 Silanum
986 2422 1244 2488 prioribus
1284 2422 1445 2471 domi-

292 2526 297 2528 *
379 2500 691 2566 nationibus,
706 2502 759 2550 id
781 2500 1123 2551 falsissimum.
1176 2501 1309 2550 Nam
1333 2495 1444 2550 cer-

383 2569 437 2629 te
459 2594 625 2643 nepos
649 2577 890 2643 Augusti,
921 2592 1242 2644 quacumque
1268 2582 1444 2639 aetate,

380 2656 424 2707 si
447 2655 571 2704 ovili
602 2655 809 2717 ingenio
831 2650 951 2716 fuit,
980 2654 1156 2718 sperni
1179 2653 1442 2703 dominan-

380 2729 538 2795 tibus,
559 2738 619 2782 ut
634 2738 742 2782 tum
768 2747 849 2781 res
868 2736 1035 2793 erant,
1054 2730 1247 2780 debuit·
1259 2744 1320 2778 ac
1339 2743 1444 2797 me·

379 2808 503 2858 ruit.
562 2808 757 2858 Nobiles
788 2807 927 2856 omni
969 2812 1146 2870 aetate,
1184 2805 1227 2854 si
1257 2805 1440 2869 primae

381 2883 619 2935 infantiae
657 2899 816 2934 annos
855 2883 1073 2948 excipis,
1096 2883 1325 2947 expositi
1365 2882 1441 2930 in-

382 2962 547 3026 geniis
564 2967 622 3011 et
644 2961 848 3026 linguis,
868 2975 928 3011 ac
947 2975 1154 3024 semper
1173 2959 1440 3024 conspicui

380 3045 521 3088 sunt.

446 3114 683 3163 Pecudem
703 3112 916 3177 auream]
949 3113 1109 3175 Puto,
1125 3127 1228 3162 non
1250 3110 1440 3162 intelli-

381 3204 506 3257 gere
530 3191 746 3255 praecise
766 3203 914 3254 ovem,
954 3190 1043 3239 sed
1069 3183 1442 3256 quamcumque

375 3269 599 3332 pecudem
622 3268 676 3317 in
708 3282 896 3331 genere
908 3284 932 3317 -ι
966 3266 1067 3316 nisi
1099 3265 1236 3317 forte
1260 3266 1443 3316 alluse-

380 3345 452 3396 rit
483 3346 549 3395 ad
573 3346 786 3396 arietem
819 3347 961 3395 illum
989 3346 1186 3410 Phryxi
1205 3346 1445 3395 decanta-

380 3428 511 3486 tum,
534 3439 626 3473 seu
659 3424 825 3474 vellus
867 3439 1101 3489 aureum,
1145 3423 1213 3474 ob
1236 3423 1443 3473 divitias

379 3498 559 3550 Silani.
766 3492 771 3498 ’

445 3577 681 3626 Pecudem
696 3577 909 3640 auream]
932 3577 994 3627 In
1009 3576 1095 3641 Ap
1102 3577 1256 3642 oplrth
1263 3591 1341 3639 eg.
1355 3589 1441 3627 ιιι.

375 3657 427 3704 8.
516 3655 779 3720 Diogenes
832 3656 1054 3721 Cynicus
1077 3672 1090 3705 :
1157 3656 1172 3683 ‘
1210 3654 1443 3704 Divitem

379 3732 639 3798 quendam
686 3733 970 3796 indoctum,
1019 3732 1112 3783 sed
1170 3731 1442 3796 splendide

377 3809 647 3874 vestitum,
660 3808 965 3874 χρυσόμηλον
996 3809 1313 3875 appellabat,
1341 3809 1441 3859 hoc

378 3890 480 3948 est,
502 3901 650 3936 ovem
675 3902 829 3936 aureo
851 3887 1062 3936 vellere.
1139 3886 1276 3935 Nam
1314 3885 1443 3935 tales

373 3959 554 4025 fnisse,
570 3963 832 4028 proditum
856 3971 910 4012 et
936 3979 967 4012 a
989 3962 1190 4025 Poetis,
1227 3962 1315 4027 qui
1351 3961 1443 4011 mi-

373 4038 570 4090 nimum
596 4040 862 4090 valerent'
850 4040 1077 4104 ingenio,
1105 4038 1272 4088 ovillis
1291 4037 1442 4087 mori-

371 4115 473 4166 bus
528 4116 689 4167 etiam
751 4116 1026 4186 proverbio
1094 4113 1441 4165 dicebantur?

373 4192 501 4244 Huc
524 4192 791 4243 alludebat
827 4208 988 4257 prave
1010 4192 1162 4243 dicax
1185 4192 1444 4255 Caligula,

372 4268 470 4320 sed
491 4261 615 4321 mox
636 4270 691 4321 in
711 4270 927 4321 exitium
948 4269 1104 4321 vertit
1125 4268 1226 4334 ipsi
1255 4267 1444 4318 dicaci-
