3063 4952
550 394 724 503 {2760
1004 404 1013 413 ·
1255 410 1322 460 c.
1371 408 1742 459 coms-nur
1791 409 2053 460 rAcrrr
2443 392 2629 481 [alu.
2647 418 2764 470 ers.

594 582 599 585 ·
636 550 743 623 45.
789 552 1144 621 Sententiae
1187 551 1436 633 Cassii,
1467 561 1543 621 ut
1567 575 1762 620 nemo
1790 562 1988 620 unus¹
2018 558 2252 621 contra
2278 555 2372 620 ire
2402 576 2610 623 ausus
2639 563 2763 636 est,

548 663 646 727 ita
684 660 978 726 dissonae
1022 676 1226 723 voces
1269 657 1784 742 respondebant,
1841 662 1862 691 ‘
1890 678 2260 739 numerum,
2307 666 2424 725 aut
2468 667 2764 738 aetatem,

551 769 667 829 aut
695 780 959 840 sexum,
988 781 1068 825 ac
1096 759 1528 843 plurimorum
1571 760 1915 825 indubiam
1950 761 2416 827 innocentiam’
2444 765 2766 829 miseran-

478 926 491 937 ,
553 868 738 936 tium.
827 864 1199 930 Praevaluit
1225 869 1449 928 tamen
1480 883 1659 948 parS,
1704 881 1857 948 quae
1890 866 2298 949 supplicium
2327 865 2725 933 decernebat
2747 868 2778 932 ε’

552 970 668 1034 sed
735 969 1183 1052 obtemperari
1238 988 1370 1032 non
1438 973 1721 1052 poterat,
1777 969 2177 1052 conglobata
2220 969 2646 1035 multitudine
2704 958 2774 1041 et‘
2832 978 2840 985 '

554 1076 575 1106 ‘
606 1092 778 1137 saxa
808 1092 888 1137 ac
916 1069 1148 1141 faces’2
1177 1071 1573 1136 minitante.³
1619 1071 1796 1135 Tum
1827 1070 2058 1136 Caesar
2075 1073 2396 1155 populum
2419 1072 2652 1136 edicto
2675 1072 2768 1137 in·

555 1174 832 1258 crepuit,
864 1178 1059 1257 atque
1088 1192 1281 1237 omne
1310 1173 1455 1250 iter,
1482 1188 1623 1257 ‘quo
1674 1173 1970 1238 damnati
2014 1174 2099 1238 ad
2126 1194 2396 1259 poenam
2425 1174 2769 1239 duceban-

553 1283 681 1356 tur,
710 1276 1104 1341 militaribus
1130 1275 1467 1358 praesidiis
1496 1276 1728 1360 sepsit.
1755 1334 1760 1337 .
1817 1273 2176 1342 Censuerat
2191 1277 2559 1360 Cingonius
2588 1276 2768 1342 Var-

554 1387 686 1460 ro,⁴
724 1386 799 1445 ut
822 1377 1039 1444 liberti
1069 1387 1386 1463 quoque,¹
1413 1380 1528 1463 qui
1558 1380 1683 1443 sub
1730 1379 1964 1445 eodem
2009 1385 2184 1445 tecto
2215 1380 2518 1458 fuissent,
2562 1379 2770 1446 Italia

555 1481 1066 1568 deportarentur.
1156 1482 1239 1546 Id
1269 1504 1310 1548 a
1339 1482 1653 1567 Principe
1681 1483 2090 1567 prohibitum
2134 1489 2259 1562 est,
2307 1488 2330 1517 ‘
2358 1503 2442 1547 ne
2470 1504 2624 1549 mos
2655 1503 2767 1548 an-

552 1588 799 1672 tiquus,
833 1601 1031 1670 quem
1058 1583 1509 1650 misericordia
1559 1604 1692 1649 non
1739 1585 2085 1665 minuerat,
2130 1606 2248 1672 per
2299 1585 2639 1652 saevitiam
2663 1586 2785 1653 in·-¹

562 1687 1001 1755 tenderetur.'⁵

596 1826 599 1829 ·
638 1792 748 1857 46.
794 1790 1165 1854 Damnatus
1212 1789 1447 1855 iisdem
1493 1790 1897 1881 Consulibus
1939 1786 2323 1877 Tarquitius
2356 1753 2641 1858 Priscus
2667 1808 2768 1857 re-

557 1891 1018 1981 petundarum,
1050 1893 1372 1979 Bithynis·
1407 1895 1985 1980 interrogantibus,
2022 1893 2264 1980 magno
2295 1894 2575 1960 Patrum
2606 1914 2768 1978 gau-

502 2016 505 2019 ’
559 1997 695 2079 dio,
726 1996 866 2084 qui¹
899 2002 1282 2062 accusatum
1302 1998 1390 2062 ab
1420 2018 1501 2063 eo
1530 1998 1866 2065 Statilium
1888 1998 2230 2079 Taurum,t
2256 1997 2769 2063 Proconsulem²

632 2160 699 2215 Ut
721 2181 855 2216 nemo
877 2171 1081 2231 patrum
1102 2184 1221 2218 unus
1253 2167 1457 2219 audebat
1496 2169 1741 2219 adversari
1778 2167 2026 2218 sententia:
2068 2158 2242 2227 Cassii,
2270 2166 2341 2215 sic
2362 2165 2681 2214 audiebantur
2701 2163 2774 2214 di·

559 2246 704 2287 versoe
725 2247 855 2282 rores
875 2231 1223 2296 deplorantium
1252 2235 1656 2295 multitudinem,
1681 2235 1760 2284 vel
1786 2242 2016 2297 aetatem,
2038 2232 2122 2282 vel
2154 2247 2353 2292 sexum,
2375 2237 2431 2280 et
2452 2238 2788 2294 compertum·

558 2298 835 2346 multorum
858 2299 1224 2348 innocentiam.
1295 2301 1578 2364 Praepolluit
1611 2306 1768 2350 tamen
1790 2314 1854 2349 ea
1872 2314 2006 2361 pars,
2035 2313 2139 2360 quoe
2164 2311 2350 2361 poenam
2379 2295 2651 2346 etataebate
2693 2297 2773 2346 ned

561 2361 740 2410 obediri
761 2378 852 2412 non
886 2368 1092 2427 poterat,
1121 2370 1411 2426 congregata
1440 2366 1595 2429 plebe,
1635 2382 1742 2429 φησι»
1779 2364 1995 2427 lapides,
2028 2369 2084 2412 et
2121 2364 2267 2425 ignes
2299 2361 2589 2410 intentabat.
2660 2360 2775 2410 Tum

553 2427 773 2491 princeps
794 2429 944 2479 edicto
973 2431 1192 2493 populum
1225 2429 1511 2492 objurgavit,
1544 2437 1591 2480 et
1622 2429 1910 2480 militaribus
1936 2428 2163 2478 custodiis
2181 2426 2406 2494 firmavit
2424 2441 2605 2474 omnem
2628 2424 2792 2489 uiam„

560 2508 650 2557 qua
683 2495 897 2543 damnati
919 2496 981 2543 ad
1001 2497 1279 2559 supplicium
1312 2497 1634 2545 trahebantur.
1707 2494 1969 2558 Cingonius
2009 2494 2161 2543 Varro
2191 2493 2497 2553 disseruerat,
2530 2497 2586 2541 ut
2605 2491 2777 2546 ,liberti

562 2559 724 2621 etiam,
742 2559 824 2623 qui
854 2560 907 2608 in
940 2562 1100 2609 eadem
1132 2563 1266 2609 domo
1300 2562 1630 2624 mansitarant,
1663 2562 1812 2610 Italia
1840 2561 2141 2624 pellerentur.
2211 2559 2271 2607 Id
2303 2560 2457 2606 vetuit
2495 2559 2682 2618 Coesar,
2712 2571 2776 2606 ne

562 2624 733 2687 prisca
756 2624 1024 2688 severitas,
1048 2641 1201 2689 quam
1225 2625 1488 2675 miseratio
1511 2641 1615 2675 non
1638 2626 1878 2685 lenierat,
1902 2639 1997 2687 per
2018 2624 2392 2673 immanitatem
2415 2629 2714 2685 augeretur.

634 2690 809 2738 Eodem
824 2705 946 2738 anno
969 2691 1205 2739 convictus
1226 2700 1305 2740 est
1327 2698 1479 2755 eapte
1506 2692 1719 2755 pecunias
1756 2690 2029 2753 Tarquitius
2057 2690 2267 2746 Priscus,
2292 2688 2522 2752 Bithynis
2538 2687 2777 2750 postulem

564 2753 713 2818 tibus,
757 2754 945 2817 ingenti
980 2757 1151 2805 loetilia
1184 2761 1392 2820 senalus,
1423 2757 1506 2821 qui
1538 2756 1888 2820 recordabatur,
1921 2754 2170 2804 Statilium
2217 2754 2422 2803 Taurum
2458 2754 2782 2816 proconsulem

1487 2879 1842 2903 ‘0666‘00‘00'

638 2969 663 3017 1
702 2968 766 3018 In
788 2969 891 3018 Ms.
912 2968 1090 3021 Guelf.
1111 2985 1230 3020 unus
1251 2978 1331 3020 est
1369 2970 1420 3020 in
1456 2969 1630 3019 litura.
1697 2969 1889 3018 Fuerat
1923 2968 2083 3018 bonus.
2102 2967 2212 3033 (Sic
2232 2964 2393 3030 Bnd.)
2422 2965 2531 3015 Sed
2551 2982 2675 3017 unus
2701 2980 2785 3019 ve-

570 3046 683 3081 rum
717 3040 816 3083 est.
885 3033 1013 3083 Mox
1056 3035 1108 3083 in
1140 3037 1323 3086 eodem
1364 3043 1442 3084 est
1462 3035 1670 3096 dubiam,
1693 3033 1939 3097 absorpta
1962 3034 2156 3097 syllaba
2180 3033 2250 3094 in,
2268 3038 2326 3081 ut
2349 3047 2509 3095 saepe,
2532 3048 2564 3082 a
2587 3048 2786 3097 praece·

569 3096 730 3147 dente
783 3098 951 3147 litera.
993 3101 1183 3149 Ernest.
1250 3101 1386 3149 Bud.
1415 3117 1461 3150 a.
1485 3105 1533 3148 1.
1568 3115 1635 3148 m.
1665 3098 1907 3147 indubiam
1944 3099 2277 3148 innocentiam.
2315 3097 2451 3146 unde
2491 3102 2541 3146 2.
2567 3113 2638 3147 m.
2664 3097 2791 3149 fecit

566 3162 779 3212 indubie.
846 3163 1069 3214 Admitti
1092 3172 1267 3229 posset
1290 3166 1462 3215 deleto
1480 3178 1536 3214 ιω
1557 3163 1907 3228 praecedente.
1945 3164 2259 3212 Oberlin.—‘-2
2291 3163 2420 3211 Mss.
2439 3163 2579 3213 Flor.
2604 3161 2788 3214 Guelf.

553 3227 722 3277 'Harh
747 3229 898 3278 Bodl.
921 3230 1032 3280 Jes.
1055 3239 1109 3279 et
1129 3231 1385 3280 editiones
1418 3237 1624 3280 veteres
1648 3235 1769 3277 ante
1791 3229 2113 3289 Rhenanam,
2137 3228 2225 3294 qui
2247 3227 2436 3284 omisit,
2458 3233 2523 3277 et.
2590 3228 2657 3276 Iu
2682 3229 2784 3279 Ms-

572 3295 706 3356 Reg.
725 3299 770 3342 et
788 3309 907 3344 saxa
929 3300 976 3344 et
981 3294 1232 3355 saoes.---3
1270 3297 1611 3353 Puteolanus,
1631 3295 1859 3342 minante.
1926 3294 1990 3343 ln
2017 3292 2146 3343 Mss.
2168 3293 2540 3342 minitante.—-4
2573 3292 2639 3342 Iu
2658 3295 2787 3346 Mas.

574 3360 703 3426 Reg.
726 3360 883 3409 Corb.
907 3368 962 3409 et
995 3361 1223 3411 editione
1261 3361 1510 3425 principe,
1555 3359 1832 3421 Cingoritus
1857 3359 2046 3420 >Bari-o,
2083 3358 2168 3408 vel
2216 3358 2480 3407 varra-25
2518 3358 2653 3410 Mss.
2674 3360 2785 3411 Jes.

569 3424 725 3475 Bodl.
749 3435 805 3475 et
829 3425 1083 3475 editiones
1110 3433 1329 3487 veteres,
1350 3428 1690 3475 incenderetur.
1758 3425 1902 3472 Bene
1920 3424 2151 3473 Pichena
2167 3431 2225 3473 et
2246 3424 2561 3473 recentiores
2580 3439 2648 3472 ex
2672 3439 2790 3475 eon·

560 3489 767 3554 jectnra
793 3490 1027 3539 Rhenani
1051 3498 1104 3540 et
1127 3492 1376 3548 Memeri,
1395 3494 1732 3539 intenderetur.
1777 3490 2002 3539 Brotier.
2715 3529 2722 3538 .

636 3559 662 3604 1
700 3556 827 3604 Mss.
853 3556 1000 3604 Harl.
1023 3557 1174 3605 Bodl.
1198 3557 1309 3609 JeS.
1331 3556 1508 3607 Guelf.
1531 3555 1757 3620 quim—2
1791 3556 1893 3604 Ms.
1915 3554 2056 3604 Flor.
2073 3554 2360 3618 proconsule.
2409 3553 2476 3602 In
2495 3553 2629 3605 Mss.
2653 3553 2786 3638 {leg-

1560 3677 1610 3725 N
1616 3676 1792 3727 ΟΤΙΕ1

574 3773 625 3823 in
652 3773 788 3823 idem
828 3772 1093 3839 flagitium
1114 3775 1367 3826 abstracti
1390 3782 1557 3838 erant,
1580 3781 1639 3825 ut
1718 3774 1846 3823 buit·
1870 3789 1976 3836 eos,
2000 3773 2090 3838 qui
2131 3766 2431 3823 manumissi
2469 3777 2789 3822 testamento

567 3850 629 3903 fit
652 3851 702 3900 in
724 3852 930 3915 praeliis.
1187 3859 1191 3865 ’
1719 3849 1911 3915 forent,
1925 3860 1979 3902 et
1998 3852 2104 3916 qui,
2128 3867 2220 3915 spe
2243 3849 2505 3901 libertatis
2524 3856 2788 3900 maturan-

584 3935 655 3963 ''2'
689 3930 875 3980 Liberti
898 3931 1093 3995 quoque]
1147 3933 1348 3998 Utpote
1379 3935 1465 3998 qui
1492 3948 1639 3997 quas·
1721 3927 1945 3991 dae,tale
1977 3927 2179 3977 facinus
2218 3928 2451 3992 aggredi,
2489 3935 2582 3976 aut
2617 3926 2791 3977 conni-

569 4006 689 4055 dam
705 4020 898 4071 operas
918 4009 1146 4072 patronis
1171 4011 1441 4070 deberent,
1476 4017 1529 4058 et
1553 4008 1641 4057 ad-
1719 4013 1864 4066 vere,
1887 4006 2040 4054 silere
2063 4020 2122 4055 ac
2146 4005 2470 4054 dissimulare
2492 4005 2759 4067 poterant.

569 4084 770 4136 linceis
792 4085 1060 4150 inservire,
1081 4094 1135 4135 et
1162 4087 1338 4135 colere
1362 4086 1477 4135 illos
1499 4094 1641 4135 tene·
1787 4090 1806 4115 ⁸
1846 4082 2100 4147 Bithynis]
2134 4082 2246 4133 Lib.
2271 4094 2373 4129 xu.
2389 4085 2470 4130 22.

573 4160 784 4224 bantur,
801 4163 877 4210 ita
900 4170 959 4211 ut
983 4176 1100 4226 pars
1138 4164 1292 4213 etiam
1316 4163 1563 4211 bonorum
1584 4162 1643 4210 li·
1785 4161 1804 4192 ²
1835 4161 2123 4210 Accusatum
2133 4159 2194 4208 ub
2210 4173 2262 4206 eo
2278 4156 2532 4207 Statilium
2556 4151 2788 4217 Taurum]

570 4233 709 4287 berti
732 4236 965 4288 defuncti
988 4234 1052 4287 ad
1079 4247 1323 4303 patronos
1349 4237 1567 4285 veniret.
1723 4235 1896 4302 Supra
1917 4234 2009 4286 lib.
2033 4247 2136 4287 ιιι.
2168 4234 2377 4299 Lipsius.
2815 4228 2820 4232 ⁴

636 4313 739 4364 Sed
773 4314 855 4366 hic
892 4316 1188 4382 praesertim
1224 4314 1519 4380 intelligere
1548 4313 1635 4364 de·
2148 4331 2154 4338 ·
