3063 4952
519 699 677 778 ciet,
700 693 1067 782 provinciis
1102 688 1452 756 Romanis²
1481 684 1819 750 minitans.

528 844 533 847 -
606 794 673 868 8.
700 797 896 878 ‘Quae
918 796 1037 861 ubi
1061 791 1420 858 Corbuloni
1451 787 1672 852 certis¹
1691 784 1948 849 'nuntiis
1978 780 2410 859 audita'sunt,
2436 779 2746 862 legiones

516 902 719 971 duas²
765 920 918 965 cum
945 897 1307 963 Verulanoa
1353 894 1604 957 Severo
1643 894 1712 953 et
1754 885 2007 951 Vettio³
2041 881 2329 949 Bolano*
2356 880 2735 947 subsidium

525 1102 633 1154 belli
653 1082 750 1152 cim
769 1104 1134 1164 apparatumque
1149 1068 1329 1147 exciret
1346 1112 1366 1153 ,-
1396 1101 1445 1146 et
1468 1092 1739 1143 minabatur
1753 1092 1898 1141 etiam
1915 1087 2172 1154 provinciis
2195 1086 2334 1134 Rom·

530 1218 537 1225 ,
595 1169 716 1224 Quoe
730 1168 973 1231 postquam
1005 1166 1164 1213 delata
1195 1169 1305 1212 sunt

1349 1159 1605 1211 Corbuloni
1642 1159 1786 1206 certis
1821 1153 2023 1216 nuntiis,
2058 1151 2214 1202 mittit
2253 1149 2489 1199 auxilium
2516 1133 2746 1208 Tigrani,

527 1234 645 1284 duas
663 1232 866 1297 legiones
886 1245 993 1282 cum
1038 1229 1268 1281 Verulano
1290 1227 1479 1291 Severo,
1505 1229 1555 1274 et
1601 1223 1757 1273 Vectio
1797 1222 2005 1284 Bolano,
2043 1233 2149 1269 cam
2184 1215 2376 1266 secretis
2394 1213 2662 1276 mandatis,
2685 1215 2745 1260 ut

1458 1387 1814 1411 “““““““

601 1520 631 1567 1
665 1513 729 1566 In
760 1513 863 1565 Ms.
896 1514 1026 1578 Beg-
1066 1518 1122 1563 et
1162 1511 1390 1562 editione
1431 1507 1685 1577 principe,
1720 1504 2016 1555 cunctim—2
2048 1500 2192 1551 Male
2227 1499 2357 1548 Mss.
2401 1493 2556 1545 Harl.
2591 1490 2755 1541 Boot.

538 1582 651 1633 Jes.
669 1595 795 1634 suas.
828 1580 1152 1630 Brotier.—3
1183 1577 1268 1628 Sic
1302 1577 1406 1626 Ms.
1444 1576 1585 1624 Flor.
1609 1579 1665 1623 et
1683 1578 1885 1621 veteres
1903 1566 2267 1630 inscriptiones
2291 1561 2430 1626 apud
2444 1560 2761 1610 Gruterum.

534 1646 826 1713 Perpernam
846 1646 900 1697 in
923 1645 1037 1697 aliis
1076 1643 1211 1697 Mss.'
1230 1648 1286 1695 et
1318 1638 1585 1703 veteribus
1618 1634 1954 1700 editionibus,
1999 1632 2152 1697 Vetto,
2175 1635 2266 1681 aut
2297 1626 2475 1679 Vectio.
2509 1624 2760 1674 Idem.-

1531 1795 1744 1848 NO'rAE

537 1930 652 2002 ipse
674 1934 980 2000 discordias,
998 1937 1085 1986 vel
1115 1936 1228 2001 jam
1262 1940 1372 1986 tum
1397 1946 1603 1998 compo·
1621 2001 1639 2007 ⁷-
1683 1928 1810 1978 riam
1830 1923 2093 1988 intelligit,
2116 1935 2233 1987 quae
2268 1917 2517 1983 opulenta
2546 1919 2606 1964 et
2627 1903 2765 1964 vici-

542 2015 660 2064 sitae
693 2020 845 2064 erant
880 2028 998 2062 cum
1035 2011 1328 2077 Hyrcanis3
1382 2023 1605 2074 namque

541 2092 732 2142 molem
768 2089 892 2142 belli
927 2091 1035 2141 ciet
1072 2096 1202 2153 tum,
1230 2104 1331 2138 non
1365 2087 1608 2138 adversus

520 2165 842 2233 ³Hyrcanos,
863 2168 955 2219 sed
977 2169 1225 2219 adversus
1252 2167 1530 2231 Tigranem
1555 2171 1609 2215 et

544 2244 828 2296 Romanos.

611 2323 792 2374 Positis
828 2314 1047 2373 adverne's
1088 2322 1334 2386 Hyrcanos
1377 2321 1612 2386 dissid-iis]

544 2401 634 2454 Ne
683 2408 836 2466 putes
872 2409 981 2452 tum
1037 2401 1349 2466 expediisse,
1388 2407 1477 2450 aut
1523 2414 1611 2449 ex-

544 2479 647 2531 fise
667 2479 979 2543 Vologesen)
1002 2480 1253 2534 adversus
1278 2478 1575 2542 'Hyrcanos
1596 2494 1610 2539 ;

546 2557 863 2606 namststim
887 2558 999 2621 ipse
1040 2571 1158 2606 cum
1182 2563 1298 2606 tota
1333 2554 1455 2605 belli
1479 2555 1613 2603 mole

548 2632 822 2696 adventat,
844 2642 899 2683 et
921 2634 1044 2684 dum
1081 2635 1324 2685 Moneses
1346 2647 1463 2682 cum
1486 2629 1613 2680 Adi·

550 2709 731 2760 abenis
774 2710 978 2759 obsidet
1016 2711 1463 2775 Tigranocertam,
1501 2705 1615 2772 ips'e

546 2798 646 2838 rex
669 2801 896 2851 praesens
918 2787 1052 2839 helio
1075 2786 1278 2849 aderat,
1302 2785 1368 2835 ad
1394 2783 1617 2835 Nisibim

550 2873 761 2927 nempe.

584 2949 591 2958 ’
619 2940 691 2992 Et
715 2933 833 2990 hinc
866 2940 1056 2992 bellum
1080 2942 1321 3005 juvabat,
1364 2938 1617 2989 distabat·

548 3030 656 3098 qne
691 3022 894 3067 tantum
932 3017 1114 3067 decem
1144 3012 1304 3068 leucis
1325 3032 1357 3066 a
1375 3017 1618 3079 Tigrano-

552 3098 729 3149 certa:
784 3094 921 3157 quod
963 3109 1065 3143 non
1109 3093 1368 3157 potuisset
1405 3091 1540 3153 fieri,
1574 3090 1619 3140 si

552 3167 739 3238 ‘eadem
763 3175 951 3219 aestate
985 3170 1300 3234 suscepisset
1330 3167 1620 3233 expeditio-

554 3258 678 3295 nem
701 3245 947 3296 adversus
987 3241 1300 3310 Hyrcanos.·
1345 3248 1458 3296 Nec
1479 3252 1620 3296 certe

550 3323 766 3387 equitum
805 3339 1007 3385 manum,
1046 3340 1149 3387 quoe
1190 3339 1349 3386 regem
1371 3314 1453 3373 ‘ex
1495 3336 1621 3372 more

552 3397 847 3463 sectabatur,
888 3401 1089 3449 Monesi
1112 3401 1361 3461 dedisset,
1384 3398 1480 3448 nisi
1518 3405 1621 3448 sta·

554 3474 656 3530 tim
710 3475 823 3541 ipse
866 3484 1171 3543 sequeretur
1221 3492 1339 3528 cum
1382 3475 1622 3526 universo

551 3554 819 3609 ,exer-citu.

561 3689 565 3695 .
626 3627 817 3693 Igitur,
837 3630 917 3678 vel
930 3630 1038 3695 jam
1057 3630 1239 3694 positae
1258 3636 1411 3681 erant
1426 3628 1625 3682 discor-

554 3699 666 3761 ,ἀίω
688 3707 933 3758 adversus
955 3708 1243 3773 Hyrcanos,
1262 3708 1345 3756 vel
1360 3714 1468 3757 tum
1487 3721 1625 3757 com-

550 3782 891 3847 ·ponebantur
914 3785 979 3833 ab
1004 3786 1128 3847 ipsis
1149 3783 1397 3834 fratribus
1421 3784 1625 3833 Pacoro

558 3863 622 3913 .et
641 3859 894 3920 Tiridate,
916 3861 1035 3910 dum
1058 3860 1217 3909 etiam
1241 3875 1332 3912 rex
1355 3861 1468 3923 ipse
1488 3859 1626 3910 totas

566 3936 714 4000 regni
740 3937 873 3986 vires
896 3938 1001 3986 ciet
1033 3936 1328 3985 Armeniam
1354 3938 1627 3999 petiturus.

558 4061 566 4075 ,
599 4005 794 4075 Puto,
819 4015 933 4079 jam
975 4022 1081 4066 tum
1120 4014 1460 4077 compositum
1498 4018 1631 4076 erat,

552 4094 622 4142 ,εἰ
643 4088 930 4140 discussum
975 4090 1164 4138 bellum
1205 4075 1325 4139 cuni
1357 4091 1629 4154 Hyrcanis,

557 4170 625 4220 ,et
662 4164 1071 4229 intelligendum,
1109 4166 1256 4231 quasi
1296 4165 1627 4230 scripsisset:

556 4240 666 4306 Jam
682 4242 851 4304 positis
865 4243 1130 4292 discordiis.
1162 4260 1178 4289 J

1686 2019 1755 2053 na
1821 1998 2246 2066 Mesopotamiae·
2286 1993 2502 2058 campis,
2567 1978 2764 2056 quibus

1688 2081 1950 2146 equitatus
1990 2075 2265 2128 Parthicus
2302 2067 2673 2135 praepollebat,
2708 2071 2768 2116 et

1689 2155 1944 2222 Euphrati
1963 2152 2179 2216 flumini,
2193 2148 2351 2200 ‘ambo
2384 2144 2603 2215 imperia
2636 2140 2770 2193 divi·

1671 2236 1877 2287 'denti.·

1756 2321 1781 2347 ⁸
1815 2315 1938 2363 Cum
1987 2305 2242 2369 Vemlaao]
2320 2302 2395 2355 Hi
2450 2301 2553 2351 duo
2599 2296 2770 2364 legati

1693 2397 1845 2442 eraut
1884 2405 1990 2440 suae
2036 2386 2256 2452 quisque
2286 2380 2520 2446 legionis.
2589 2378 2768 2427 Nemo

1677 2469 1859 2519 ‘adhuc
1901 2481 2091 2516 sammoe
2135 2462 2247 2513 belli
2290 2463 2555 2525 proeerat:
2623 2459 2770 2518 nam,

1691 2546 2035 2611 scripseratque
2074 2539 2257 2591 Coesari
2290 2536 2536 2596 Corbulo,
2567 2532 2771 2598 proprio

1692 2626 1808 2674 duce
1822 2638 1938 2688 opus
1951 2636 2068 2683 esse,
2083 2618 2166 2683 qui
2184 2615 2460 2667 Armeniam
2473 2609 2770 2679 defenderet.

1762 2699 1986 2751 Corbulo
2010 2697 2195 2747 absens
2223 2695 2275 2744 in
2306 2690 2481 2756 Syria,
2502 2686 2641 2737 tueri
2667 2684 2773 2735 Ar·

1696 2777 1921 2826 meniam
1961 2788 2064 2823 non
2104 2770 2335 2831 valebat,
2364 2772 2419 2816 et
2456 2762 2615 2827 Syria
2650 2762 2772 2826 ipss

1701 2851 1964 2902 aParthis
1986 2849 2276 2913 oppugnari
2316 2840 2512 2907 potuit,
2538 2838 2582 2887 si
2623 2836 2774 2890 dese-

1703 2935 1922 2980 reretur.
1986 2926 2175 2989 Itaque
2191 2953 2194 2958 .
2209 2920 2403 2986 proprio
2427 2919 2545 2967 duce
2567 2914 2774 2979 indige-

1704 3005 1793 3057 bat
1817 3001 2083 3064 Armenia,
2105 3008 2166 3050 ut
2188 3007 2244 3048 et
2263 3005 2467 3047 rectore
2487 3008 2580 3043 suo
2600 2993 2774 3057 Syria,

1695 3082 1992 3148 praesertim
2030 3080 2304 3143 ingruente
2341 3087 2483 3138 rege,
2514 3078 2772 3137 tantaque

1681 3160 1826 3210 belli
1846 3159 2002 3209 mole.

1769 3235 1793 3270 ¹³
1823 3238 1982 3289 Vettio
2004 3231 2215 3296 Bolano]
2247 3231 2409 3294 Vulgo
2441 3227 2609 3279 Vectio
2623 3244 2641 3277 .-
2676 3225 2770 3277 sed

1704 3313 1871 3362 scribe
1903 3311 2081 3374 Vettio,
2113 3324 2178 3359 ex
2203 3306 2410 3370 lapide:
2452 3318 2503 3353 c.
2530 3314 2780 3353 CALPVR-

1706 3405 1817 3440 mo.
1873 3401 2086 3439 Pmoun.
2144 3400 2210 3435 Μ.
2258 3395 2479 3433 vm'no.
2523 3392 2773 3431 nomano.

1707 3480 1818 3519 cos,
1871 3466 1953 3517 De
1982 3465 2135 3529 hujus
2169 3460 2353 3513 Bolani
2378 3458 2570 3509 bellica
2592 3456 2775 3526 gloria,

1704 3545 1904 3598 Statius
1924 3544 2017 3595 lib.
2041 3556 2093 3594 v.
2137 3540 2334 3605 Sylvar.
2374 3536 2438 3587 ad
2471 3534 2638 3584 filium
2659 3532 2778 3597 ejus

1706 3623 2036 3687 Crispinum:
2102 3620 2117 3645 ‘
2142 3615 2321 3680 Rigidi
2360 3626 2617 3666 summam
2660 3610 2777 3660 Ma-

1706 3701 1869 3752 vortis
1892 3700 2080 3762 agebat
2103 3694 2362 3753 Corbulo;
2396 3691 2490 3740 sed
2524 3688 2777 3739 comitem

1706 3779 1829 3830 belli
1866 3774 2165 3837 sociumque
2205 3769 2401 3819 laboris
2440 3769 2544 3817 Ille
2569 3779 2778 3832 quoque

1709 3852 1929 3918 egregiis
1973 3850 2189 3899 multum
2233 3844 2446 3896 miratus
2503 3845 2558 3893 in
2618 3842 2777 3893 armis

1710 3931 1981 3989 Bolanum,
2014 3932 2173 3989 atque
2207 3923 2283 3971 illi
2323 3936 2565 3972 curarum
2601 3932 2778 3983 asper·

1711 4008 1838 4057 rima
1860 4011 2035 4055 suetus
2057 3999 2322 4054 Credere.'
2353 3998 2565 4063 Lipsius.

1776 4087 1897 4136 Non
1938 4081 2144 4134 omnino
2180 4078 2447 4129 fidendum
2480 4075 2778 4140 inscriptio-

1697 4159 1899 4221 ‘nibns;
1948 4172 2089 4221 saepe
2123 4155 2260 4205 forte
2284 4158 2428 4206 errat
2452 4166 2634 4205 manus
2653 4148 2779 4203 snt·

1714 4237 1826 4296 ficis
1840 4236 2014 4305 ignari
2033 4235 2318 4311 literarum.

618 4314 1213 4385 'PPrvviacii-tflomaais]
1244 4316 1636 4399 Praecipuefiy·
1713 4375 1722 4384 κ
