3063 4952
1070 391 1480 442 auxanium
1531 391 1681 441 mu.
1728 392 1890 442 xiv.
2410 377 2588 445 18oe

369 397 429 455 J.
450 398 512 452 ο.
533 399 648 464 σε.)

369 545 592 607 tamen
622 539 861 624 primo,
891 538 1108 606 civilis
1137 537 1440 603 discidii⁷
1472 540 1699 623 specie
1722 538 1768 605 :‘1
1812 538 2215 625 domumque
2247 540 2470 621 Burri,
2512 548 2579 609 et

369 644 656 729 praedia⁸
689 644 964 722 Plauti:
993 642 1285 707 infausta
1320 642 1523 719 dona,
1556 645 1820 727 accipit.
1912 642 2085 708 Mox
2124 645 2195 708 in
2222 642 2581 728 Campani-

371 743 523 814 amf.
539 749 741 832 pulsa
767 757 889 827 est,
921 747 1150 812 addita
1190 748 1457 813 militari
1504 749 1827 813 custodia.
1918 749 2083 813 Inde
2134 747 2346 812 crebri
2387 767 2582 832 qnes-

366 857 497 931 tuS,
560 866 683 916 nec
728 852 973 916 occulti
1027 870 1144 934 per
1186 850 1500 933 vulgum3
1548 853 1657 915 cni
1706 853 1917 918 minor
1955 850 2309 936 sapientia,
2356 857 2444 930 et,
2490 872 2579 918 ex

367 952 826 1020 mediocritate
855 955 1160 1032 fortunae,
1192 955 1518 1037 pauciora
1560 955 1866 1037 pericula
1923 961 2095 1043 sunt.
2185 954 2324 1019 His
2365 953 2584 1039 Nero,

362 1058 957 1144 haudquaquam⁹ss
986 1057 1375 1141 poenitentia
1398 1057 1667 1141 flagitii,
1699 1060 2047 1144 conjugem
2069 1057 2410 1124 revocavit
2439 1057 2578 1123 Oc-

367 1163 640 1228 taviam.
2409 1186 2416 1191 ,

362 1294 627 1361 danturque
665 1297 758 1361 ipsi
776 1299 900 1347 cedes
920 1297 1125 1361 Burrhi,
1145 1303 1189 1347 et
1214 1299 1343 1347 viuae
1359 1296 1545 1360 Plauti,
1569 1298 1864 1361 inauspicata
1887 1314 2096 1348 munera.
2168 1298 2338 1347 Postea
2356 1297 2408 1346 in
2437 1298 2579 1347 Cam·

353 1363 552 1425 puniam
583 1368 740 1412 amota
777 1368 867 1426 est,
887 1367 1098 1428 apposito
1129 1364 1330 1414 militari
1361 1363 1602 1427 praesidio.
1672 1364 1806 1413 Hinc
1840 1363 2116 1427 frequentes
2138 1363 2457 1426 querimonioe,
2487 1377 2575 1411 nec

359 1433 554 1477 secretoe
572 1444 657 1492 per
673 1429 982 1493 plebeculam,
1003 1431 1080 1479 cui
1104 1432 1259 1478 minus
1272 1430 1558 1493 prudentioe,
1573 1434 1621 1479 et
1636 1445 1698 1479 ex
1717 1430 1949 1479 tenuitate
1956 1428 2188 1490 sartum,
2203 1429 2386 1478 minora
2406 1427 2594 1491 deseri-p

362 1492 496 1543 mina
517 1498 643 1546 sunt.
709 1494 810 1544 His
833 1503 1001 1545 motus
1026 1495 1178 1558 Nero,
1196 1511 1285 1545 uon
1307 1495 1492 1544 sceleris
1509 1496 1811 1560 poenitentia,
1830 1510 2024 1545 uxorem
2050 1493 2300 1545 Octaviam
2320 1493 2532 1543 reduxit.

1290 1623 1647 1643 OOOOOOOOOO

354 1705 466 1755 Ms.
481 1705 618 1754 Flor.
630 1705 815 1782 dissidii
839 1706 1163 1771 Lipsius.-—-8
1186 1709 1254 1758 Et
1269 1709 1412 1759 abest
1430 1724 1459 1758 a
1472 1710 1575 1760 Ms.
1590 1711 1725 1761 Flor.
1771 1709 1835 1759 In
1852 1709 2080 1784 editipne
2098 1705 2574 1773 principe,praedia-

355 1771 826 1900 «ν’-Μ
849 1771 2571 1905 assumamus-„22-{322221‘af1313231af0122

355 1906 616 1964 tanquam.-
649 1902 700 1950 in
736 1904 965 1965 margine
1002 1904 1102 1953 Ms.
1129 1906 1279 1955 Bodl.
1302 1908 1427 1955 haud
1442 1923 1711 1972 quaquam,·
1743 1921 1902 1972 supra
1924 1921 2216 1970 quamquam.
2277 1905 2573 1967 Quamquam

354 1967 556 2030 legitur
580 1982 785 2033 quoque
802 1969 855 2017 in
880 1970 983 2018 Ms.
1010 1970 1167 2020 Corb.
1188 1978 1243 2020 et
1274 1972 1502 2022 editione
1527 1974 1783 2037 principe.
1854 1973 2171 2021 Puteolanus
2194 1972 2377 2020 merito
2400 1982 2573 2018 emen-

356 2033 525 2093 davit,
547 2033 674 2082 haud
694 2049 943 2098 quaquam.
1012 2037 1236 2085 Restitui
1261 2051 1325 2085 ex
1352 2039 1479 2088 Mss.
1500 2039 1600 2088 His
1622 2045 1774 2088 motus
1797 2039 1944 2100 Nero,
1967 2039 2096 2086 haud
2118 2051 2364 2100 quaquam.
2398 2033 2571 2084 Antea

355 2098 411 2146 in
433 2097 579 2148 libris
603 2098 776 2161 editis,
795 2100 886 2161 his,
906 2100 1030 2149 haud
1050 2118 1282 2165 quaquam
1316 2104 1447 2153 Nera
1476 2105 1876 2168 poenitmtia,&c.
1944 2104 2044 2151 Sed
2087 2103 2137 2150 id
2179 2102 2414 2150 mutilum
2434 2098 2573 2148 frac-

355 2170 708 2228 tumque‚nec
735 2167 843 2215 sine
868 2166 1008 2215 libris
1033 2168 1430 2229 restituendum,
1445 2169 1559 2233 jam
1585 2169 1787 2218 viderat
1815 2170 2035 2233 Lipsius.
2073 2168 2287 2216 Brotier.
2359 2165 2567 2226 Mutila,

349 2227 557 2281 fracta:
594 2238 649 2279 et
675 2232 726 2279 in
752 2231 938 2296 quibus
968 2234 1307 2282 restituendis
1347 2235 1456 2282 sine
1496 2235 1639 2284 libris
1679 2234 1872 2283 frustra
1914 2233 2212 2282 allaborem.
2281 2231 2344 2279 In
2389 2230 2566 2279 eadem

171 2304 177 2310 ·
276 2314 279 2317 ·
350 2308 511 2357 noxa,
533 2297 818 2360 sequentia.
884 2297 947 2346 In
984 2296 1247 2362 Agricolae
1288 2304 1460 2347 tamen
1497 2300 1678 2349 codiee
1715 2305 1981 2348 notatum:
2020 2297 2120 2346 His
2155 2301 2306 2345 motus
2328 2297 2474 2358 Nero,
2505 2310 2569 2343 aa

348 2361 834 2426 poenitentiaflagitii
849 2379 866 2412 .·
898 2363 989 2412 sed
1014 2363 1248 2426 ingenio,
1262 2369 1319 2412 ut
1342 2365 1544 2427 opinor,
1563 2365 1713 2413 duce.
1749 2364 1957 2426 Lipsius.
2026 2363 2145 2412 Hoc
2167 2370 2340 2410 tamen
2364 2361 2569 2422 recepit

353 2426 603 2490 Ryckius.
672 2428 838 2476 Motus
861 2429 990 2478 Nero
1014 2444 1138 2479 sane
1179 2430 1334 2479 etiam
1361 2431 1490 2480 Mss.
1515 2430 1690 2481 Oxon.
1716 2428 1896 2480 Guelt‘.
1932 2435 2115 2494 estque
2163 2427 2355 2476 usitata
2383 2425 2565 2474 Tacito

1348 2569 1563 2621 NOTAE

415 2680 438 2715 ¹¹
479 2682 651 2731 Civilis
684 2681 869 2732 dissidii
897 2684 1069 2750 specie]
1106 2685 1170 2736 Id
1211 2693 1312 2751 est,
1344 2687 1419 2738 di·

349 2759 526 2809 vortii.
560 2760 771 2823 Lipsius.

418 2836 618 2900 Civilis]
652 2838 813 2888 Quasi
852 2839 1076 2890 Neronis
1108 2841 1283 2892 odium
1315 2857 1441 2906 non¹

203 2959 209 2968 ,
296 2927 302 2933 ·
347 2911 599 2962 infestum
631 2921 686 2964 et
710 2916 932 2979 capitale
955 2926 1113 2983 esset,
1151 2920 1242 2969 sed
1277 2921 1418 2970 civili

351 3005 497 3056 more
543 2990 714 3041 abiret
757 3007 914 3054 uxor;
950 3009 1065 3044 eam
1107 2996 1162 3044 in
1200 2997 1417 3047 civitate

351 3081 562 3118 manere
601 3068 792 3132 sinunt,
835 3072 979 3135 quasi
1022 3087 1120 3122 non
1168 3074 1419 3125 duratura

349 3143 472 3193 odia
497 3144 722 3195 Neronis
741 3154 931 3207 essent,
950 3164 1112 3214 usque
1136 3151 1200 3200 ad
1219 3133 1416 3202 caedem

351 3217 611 3284 Octaviae,
634 3222 783 3286 cujus
797 3226 990 3288 nuptiis
1013 3226 1234 3290 adeptus
1257 3230 1415 3294 impe-

346 3295 480 3345 rinm
504 3296 709 3360 fuerat:
745 3303 833 3348 sed
872 3303 922 3350 in
958 3303 1102 3351 caede
1126 3303 1417 3355 Britannici

346 3373 631 3439 matrisque
670 3377 924 3439 tyrocinia
962 3379 1287 3429 crudelitatis
1329 3382 1415 3430 de-

347 3456 599 3513 posuerat
621 3452 779 3502 Nero.

389 3527 513 3584 ⁸Vel
538 3529 709 3589 civilis,
729 3531 872 3595 quasi
908 3547 1095 3596 nempe
1119 3534 1243 3598 jure
1267 3534 1412 3584 civili

346 3609 402 3651 et
443 3602 643 3665 legibus
674 3614 854 3669 ageret
874 3608 1036 3670 Nero,
1075 3623 1191 3666 curn
1236 3616 1409 3659 tamen

346 3679 415 3729 ad
440 3680 542 3729 vim
568 3681 889 3745 principatus
913 3693 1223 3749 recurreret,
1262 3693 1322 3737 ut
1356 3688 1408 3737 in

343 3771 403 3806 re
429 3757 599 3820 palam
623 3758 809 3823 iniqua.

408 3841 432 3866 θ
465 3836 662 3884 Praedia
684 3838 871 3901 Plauti]
905 3838 989 3888 An
1011 3841 1185 3891 ablata
1212 3842 1408 3907 praedia

342 3911 494 3959 uxori
515 3919 570 3960 et
593 3912 767 3962 liberis
790 3915 1002 3966 Plauti?
1035 3917 1126 3965 sed
1161 3918 1274 3981 ipse
1306 3933 1405 3968 non

341 3988 638 4056 damnatus,
663 3990 754 4039 sed
794 3998 994 4044 tantum
1031 4003 1214 4045 senatu
1239 4003 1407 4046 motus

341 4075 445 4134 est,
464 4077 521 4119 et
557 4078 675 4134 post
713 4080 946 4122 mortem.
1015 4074 1121 4124 Cur
1141 4076 1300 4139 igitur
1324 4091 1407 4125 au-

340 4145 589 4196 feruntur
611 4148 776 4197 bona?
813 4163 877 4197 an
902 4149 1081 4199 debuit
1104 4151 1228 4200 illud
1253 4154 1405 4202 silere

339 4224 560 4278 Tacitus
584 4224 635 4273 in
659 4239 714 4273 re
735 4227 866 4275 tanti
890 4226 1169 4277 momenti?

388 4301 569 4376 Puto,
610 4303 753 4356 Julia
793 4311 961 4355 mater
1000 4305 1181 4357 Plauti
1223 4307 1406 4361 habuit

1501 2688 1691 2738 multas
1739 2701 1862 2751 opes
1900 2686 2060 2736 Drusi
2107 2684 2288 2749 patris,
2320 2688 2377 2732 et
2409 2681 2564 2732 etiam

1500 2764 1684 2815 fratris·
1696 2764 1890 2814 Tiberii
1916 2764 2160 2824 Gemelli,
2182 2776 2334 2827 quem
2357 2759 2568 2810 occidit

1502 2844 1737 2907 Caligula
1758 2860 1772 2905 3
1795 2858 1911 2907 quae
1937 2841 2073 2891 forte
2098 2841 2347 2906 pleraque
2371 2837 2569 2902 praediu

1501 2928 1648 2971 erant
1669 2919 1876 2971 familiae
1909 2919 2231 2984 principalis,
2253 2919 2432 2982 sicque
2468 2915 2565 2965 im·

1499 2999 1653 3065 perii,
1676 3005 1732 3048 et
1769 2999 1933 3049 veluti
1972 2997 2182 3062 publica
2223 3000 2409 3045 erant:
2445 3006 2563 3058 que

1498 3076 1671 3140 rapuit
1694 3090 1757 3126 eo
1771 3077 1891 3140 jure
1917 3076 2075 3125 Nero.

1562 3153 1649 3202 Sic
1692 3151 1848 3215 forte,
1887 3151 2123 3215 spoliatis
2162 3149 2341 3197 liberis
2363 3146 2565 3207 Plauti,

1497 3230 1610 3278 haec
1627 3229 1693 3277 ad
1718 3229 1977 3279 Caesarem
2000 3228 2280 3288 redierant,
2295 3238 2391 3274 nec
2416 3232 2560 3273 certe

1497 3304 1817 3355 cohaeredem
1865 3307 2130 3353 Neronem
2180 3303 2353 3351 liberis
2399 3306 2560 3349 testae

1495 3388 1677 3430 mento
1703 3382 1997 3447 reliquisset
2015 3380 2222 3443 sapiens
2240 3379 2477 3438 Plautus,
2504 3381 2562 3425 et

1495 3457 1659 3507 bonus
1680 3466 1846 3521 pater.
1916 3456 2127 3505 Pridem
2153 3455 2383 3519 perierat
2402 3452 2562 3515 Julia,

1494 3541 1661 3583 mater
1684 3534 1880 3595 Plauti,
1915 3533 2033 3582 dolo
2052 3533 2365 3582 Messallinae
2401 3530 2560 3580 inter*-

1491 3609 1651 3660 fecta.

1557 3688 1733 3749 Forte,
1754 3694 1995 3752 tanquam
2017 3686 2244 3736 damnati
2261 3686 2393 3734 bona
2415 3685 2559 3734 iuva.

1488 3774 1629 3814 serat
1649 3767 1825 3825 Nero;
1859 3763 1994 3814 forte
2021 3772 2076 3813 et
2097 3764 2287 3813 liberos
2311 3762 2555 3812 sustulit:

1490 3843 1611 3906 quia
1636 3843 1773 3906 paris
1796 3841 2099 3904 nobilitatis,
2141 3839 2426 3903 suspectari
2465 3837 2558 3887 sd·-

1488 3920 1589 3968 huc
1616 3926 1876 3983 poterant,
1899 3919 1979 3967 vel
2012 3925 2156 3968 certe
2181 3915 2243 3964 ad
2269 3919 2553 3979 egestatem

1480 3998 1712 4061 redegit.

1554 4070 1573 4105 s
1604 4071 1935 4137 Campaniam]
1969 4070 2083 4120 Lib.
2107 4083 2186 4119 vl.
2223 4083 2270 4118 c.
2313 4072 2358 4118 1.
2415 4067 2553 4117 Rue·

1485 4167 1709 4277 mznssisis
1733 4230 1860 4278 Nero
1881 4222 2264 4288 haudquaquam]
2298 4222 2396 4274 His
2438 4221 2580 4273 scil„

1484 4307 1628 4374 vulgi
1644 4305 1912 4373 questibus
1949 4308 2144 4368 motus,
2159 4315 2265 4354 non
2298 4301 2554 4366 poeniteuae
