3063 4952
564 404 741 474 1984
1249 420 1315 469 c.
1360 417 1721 469 consumi
1741 401 1749 409 ’
1769 419 2021 470 'uerri
2456 424 2547 490 [A.
2567 425 2754 480 usis.

479 594 484 597 ·
566 587 657 635 ex
681 561 1133 649 magnitudine
1176 563 1448 630 sceleris
1491 570 1876 650 provectae,
1920 572 1997 632 ut
2035 566 2324 633 rebatur.
2410 568 2488 654 Is
2515 570 2755 637 mulieri

567 669 762 737 olims
792 667 1120 750 cognitus,
1164 686 1286 731 seu
1312 686 1541 732 recens
1569 672 1713 732 orta
1741 669 2058 747 amicitia,
2103 669 2264 735 dum
2307 673 2330 705 ‘
2354 673 2589 736 merita
2613 691 2755 755 erga

568 770 899 837 Neronem
933 790 1079 849 sua,
1125 773 1192 834 et
1219 789 1421 855 quam
1449 771 1520 835 in
1547 770 1800 835 irritum
1827 770 2276 850 cecidissent,'
2320 775 2556 857 aperit,
2601 774 2755 861 adji-

564 875 788 960 citque
816 879 1094 959 questus
1117 880 1189 937 et
1216 878 1237 907 ‘
1268 873 1770 939 destinationem
1797 875 2135 954 vindictae,
2166 875 2225 939 si
2251 876 2543 942 facultas
2572 878 2755 943 orire-

565 975 754 1057 tur,'⁶
801 997 989 1062 spem
1027 975 1233 1054 dedit,
1275 994 1481 1059 posse
1526 977 1783 1060 impelli
1828 981 1895 1041 et
1937 977 2163 1060 plures
2207 979 2605 1045 conciliare:
2647 998 2757 1045 nec

566 1080 715 1144 leve
758 1079 1085 1145 auxilium
1133 1080 1202 1143 in
1251 1077 1490 1158 classe,
1548 1079 1816 1144 crebras
1870 1079 2302 1162 occasiones;
2376 1082 2544 1165 quia
2594 1081 2758 1147 Nero

566 1182 771 1247 multo
800 1183 979 1268 apud
1000 1181 1319 1247 Puteolos
1340 1186 1407 1245 et
1426 1180 1758 1254 Misenum
1787 1182 1984 1247 maris
2013 1203 2139 1248 usu
2165 1184 2534 1250 laetabatur.
2600 1185 2758 1270 Ergo

568 1284 949 1370 Epicharis⁸
978 1284 1210 1369 plura:
1255 1288 1321 1347 et
1361 1285 1590 1348 omnia
1630 1286 1883 1350 scelera
1911 1285 2245 1372 Principis
2276 1289 2568 1355 orditur=
2613 1294 2634 1323 ‘
2660 1304 2762 1354 ne·

569 1407 698 1473 que
720 1408 794 1454 se
811 1389 1094 1474 jactare,
1118 1387 1331 1472 quod⁷
1357 1388 1553 1452 inane
1583 1391 1760 1452 esset
1779 1396 1831 1470 ς·
1878 1390 2246 1474 provisum,
2268 1412 2563 1476 quonam
2580 1390 2762 1458 modo

567 1606 628 1640 ex
649 1592 955 1656 amplitudine
963 1591 1202 1654 facinoris
1219 1597 1421 1655 medus,
1452 1596 1506 1641 ut
1523 1591 1742 1657 putabat.
1809 1591 1931 1643 Sive
1953 1592 1997 1642 is
2015 1588 2231 1653 foeminoe
2249 1588 2435 1656 pridem
2458 1590 2599 1643 notus
2620 1596 2764 1655 esset,

568 1673 649 1707 seu
669 1674 818 1722 nuper
838 1664 989 1723 σαφέσι
1008 1658 1238 1720 amicitia,
1258 1659 1369 1706 dum
1385 1658 1430 1706 ei
1451 1664 1619 1707 amat
1641 1658 1917 1708 ministeria
1943 1658 2175 1708 exhibita
2192 1657 2412 1721 Caesari‚
2429 1670 2490 1708 et
2512 1674 2662 1723 quam
2678 1659 2766 1708 abi

567 1721 887 1774 infructuosa
921 1722 1156 1786 fuissent,
1192 1727 1464 1786 questusque
1497 1723 1734 1786 adiungit,
1769 1729 1816 1773 et
1852 1724 2171 1788 propositum
2208 1723 2442 1785 ultionis,
2474 1725 2521 1773 si
2555 1738 2610 1773 se
2632 1725 2768 1774 daret

569 1789 793 1849 occasio,
828 1804 955 1851 spem
965 1788 1110 1850 fecit,
1129 1803 1264 1852 posse
1294 1788 1510 1849 incitari,
1544 1789 1589 1837 et
1602 1791 1765 1852 plures
1786 1789 2002 1839 allicere.-
2031 1804 2115 1838 uec
2135 1789 2364 1839 mediocre
2384 1790 2646 1839 subsidium
2665 1787 2767 1839 fore

566 1853 620 1900 in
640 1853 803 1913 classe,
825 1853 1102 1917 frequentes
1135 1852 1394 1904 occasiones
1414 1851 1626 1916 offerri;
1660 1857 1828 1919 quippe
1867 1855 2000 1904 Nero
2038 1855 2164 1918 apud
2202 1854 2429 1903 Puteolos
2459 1861 2509 1904 et
2543 1856 2770 1904 Misenus·

568 1923 827 1967 commeatu
848 1919 994 1966 muris
1012 1934 1106 1967 uon
1120 1933 1289 1982 purum
1304 1918 1647 1978 delectabatur.
1715 1919 1879 1981 Igitur
1898 1919 2154 1983 Epicharis
2171 1921 2313 1984 plura
2337 1919 2513 1981 addit,
2534 1924 2771 1983 cunctaque

556 1980 779 2039 facinora
804 1983 1009 2032 Neronis
1038 1988 1310 2033 enumera.-
1344 1985 1415 2034 Et
1451 1998 1518 2034 ne
1557 1991 1790 2033 senatum
1823 1983 2031 2049 quidem
2071 1998 2281 2034 manere
2319 1985 2374 2033 in
2397 1984 2511 2050 fide
2522 1999 2544 2043 ,·
2574 1984 2771 2044 sedjm

570 2053 906 2111 prospectum
928 2062 1044 2112 esse,
1066 2062 1288 2113 quonam
1305 2054 1464 2114 pacto
1486 2048 1749 2098 subversae
1772 2048 2098 2114 Reipublicae
2127 2064 2305 2114 poenas
2324 2050 2520 2102 lueret.
2587 2050 2770 2099 Solum-

1492 2188 1670 2211 OOmO
1673 2189 1786 2211 OOC&
1792 2190 1850 2212 ‘O

568 2278 740 2323 utrum
762 2274 867 2323 ulla
889 2270 964 2324 de'
977 2274 1041 2324 iis
1077 2281 1223 2325 extet
1259 2272 1552 2337 inscriptio.
1618 2276 1934 2325 Bretina—5
1969 2271 2242 2326 Broti'erus
2266 2276 2439 2327 omisit
2472 2278 2605 2341 olim,
2636 2281 2687 2328 et
2705 2274 2768 2327 sic

571 2337 888 2390 Romen—6
921 2340 1051 2390 Mss.
1074 2340 1221 2390 Harl.
1248 2339 1400 2389 Bodl.
1420 2340 1535 2391 Jes.
1558 2345 1787 2390 oreretur.
1852 2339 1941 2389 Sic
1962 2356 2169 2406 quoque
2192 2341 2244 2390 in
2271 2343 2372 2392 Ms.
2404 2341 2591 2394 Guelf.
2624 2342 2770 2408 prima

569 2418 742 2454 manu.
805 2405 1062 2454 Ernestus
1085 2405 1297 2468 conjicit
1333 2404 1701 2469 efferatum—7
1736 2405 2011 2455 Brotierus
2051 2407 2211 2456 habet
2254 2422 2401 2471 neque
2444 2410 2635 2458 senatui
2659 2409 2773 2473 quid

567 2483 777 2518 munere:
814 2475 870 2519 et
891 2469 966 2520 ita
988 2471 1118 2521 Mss.
1140 2471 1312 2520 vatic.
1337 2471 1472 2520 Flor.
1495 2469 1631 2533 Reg.
1650 2468 1782 2534 Agr.
1801 2466 1963 2520 editio
1987 2473 2233 2536 princeps
2255 2481 2313 2522 et
2333 2474 2688 2525 recentiores:
2719 2478 2767 2522 et

568 2533 643 2582 sic
666 2534 895 2598 Ryckius
920 2543 975 2584 et
996 2535 1309 2585 Gronovius.
1373 2536 1504 2585 Mss.
1529 2536 1742 2584 Farnes.
1780 2543 1836 2584 et
1871 2537 2029 2586 Corb'.
2074 2540 2199 2601 quod
2230 2554 2433 2588 manere.
2507 2540 2611 2591 Ms.
2632 2538 2767 2588 Bodl.

568 2606 622 2646 et
646 2598 985 2662 Puteolanus,
1003 2602 1125 2664 quod
1147 2601 1285 2649 inune
1306 2604 1440 2649 esset.
1509 2599 1838 2651 Emendabat
1860 2601 2099 2665 Grotius,
2128 2618 2277 2667 neque
2312 2606 2507 2654 senatui
2513 2605 2666 2670 fidem
2681 2618 2767 2652 mo·

569 2677 704 2712 nere.-
739 2662 1208 2727 Illustrstfluetius,
1240 2678 1387 2728 neque
1406 2662 1619 2714 senatum
1640 2664 1829 2727 quidem
1848 2682 2052 2730 manere,
2085 2668 2140 2716 id
2163 2676 2263 2729 est,
2298 2675 2358 2719 ut
2391 2669 2512 2733 ipse
2537 2668 2766 2732 explicat,

567 2741 634 2778 ne
655 2735 889 2779 senatum
908 2729 1113 2796 quidem
1131 2736 1403 2795 expertem
1419 2729 1794 2794 conjurationis
1818 2745 2030 2782 manere
2049 2749 2063 2783 ι
2097 2731 2364 2799 Agricola,
2380 2748 2531 2798 neque
2550 2750 2600 2784 se
2618 2742 2767 2784 novun

1556 2890 1786 2944 NOTAE-

630 3008 650 3035 ¹
683 3004 818 3066 Ergo
847 3005 1124 3070 Epicharis]
1169 3008 1254 3058 Sic
1287 3009 1471 3074 capio:
1510 3023 1629 3059 cum
1778 3011 1942 3074 Neque
1962 3011 2166 3064 Senatui
2187 3010 2307 3078 quid
2323 3012 2540 3078 men]
2573 3011 2764 3064 Scribez

563 3081 832 3143 Epicharis
849 3098 996 3147 spem
1016 3085 1341 3149 concepisset
1360 3101 1511 3150 posse
1534 3087 1628 3135 im·
1718 3087 1877 3152 Neque
1898 3090 2115 3155 Senatui,
2132 3092 2244 3154 quid
2262 3092 2506 3155 provisum
2523 3101 2765 3154 secus,moe-

564 3157 688 3221 pelli
731 3159 1021 3222 Volusium,
1075 3166 1185 3211 tum
1241 3164 1393 3226 plura
1436 3164 1626 3213 sensim
1705 3179 1819 3214 uere
1859 3182 2057 3229 quonam
2117 3171 2268 3218 modo.
2346 3167 2625 3219 Sententia
2676 3169 2766 3226 est,

562 3233 731 3298 addit,
769 3236 930 3285 veluti
968 3237 1195 3287 securior
1231 3238 1459 3303 incepti;
1501 3240 1626 3290 dein
1706 3256 1812 3292 nec
1825 3244 2072 3295 Senatum
2097 3245 2410 3309 jamdudum
2442 3246 2500 3294 in
2537 3245 2635 3294 alia
2665 3255 2764 3292 sen-

562 3318 619 3361 et
637 3311 806 3363 omnia
823 3313 1024 3363 demum
1041 3314 1240 3365 scelera
1261 3316 1483 3366 Neronis
1506 3332 1626 3381 per—
1706 3319 1873 3369 tentia
1910 3336 2041 3385 esse,
2079 3337 2233 3387 quam
2271 3323 2557 3372 tollendum
2596 3316 2767 3384 priuci-

561 3388 741 3439 currit.
1708 3411 1849 3460 pem,
1862 3413 2074 3449 manere
2090 3413 2207 3449 eum
2227 3401 2412 3450 saltem
2431 3399 2659 3460 modum,
2673 3406 2764 3460 quo

625 3472 643 3496 ⁸
676 3467 840 3530 Neque
860 3482 910 3517 se
932 3467 1142 3532 jactare,
1177 3472 1299 3533 quod
1319 3470 1459 3520 irtam
1483 3472 1626 3535 esset]
1707 3476 1967 3526 tollendus
1989 3478 2057 3526 sit
2080 3477 2146 3526 de
2169 3476 2358 3527 medio.
2425 3476 2678 3527 Burtlu‘us.

558 3543 732 3608 Vulgo
750 3561 897 3609 neque
918 3547 1138 3611 Senatui,
1173 3549 1288 3611 quid
1316 3563 1538 3607 maner&
1571 3555 1629 3599 et
1775 3552 1949 3617 Lege:
1986 3555 2155 3617 Neque
2175 3553 2377 3605 Senatui
2394 3553 2553 3620 fidem
2573 3548 2761 3601 munere-

558 3619 669 3669 haec
709 3622 882 3671 Vatic.
923 3623 1117 3673 codicis
1161 3624 1438 3687 scriptura.
1505 3625 1624 3676 Nec
1708 3627 1914 3690 Nempe
1959 3629 2011 3678 in
2070 3630 2357 3680 Neronem.
2444 3629 2511 3679 Id
2557 3626 2763 3677 affirmat

560 3693 799 3745 dissentit
838 3690 1196 3761 Faruesiauus,
1235 3702 1336 3751 nisi
1368 3702 1508 3766 quod
1545 3718 1625 3752 re·
1706 3704 2000 3768 Epicharis,
2045 3712 2293 3771 tanquam
2346 3721 2448 3755 non
2497 3707 2675 3770 ignota
2712 3705 2762 3749 et

558 3768 681 3834 fert,
718 3775 842 3836 quod
879 3790 1079 3826 manere.
1145 3778 1275 3828 Quis
1306 3779 1494 3828 Castor
1531 3786 1626 3843 aut
1707 3779 2066 3830 Senatoribus.
2136 3782 2359 3832 Grotius.
2414 3785 2590 3845 Forte,
2613 3781 2762 3842 Neque

557 3847 748 3898 Pollux
770 3849 959 3900 liberat
978 3866 1057 3900 me
1076 3853 1141 3902 ab
1163 3854 1260 3902 hoc
1282 3855 1451 3903 aestu?
1705 3855 1904 3906 Senatui
1922 3858 2107 3920 quidem
2114 3858 2271 3923 fidem
2290 3874 2498 3908 munere.
2732 3850 2737 3854 ’

622 3925 798 3989 Forte,
830 3927 995 3990 Neque
1015 3944 1063 3977 se
1096 3936 1289 3978 nautum
1321 3932 1502 3994 quidem
1523 3947 1624 3980 ma·
1773 3932 2176 3997 NequeSenalui]
2201 3934 2309 3983 Alii
2324 3935 2478 3984 aliter
2489 3934 2758 3997 reponuntz

554 4017 681 4053 nere.
746 4005 910 4056 Quasi
928 4004 1188 4055 'atto'llens
1232 4007 1622 4070 conjuratorum
1706 4008 1873 4072 Neque
1896 4010 2096 4059 Senatui
2117 4013 2241 4073 quod
2273 4012 2417 4060 inune
2451 4015 2587 4072 esset,
2614 4005 2759 4071 proui-

556 4092 826 4129 numerum
880 4072 1313 4147 splendoremque
1370 4083 1423 4132 id
1482 4084 1624 4133 dicat
1660 4116 1663 4121 -
1703 4100 1807 4134 sum
1829 4090 2181 4150 quonammodo
2199 4104 2357 4151 poenus
2379 4103 2549 4138 eversoe
2566 4083 2757 4148 Reipub-

555 4155 758 4207 mulier.
825 4158 999 4208 Etiam
1022 4161 1135 4223 ipso
1169 4168 1418 4224 cessante,
1450 4162 1621 4226 provi·
1700 4161 1855 4212 daret.
1922 4164 2219 4214 Salinerius.
2516 4165 2521 4169 ’

557 4231 808 4298 sumlviris
842 4235 1162 4300 melioribus,
1196 4239 1451 4302 quomodo
1472 4238 1622 4290 nefa·
1767 4240 1936 4303 Neque
1959 4242 2180 4306 Senatui,
2217 4242 2339 4304 quod
2360 4242 2414 4290 in
2446 4254 2606 4290 πωπω
2633 4237 2753 4296 esset,

559 4303 664 4352 rius
685 4305 771 4357 ille
795 4323 973 4372 poenas
995 4312 1162 4365 daret.
1226 4313 1436 4378 Lipsius„
1694 4314 1939 4378 provisum
1956 4331 2154 4382 quonam
2173 4319 2329 4384 mode,
2352 4320 2434 4383 ᾃο.
2498 4313 2668 4367 Ursin-
