3063 4952
315 402 641 469 xant}-
996 393 1411 445 ΔιιιιΑιιυιι
1459 392 1612 444 mn.
1658 392 1838 442 1111.
2353 371 2534 458 1519

313 541 959 628 vindicrapatrionus
1001 560 1142 605 non
1183 541 1616 619 liberaverit?
1662 540 1845 606 velut
1871 537 2159 605 vinculo*
2197 538 2531 605 servitutis

316 647 605 716 attineri.
695 646 1083 729 Dispiceret
1109 646 1394 729 quisque
1427 640 1712 721 merita,t
1754 642 2074 727 tardeque
2121 639 2536 721 concederet,

317 739 501 835 quod
530 748 762 813 datum
790 767 920 811 non
947 744 1388 812 adimeretur!
1455 746 1635 812 Haec
1666 746 1993 811 sententia
2013 745 2244 811 valuit.
2308 744 2534 830 Scrip-

316 853 541 937 :sitque¹
572 850 811 916 Gaesar
841 850 1161 928 Senatui‚³
1218 854 1238 884 ‘
1268 851 1579 934 privatim
1627 849 2108 933 expenderent4
2148 865 2421 913 causam
2451 846 2534 911 lii·

313 953 671 1030 bertum,
691 952 999 1036 quotiens
1025 971 1069 1015 a
1095 953 1389 1034 patronis
1416 960 1868 1034 arguerentur:
1901 954 1967 1016 in
1996 971 2342 1016 commune
2366 948 2537 1015 nihil

301 1053 776 1139 derogarent.’⁵
832 1053 902 1118 N
903 1074 982 1118 ec
1011 1053 1217 1118 multo
1245 1060 1400 1138 post
1425 1060 1690 1139 ereptus
1719 1056 1944 1121 amitae
1975 1056 2280 1120 libertus*
2312 1051 2534 1130 PariS‚

315 1160 525 1243 quasi
544 1158 694 1241 jure
718 1151 905 1224 civili
919 1165 971 1238 ’ς’
1013 1176 1147 1220 non
1190 1157 1330 1220 sine
1379 1158 1653 1222 infamia
1699 1157 2054 1245 PrincipiS,
2101 1158 2297 1244 cujus
2336 1151 2534 1242 jussu

312 1265 777 1347 perpetratum
805 1258 1230 1343 ingenuitatis
1251 1258 1626 1343 judiciumw
1653 1267 1819 1324 erat.

313 1420 526 1472 meriti.
566 1434 692 1485 quos
712 1428 962 1483 patronus
988 1434 1082 1482 per
1105 1419 1389 1470 vindictam
1411 1434 1512 1469 non
1552 1419 1926 1481 manumiserit,
1949 1419 2112 1470 veluti
2146 1433 2282 1468 nexu
2314 1416 2537 1467 servitu-

315 1487 386 1536 tis
413 1485 647 1535 cohiberi
666 1486 832 1534 adhuc.
889 1484 1213 1534 Ponderaret
1235 1486 1453 1551 quisque
1478 1485 1656 1535 sedulo
1681 1485 1816 1534 bona
1832 1455 2003 1534 offi’cia
2023 1498 2279 1544 servorum,
2303 1489 2359 1531 et
2382 1496 2538 1540 cunc-,-

314 1558 503 1601 tanter
525 1550 800 1610 tribueret,
822 1549 957 1614 quod
992 1563 1296 1600 concessum
1329 1553 1469 1600 semel
1499 1565 1604 1599 non
1630 1548 1938 1599 auferretur.
2007 1550 2132 1598 Hoec
2162 1546 2396 1597 sententia
2415 1561 2540 1608 prae-

313 1616 511 1692 ροῑέιιίὲ.
578 1615 929 1677 Nuntiaeitqne
953 1615 1118 1663 ΟΜ
1140 1615 1389 1677 Patribus,
1415 1622 1473 1666 ut
1494 1614 1707 1664 seorsim
1731 1615 2089 1663 examinarent
2100 1614 2189 1678 jus
2211 1613 2538 1674 libertorum,

316 1680 530 1745 quoties
552 1695 585 1729 a
605 1681 837 1744 patronis
860 1685 1258 1739 accusarentur,
1293 1680 1345 1728 in
1369 1682 1680 1730 universum
1703 1680 1828 1728 nihil
1867 1685 2090 1732 mutent.
2159 1680 2229 1727 Et
2257 1678 2400 1741 paulo
2427 1681 2538 1752 post

317 1747 540 1800 adamus
557 1751 638 1794 est
659 1745 906 1795 Domitiae
928 1745 1092 1793 amitoe
1112 1715 1312 1794 liberius
1331 1746 1492 1805 Paris,
1512 1745 1780 1806 velutijure
1800 1744 1950 1802 civili,
1967 1760 2061 1795 ιιοιι
2078 1743 2252 1808 abique
2273 1740 2538 1850 ignominia

325 1811 556 1873 Cesar-is,
574 1825 708 1870 mous
725 1809 1011 1860 auctoritate
1024 1814 1271 1874 patratum
1292 1816 1396 1860 erat
1406 1780 1646 1871 jm’ticium
1667 1810 2538 1873 ingenuitatis..

1254 1953 1578 1973 “atomo“
1553 1955 1609 1973 ‘O

390 2059 424 2104 2
458 2052 549 2104 Sic
566 2054 698 2104 Mss.
716 2054 868 2105 Harl.
891 2054 1042 2105 Bodl.
1056 2054 1168 2107 Jes.
1186 2070 1278 2105 ιιοιι
1298 2053 1635 2104 liberavit—8
1670 2055 1758 2106 Ita
1772 2055 1893 2106 libri
1911 2070 2088 2106 omues
2109 2052 2293 2117 scripti
2314 2060 2370 2104 et
2390 2052 2536 2105 editi.

323 2119 475 2169 Unus
500 2119 583 2169 Cl.
606 2121 856 2170 Ernestus
878 2120 1069 2180 omisit,
1098 2120 1297 2178 ιειιαειά,
1331 2118 1469 2170 forte
1502 2135 1777 2182 operarum
1817 2136 2012 2171 errore.
2063 2120 2372 2170 Erotion—4
2408 2119 2542 2169 Mes.-

326 2185 483 2235 Bodl.
505 2185 662 2235 Corb.
685 2187 1076 2248 expedirent—5
1112 2185 1196 2234 Sic
1222 2186 1354 2234 bene
1389 2185 1633 2234 Muretus
1667 2192 1722 2235 et
1750 2187 2018 2236 Ernestus.
2052 2187 2182 2236 Mss.
2204 2191 2260 2235 et
2281 2183 2538 2248 editiones

326 2258 558 2314 veteres,
578 2252 822 2313 derogent.
856 2250 1083 2300 Brotier.
1137 2251 1208 2299 Et
1229 2250 1305 2299 sic
1329 2248 1629 2300 Gronovius
1646 2256 1702 2301 et
1724 2251 1972 2315 Ryckius.

1334 2394 1548 2446 No'rAE

391 2519 411 2544 ⁸
451 2511 596 2562 Velut
638 2513 851 2578 τίποιιῑο]
917 2513 1037 2564 Νοιι
1087 2520 1231 2563 certe
1272 2527 1396 2563 vero

326 2588 514 2638 uinculo
547 2590 811 2652 servitutis,
849 2596 909 2639 ut
948 2589 1038 2654 qui
1067 2589 1179 2653 jam
1223 2603 1398 2639 manu-

325 2665 514 2717 missus
539 2671 697 2730 esset,
714 2666 805 2715 sed
830 2672 1001 2716 tamen
1028 2668 1170 2716 velut
1190 2666 1396 2716 vinculo

327 2742 627 2807 servitutiS,
673 2743 795 2808 quia
838 2749 1046 2807 poterat
1091 2742 1257 2793 adhuc
1300 2757 1399 2807 pro

325 2820 482 2870 libito
521 2820 730 2884 patroni
771 2821 965 2871 retrahi
999 2821 1054 2869 iu
1092 2821 1396 2870 servitutem

330 2896 581 2960 priorem,
614 2911 731 2946 cum
768 2903 877 2945 tum
914 2897 1141 2946 nondum
1160 2898 1309 2961 justa
1341 2896 1398 2945 li-

330 2974 542 3024 bertate
565 2972 789 3023 donatus
810 2981 968 3023 esset.

379 3052 397 3084 ‘
443 3053 717 3117 Dispiter-et
752 3054 944 3116 quisque
979 3051 1177 3115 merita]
1206 3048 1400 3103 Merita

330 3141 524 3192 nempe
563 3142 827 3178 servorum
867 3129 1202 3194 expenderet,
1238 3129 1401 3192 prius·

331 3220 484 3270 quam
508 3205 635 3269 ipsis
663 3207 964 3256 libertatem
989 3206 1322 3271 concederet,
1345 3212 1405 3257 et

332 3295 437 3331 uon
479 3281 583 3331 nisi
622 3282 762 3331 lente
804 3289 859 3331 et
906 3284 1188 3347 prudenter
1221 3281 1401 3344 daret;

334 3359 471 3424 quod
494 3359 675 3409 datum
696 3361 872 3423 semel,
887 3375 1147 3426 nunquam
1172 3361 1401 3411 adimere

331 3434 538 3487 liceret.

394 3519 420 3545 ¹¹
454 3514 670 3576 Ereptus
713 3513 874 3563 amita:
913 3511 1131 3576 libertus]
1169 3514 1403 3563 Zamiam

333 3604 459 3656 ergo
499 3591 727 3654 aliquam
765 3591 817 3637 in
857 3605 948 3638 nos
983 3590 1188 3639 molitus
1222 3590 1401 3653 Ulpia·

333 3681 449 3731 uns,
470 3682 591 3717 cum
616 3665 827 3729 scripsit
847 3666 883 3715 l.
906 3679 995 3714 ιιι.
1056 3668 1138 3714 De
1171 3666 1399 3716 condiet.

332 3757 447 3795 cau.
494 3742 648 3792 data:
707 3743 722 3770 ‘
753 3741 1001 3791 Neratius
1060 3741 1214 3791 etiam
1268 3741 1400 3791 libro

332 3820 758 3870 Membranarum
790 3816 956 3867 refert
988 3818 1232 3867 Paridem
1268 3817 1401 3868 Pau-

335 3897 606 3946 tomimum
651 3912 684 3944 a
729 3895 962 3945 Domitia
1017 3895 1240 3944 Neronis
1279 3894 1403 3958 filia,

333 3971 519 4024 decem
545 3987 662 4036 qnae
700 3971 749 4020 ei
780 3986 873 4033 pro
899 3971 1144 4019 libertate
1168 3970 1404 4033 dederat,

333 4049 592 4114 repetisse
637 4062 732 4111 per
776 4048 1042 4112 judaeam!
1118 4049 1401 4113 Filiamque

335 4139 453 4174 eam
498 4126 703 4175 Neroni
744 4122 890 4186 fecit,
929 4139 1045 4189 quae
1093 4133 1176 4173 est
1231 4129 1404 4189 amita,

339 4215 527 4266 magua
580 4217 677 4252 sua
718 4201 988 4251 librariive
1043 4204 1218 4265 culpa.
1301 4202 1407 4252 Sed

338 4275 609 4330 librarium
663 4277 719 4328 id
780 4292 1045 4344 peccasse,
1098 4278 1405 4332 clementius

1477 2518 1592 2562 est:
1625 2509 2074 2576 scribendumque,
2119 2507 2329 2558 Neronis
2370 2510 2552 2571 amita,-

1477 2596 1571 2639 aut
1595 2589 1786 2653 potius,
1807 2587 2012 2637 Neronis
2031 2584 2253 2641 oonsilio,
2244 2599 2256 2611 ·
2287 2583 2424 2647 quod
2453 2582 2542 2632 fir-

1475 2672 1587 2715 mat
1626 2665 1853 2725 Tacitus,
1885 2664 1973 2728 qui
2019 2661 2243 2712 Neronis
2267 2659 2416 2724 jussu
2451 2674 2546 2725 pa-

1478 2748 1672 2793 tratum
1718 2743 1771 2792 id
1815 2739 2128 2804 ingenuitatis
2167 2737 2408 2801 ,iudicium
2450 2738 2544 2790 ait.

1475 2819 1684 2883 Lipsius.

1543 2899 1753 2962 Ereptum
1773 2898 1938 2948 amita
1950 2897 2148 2947 libertus
2163 2894 2334 2960 Paris]
2356 2895 2422 2946 Id
2442 2901 2544 2962 est,

1477 2981 1706 3024 assertus
1760 2975 1815 3025 iu
1877 2974 2287 3039 ingenuitatem:
2357 2979 2413 3023 et
2466 2973 2544 3025 sic

1479 3051 1742 3101 ademtum
1766 3052 1938 3102 amitae
1960 3052 2050 3116 jus
2079 3056 2403 3116 patronatus.
2455 3050 2545 3101 Pi·

1478 3127 1639 3178 chenu.

1544 3211 1568 3236 v
1604 3205 1875 3267 Quasijure
1895 3205 2047 3269 civili]
2078 3204 2350 3268 Tanquam
2381 3201 2552 3253 vindi-

1479 3287 1628 3330 catus
1667 3282 1720 3331 in
1752 3283 2057 3331 servitutem
2102 3295 2197 3345 per
2229 3280 2319 3343 jus
2353 3281 2543 3331 civile:

1481 3373 1601 3408 cum
1637 3365 1809 3409 tamen
1839 3361 1987 3425 jussu
2021 3358 2270 3422 principis
2285 3358 2544 3421 judicium

1481 3434 1679 3485 factum
1718 3434 1917 3498 fuisset,
1967 3450 2069 3501 quo
2129 3435 2347 3484 libertus
2391 3434 2545 3485 Paris

1479 3514 1731 3577 ingenuus
1776 3513 2239 3576 pronuntiabatur:
2303 3511 2399 3560 hoc
2445 3516 2547 3577 est,

1483 3591 1569 3654 qui
1592 3596 1742 3639 natus
1765 3597 1906 3639 esset
1930 3605 1996 3639 ex
2025 3588 2324 3652 parentibus
2345 3587 2544 3638 civibus

1482 3668 1742 3725 Romanis,
1766 3674 1820 3715 et
1842 3667 1927 3730 qui
1962 3666 2142 3715 statim
2167 3672 2225 3715 ut
2255 3672 2404 3719 uatus
2424 3663 2549 3714 fuis-

1479 3751 1559 3793 set
1582 3743 1714 3793 liber
1731 3744 2010 3792 extitisset.
2035 3776 2040 3779 -
2077 3742 2346 3790 Per-retius.

1549 3821 1819 3880 Quasijure
1841 3821 1997 3885 civili]
2045 3820 2294 3871 Nonnulli
2332 3819 2385 3868 id
2426 3833 2547 3871 cou-

1481 3896 1704 3947 tendunt
1740 3896 1937 3948 factum
1974 3912 2068 3962 per
2107 3897 2432 3946 donationem
2457 3910 2548 3945 sn·

1481 3973 1712 4021 nulorum
1738 3987 2030 4035 aureorum,
2050 3976 2172 4036 quia
2193 3971 2324 4021 datis
2345 3969 2562 4022 mulis,

1482 4053 1652 4101 aureis
1691 4053 1905 4102 libertus
1945 4051 2100 4101 fiebat
2143 4052 2273 4100 civis
2305 4059 2361 4101 et
2383 4064 2546 4117 eques

1484 4130 1632 4178 Rom.
1666 4128 1769 4178 Sed
1794 4131 2012 4179 maaime
2037 4128 2305 4179 falluntur.

1549 4206 1742 4254 Verum
1774 4211 1875 4266 est,
1893 4204 2034 4269 quod
2073 4204 2291 4254 libertus
2325 4203 2563 4260 donatus:

1483 4280 1685 4337 annulis
1719 4281 1891 4332 aureis
1930 4278 2089 4332 fiebat
2127 4280 2275 4347 civis,
2316 4279 2468 4347 liber,
2485 4284 2547 4337 et
