3063 4952
530 390 706 478 13⁷2

527 569 830 635 Thrasea
850 560 940 630 ad
963 562 1214 628 bonum
1240 556 1585 643 publicum
1610 556 1892 630 vertens,
1916 554 2277 636 postquam
2306 547 2391 613 de
2432 568 2549 612 reo
2576 566 2730 613 cen-

529 676 776 749 suerat,
821 673 843 703 ‘
864 664 1215 752 provincia
1244 660 1446 726 Creta
1471 654 1974 744 depellendum‚'
1997 654 2169 720 haec¹
2215 653 2517 719 addidit:
2566 656 2587 687 ‘
2608 672 2733 717 usu

528 777 881 863 probatum
904 778 1028 851 est,
1057 768 1142 836 P.
1174 766 1255 833 G.
1283 767 1465 850 leges
1514 766 1838 850 egregias»,
1881 761 2194 846 exempla
2212 752 2520 836 honesta,
2555 756 2734 841 apiid

525 879 742 945 bonos
763 897 850 943 ex
879 874 1145 940 delictis
1174 871 1451 937 aliorum
1481 869 1706 955 gigni.'
1771 869 1886 933 Sic
1918 872 2250 932 oratorum
2274 862 2550 928 licentia
2581 842 2741 924 Cinss¹

528 981 703 1047 ciam
757 979 1168 1063 rogationem
1186 997 1205 1058 ;
1223 972 1249 1011 ¹¹
1303 972 1807 1040 candidatorum
1865 968 2157 1040 ambitus
2208 965 2258 1032 J
2260 965 2438 1030 ulias
2478 964 2664 1047 leges
2688 953 2747 1044 3!

1240 408 1308 481 ef.
1341 404 1718 464 conflatu
1760 396 2024 458 moiri
2415 395 2736 476 [All-81⁰.

527 1104 764 1198 sententia
794 1146 1057 1208 danista,
1077 1159 1223 1196 reum
1263 1143 1539 1207 provincia
1573 1142 1734 1192 Creta
1764 1136 2122 1196 amovendum,
2161 1136 2261 1184 hec
2279 1131 2486 1194 adiecit.-
2521 1129 2742 1193 Experi-

528 1215 669 1264 entia
690 1219 1013 1277 compertum
1030 1217 1133 1273 est,
1169 1210 1236 1259 P.
1263 1210 1323 1259 C.
1350 1209 1564 1258 eximias
1586 1209 1748 1271 leges,
1779 1203 1991 1268 egregia
2009 1201 2264 1262 instituta,
2282 1197 2421 1262 apud
2446 1196 2641 1260 probos
2674 1210 2738 1244 ex

528 1279 694 1344 culpis
717 1277 929 1328 aliorum
952 1276 1145 1341 enasci.
1211 1275 1298 1327 Sic
1330 1280 1597 1324 oratorum
1631 1271 1851 1322 audacia
1887 1268 2121 1320 Cinciam
2157 1267 2326 1330 legem
2356 1261 2613 1330 produxit,
2636 1275 2739 1309 am·

1453 1416 1573 1437 “N
1575 1410 1810 1436 OOOOOO

1428 1517 1456 1564 1
1482 1513 1592 1564 Hoc
1612 1511 1844 1562 Budens.

1523 1639 1738 1694 NOTIE

528 1766 923 1834 proconsulatus
961 1760 1185 1824 mollior,
1225 1771 1378 1826 quam
1420 1771 1450 1807 e
1492 1755 1596 1806 Re-

529 1846 741 1910 publica
782 1848 951 1905 esset3
993 1841 1119 1907 quia
1152 1847 1265 1890 tum
1305 1834 1597 1900 captabant

528 1923 765 1975 favorem
799 1921 1223 1988 praepotentium,
1258 1926 1315 1969 et
1357 1918 1527 1981 ipsum
1564 1926 1597 1963 e

528 1994 761 2067 publico,
775 2008 834 2050 et
852 2001 968 2049 aliis
988 1996 1198 2064 flagitiis
1217 1993 1564 2046 redimebant.

596 2078 769 2142 Igitur
804 2077 860 2126 in
881 2075 984 2126 fine
1027 2073 1410 2126 decernebatur
1450 2082 1602 2119 accu-

529 2155 685 2218 satio,
703 2158 798 2204 aut
815 2158 990 2218 grates
1015 2150 1325 2217 proconsuli.
1355 2147 1462 2198 Sed
1481 2158 1600 2196 cum

528 2229 657 2280 socii
679 2230 1022 2281 decreverant
1060 2229 1241 2292 semel,
1276 2230 1600 2290 egerantque

531 2312 705 2373 grates
728 2308 919 2372 palam,
942 2307 1055 2371 jam
1098 2319 1202 2356 non
1234 2306 1477 2368 poterant
1513 2313 1600 2350 ac·

531 2398 713 2436 casare
724 2383 936 2449 publice
954 2401 968 2433 ε
994 2399 1026 2433 a
1041 2381 1261 2447 privatis
1275 2379 1411 2428 forte
1428 2377 1599 2430 adhuc

530 2461 762 2513 accusari
779 2466 1064 2526 potuerunt
1087 2457 1435 2525 proconsules,

564 2564 567 2569 ·
595 2539 730 2589 Cum
767 2535 1066 2588 referebant
1098 2541 1272 2604 grates
1294 2531 1600 2598 proconsuli

531 2614 670 2678 apud
705 2621 962 2678 senatum,
998 2614 1229 2665 simulet
1268 2610 1471 2661 senatui
1508 2607 1601 2674 qui

529 2691 764 2755 miserat,
816 2692 975 2741 decus
1027 2688 1348 2741 afferebant:
1404 2687 1490 2737 vel
1546 2690 1602 2735 et

530 2767 781 2833 principi,
826 2782 947 2818 curn
978 2767 1208 2818 misisset
1258 2766 1391 2830 ipse,
1436 2762 1600 2814 etiam

530 2851 708 2910 grates
718 2844 870 2893 simul
886 2845 1173 2909 agebantur
1188 2842 1330 2907 apud
1347 2845 1600 2892 senatum.

547 2939 558 2946 ··
598 2923 680 2972 Ex
701 2920 983 2971 levioribus
1020 2920 1192 2970 causis
1213 2924 1386 2983 grates
1423 2916 1602 2965 relatae

532 2995 776 3061 principi,
795 2996 932 3046 forte
954 3001 1011 3045 et
1042 2994 1265 3056 absenti,
1286 2991 1428 3057 apud
1456 3004 1604 3040 sena-

534 3080 680 3133 tnm3
713 3078 893 3136 grates
916 3071 1017 3136 ipsi
1039 3071 1350 3136 quandoque
1375 3068 1606 3133 agebant

532 3150 590 3200 ia
608 3156 813 3212 senatu,
834 3147 970 3213 quod
1003 3162 1165 3197 coenoe
1202 3143 1511 3201 admisisset,
1546 3147 1607 3192 ut

532 3226 882 3291 Vespasianus
907 3225 1052 3289 Caio,
1074 3224 1213 3289 apud
1232 3220 1555 3273 Suetonium.

547 3323 550 3328 ·
598 3301 624 3337 Β
655 3302 876 3354 Cinciam
887 3300 1203 3366 rogationem]
1220 3299 1461 3350 Ambitus
1479 3298 1606 3347 olim

534 3379 736 3445 duplex
786 3378 904 3429 fuit.
980 3379 1128 3428 Unus
1182 3377 1408 3436 vetitus;
1464 3372 1606 3423 uude

531 3468 678 3531 leges
701 3467 769 3517 de
808 3466 1007 3517 ambitu
1044 3467 1188 3530 latae,
1207 3479 1325 3515 cum
1360 3476 1456 3527 per
1480 3461 1608 3511 divi·

535 3555 677 3595 sores
701 3544 937 3594 tribubus
962 3543 1197 3608 pecuniae
1224 3539 1606 3600 distribueban-

534 3624 643 3683 tur,
665 3633 820 3685 quam
853 3620 1073 3669 lethalem
1104 3618 1215 3667 urbi
1236 3617 1473 3667 Lucanus
1516 3630 1609 3679 ap·

536 3697 717 3761 pellat.
804 3696 1152 3760 Ambitusque
1204 3701 1320 3752 erat
1372 3691 1606 3743 affectati

535 3773 743 3825 honoris
783 3775 997 3836 crimen,
1036 3771 1173 3837 quod
1197 3767 1609 3822 multos—falsos

538 3849 655 3901 fieri
677 3850 869 3915 coegit,
902 3857 1113 3899 auctore
1151 3846 1411 3896 Sallustio.
1476 3844 1610 3894 Inde

537 3927 625 3977 lex
648 3926 930 3991 Calpurnia
954 3926 1019 3974 de
1056 3921 1277 3985 ambitu,
1298 3937 1454 3987 quam
1486 3921 1615 3973 tulit

538 4002 850 4068 calpurnius
872 4003 1017 4064 Piso,
1049 4001 1102 4050 in
1139 4016 1240 4065 qua
1260 4007 1451 4063 praeter
1487 3999 1614 4047 alias

538 4077 644 4130 fuit
674 4080 881 4145 adjecta
913 4074 1212 4143 pecuniaria
1251 4091 1421 4140 poena,
1461 4074 1610 4139 cujus

540 4155 777 4205 meminit
798 4154 1074 4205 Asconius.

602 4230 718 4279 Has
756 4230 823 4281 de
861 4231 1062 4281 ambitu
1083 4246 1264 4295 poenas
1305 4243 1512 4279 cessare
1537 4227 1614 4278 ait

539 4305 870 4366 Modestinus
910 4308 978 4359 ad
1013 4308 1119 4375 leg.
1158 4307 1269 4361 Jul.
1299 4306 1373 4358 de
1393 4303 1612 4369 ambitu,

1673 1763 1795 1831 quia
1832 1762 1899 1814 ad
1938 1762 2230 1827 principem
2268 1760 2504 1825 pertinet
2544 1757 2743 1807 creatio

1672 1841 2083 1905 magistratuum,
2101 1854 2203 1888 non
2226 1837 2293 1887 ad
2317 1837 2585 1902 populum.
2654 1834 2745 1883 Al·

1674 1925 1760 1969 ter
1780 1917 2005 1968 ambitus
2023 1930 2123 1966 non
2148 1913 2439 1980 prohibitus
2464 1919 2582 1963 erat
2605 1912 2745 1974 olim,

1677 1995 1764 2061 qui
1786 1994 1898 2045 sine
1920 1993 2195 2058 largitione
2213 1990 2390 2041 fiebat.
2723 1996 2741 2025 ’τ

1742 2070 1794 2123 Α
1814 2070 1940 2123 Caio
1971 2069 2164 2120 Petilio
2201 2066 2414 2118 tribuno
2445 2064 2622 2130 plebis
2647 2063 2750 2129 pri·

1676 2164 1819 2202 mum
1849 2151 1918 2200 de
1951 2147 2149 2198 ambitu
2188 2144 2257 2195 ad
2292 2142 2544 2208 populum
2587 2142 2750 2190 latum

1678 2233 1781 2292 est,
1803 2233 1862 2277 ut
1875 2226 1951 2277 ait
1968 2224 2143 2274 Livius
2157 2221 2210 2271 in
2230 2233 2331 2272 vn.
2365 2217 2435 2268 ab
2446 2216 2576 2268 urbe
2595 2215 2750 2266 cond.

1679 2305 1802 2362 Fuit
1823 2305 1911 2353 lex
1942 2301 2086 2354 ,Iulia
2106 2299 2175 2349 de
2215 2295 2429 2356 ambitu,
2466 2307 2623 2358 quam
2649 2292 2755 2342 Oc·

1678 2381 1849 2431 tavius
1891 2377 2164 2443 Augustus
2206 2365 2346 2437 tulit,
2389 2378 2448 2422 et
2492 2368 2752 2419 ambitum

1679 2455 1931 2509 coercuit.
1953 2456 2098 2506 Suet.
2122 2453 2176 2503 in
2194 2449 2334 2515 Aug.
2355 2452 2438 2499 34.
2469 2448 2723 2511 Lupones.

1748 2532 1991 2596 Cinciam]
2046 2531 2200 2581 Hanc
2242 2527 2368 2577 tulit
2405 2526 2487 2575 Μ.
2535 2524 2755 2573 Cincius

1681 2612 1918 2664 tribunus
1937 2608 2104 2675 plebis
2125 2607 2203 2656 M.
2227 2603 2470 2656 Cornelio
2495 2602 2756 2665 Cethego,

1678 2688 1743 2738 P.
1781 2683 2087 2750 Sempronio
2126 2681 2385 2731 Tuditano
2429 2692 2566 2727 coss.
2617 2691 2754 2732 auno

1682 2768 1797 2814 559.
1831 2764 1938 2827 qua
1974 2764 2211 2811 cautum:
2247 2759 2262 2787 ‘
2284 2757 2367 2807 Ne
2393 2753 2510 2821 quis
2544 2753 2615 2803 ob
2638 2765 2759 2803 cau·

1681 2853 1792 2890 sam
1814 2838 2059 2889 orandam
2081 2836 2275 2886 donum
2315 2846 2570 2883 munusve
2608 2844 2762 2895 cape-

1684 2916 1804 2967 ret.'

1747 2991 1763 3026 ¹
1794 2992 1954 3042 Julius
1986 2989 2134 3054 leges]
2203 2987 2450 3041 coercuit
2505 2986 2761 3037 ambitum

1684 3068 1856 3119 Julius
1897 3070 2099 3129 Caesar,
2127 3082 2244 3117 cum
2283 3065 2387 3115 alia
2422 3065 2645 3115 comitia
2664 3063 2763 3113 sibi

1685 3145 1995 3207 reservavit,
2014 3144 2119 3194 alia
2138 3143 2332 3208 populo
2355 3141 2636 3192 concessit.

1750 3224 1966 3273 Sueton.
1988 3222 2100 3273 Jul.
2121 3225 2206 3272 4⁰.
2237 3221 2255 3251 ‘
2278 3220 2510 3269 Comitia
2530 3217 2651 3268 cum
2676 3230 2763 3282 po·-

1687 3301 1811 3365 pulo
1836 3300 2057 3364 partitus
2080 3304 2193 3347 est:
2229 3302 2290 3347 ut
2317 3294 2559 3362 exceptis
2582 3308 2763 3345 consu-

1686 3380 1824 3428 latus
1866 3375 2312 3442 competitoribus,
2346 3374 2414 3423 de
2453 3380 2637 3423 cetero
2677 3386 2767 3421 nu-

1684 3469 1831 3505 mero
1857 3452 2253 3503 candidatorum
2289 3466 2385 3515 pro
2423 3456 2574 3514 parte
2619 3447 2764 3498 dimi·

1687 3532 1942 3595 dia,*quos
1981 3530 2208 3595 populus
2243 3528 2422 3589 vellet,
2461 3527 2769 3590 pronuntia-

1689 3616 1889 3671 rentur,
1933 3622 2030 3672 pro
2073 3613 2225 3670 parte
2267 3607 2435 3656 altera
2479 3619 2614 3669 quos
2658 3604 2768 3667 ipse

1691 3684 1960 3733 edidisset.
2029 3685 2102 3732 Et
2155 3681 2347 3734 edebat
2410 3697 2508 3746 per
2566 3681 2770 3730 libellos

1684 3763 1884 3811 circum
1910 3760 2076 3810 tribus
2097 3760 2280 3809 missos
2304 3758 2568 3822 scriptura
2588 3756 2768 3806 brevi:

1688 3837 2014 3887 Commendo
2055 3835 2202 3885 vobis
2240 3835 2384 3889 illum
2426 3839 2484 3883 et
2524 3833 2693 3893 illum,
2716 3839 2771 3882 ut

1688 3920 1869 3963 ‘vestro
1893 3911 2136 3977 suffragio
2178 3927 2320 3961 suam
2354 3911 2674 3975 dignitatem
2699 3917 2776 3959 te·

1693 3993 1888 4040 neant.’
1972 3988 2240 4053 Augustus
2280 3988 2496 4037 reduxit
2545 3986 2775 4052 comitia,

1695 4065 1750 4116 et
1774 4068 1924 4116 simul
1949 4066 2196 4115 ambitum
2221 4065 2477 4115 coercuit.
2678 4115 2684 4120 ⁴

1759 4144 1981 4192 Sueton.
2024 4143 2161 4207 Aug.
2183 4147 2266 4192 56.
2306 4141 2323 4169 ‘
2347 4141 2572 4194 Quoties
2592 4139 2774 4204 magis·

1656 4250 1662 4255 ·
1689 4228 1922 4272 tratuum
1933 4220 2158 4271 comitiis
2168 4222 2466 4283 interesset,
2479 4218 2652 4269 tribus
2661 4230 2772 4268 cum

1691 4297 1986 4350 candidatis
2009 4297 2115 4349 suis
2136 4294 2469 4360 circumibat,
2508 4294 2771 4361 διψώσῃ·
