3063 4952
543 425 716 495 1852

540 609 646 656 nae
675 588 970 666 ditionis,
999 593 1116 652 aut
1140 586 1461 673 subjectis
1493 587 1691 671 Regi,
1723 609 1920 675 quem
1952 580 2350 673 Imperator·
2377 579 2752 675 delegisset,

539 691 808 756 hostilia
827 690 1119 757 faceret:
1168 710 1402 774 pacem
1432 712 1520 757 ex
1561 691 1779 777 aequo‘
1823 693 2100 758 utilem.⁷
2190 692 2257 756 N
2260 692 2365 758 ec⁸
2395 698 2758 778 praesentia

539 799 797 859 tantum
857 800 1222 877 spectaret:
1293 796 1518 880 ipsum
1576 796 1897 861 adversus
1958 797 2127 860 duas
2182 796 2506 877 legiones¹¹
2599 799 2756 863 totis

543 894 759 979 Regni
788 899 1041 961 viribus
1068 897 1461 964 advenisse:
1512 904 1584 963 at
1630 899 1956 965 Romanis
1983 900 2209 963 orbem
2239 908 2562 964 terrarum
2607 901 2758 965 reli·

541 1017 769 1081 quum,
801 1021 934 1083 quo
961 1001 1207 1065 bellum
1242 999 1625 1085 juvarent.'⁹

626 1102 735 1166 14.
780 1102 892 1168 Ad
919 1116 1004 1168 ea
1031 1102 1425 1187 VologeseS,
1453 1104 1613 1169 nihil
1648 1124 1771 1189 pro
1801 1112 2063 1183 causa,v
2092 1105 2211 1169 sed
2263 1108 2284 1138 ‘
2315 1106 2758 1189 opperiendos

540 1205 672 1270 sibi
728 1204 981 1285 fratreS,
1034 1206 1372 1273 Pacorum
1427 1229 1509 1273 ac
1567 1206 1955 1286 Tiridaten,’
2015 1207 2402 1292 rescripsit:
2480 1212 2501 1242 ‘
2532 1209 2758 1274 locum

536 1306 676 1372 illis
725 1313 1160 1393 tempusque*
1225 1310 1507 1376 consilio
1569 1312 1989 1389 destinatum,
2064 1319 2220 1394 quo¹
2288 1311 2370 1374 de
2432 1309 2758 1375 Armenia

1255 442 1323 491 Ο.
1369 441 1740 490 CORNELII
1789 440 2050 490 TAcl'rt
2423 448 2519 514 [A.
2545 449 2614 503 U.
2636 448 2755 502 816.

537 1481 655 1532 quae
678 1482 882 1532 semper
902 1467 1117 1517 Romani
1138 1468 1361 1533 imperii,
1387 1470 1467 1518 vel
1490 1468 1733 1533 subjecta
1762 1468 2071 1534 regifuerut,
2096 1482 2248 1546 quem
2282 1468 2458 1518 Caesar
2482 1469 2752 1534 imposuis-

536 1538 653 1583 set:
689 1532 858 1583 foedus
893 1534 1151 1599 utrimque
1175 1533 1388 1597 perinde
1404 1535 1530 1584 utile
1554 1549 1665 1584 esse.
1731 1536 1854 1584 Nec
1883 1542 2162 1598 praesentta
2181 1535 2499 1583 solummodo
2525 1536 2749 1584 intuere-

534 1605 653 1647 tur:
689 1599 858 1662 ipsum
897 1606 1010 1649 tota
1054 1598 1174 1648 belli
1215 1607 1371 1663 atque
1397 1600 1599 1662 imperii
1619 1601 1754 1649 mole
1777 1600 1828 1650 in
1854 1599 1982 1649 duas
2003 1601 2233 1663 legiones
2258 1599 2542 1663 irrupisse:
2567 1605 2625 1649 at
2652 1601 2753 1650 Ro·

534 1663 700 1713 manis
716 1678 949 1727 superesse
968 1664 1261 1713 universum
1282 1664 1477 1726 orbem,
1499 1679 1600 1729 quo
1616 1665 1910 1729 periclitanti
1934 1666 2191 1714 exercitui
2214 1671 2599 1715 succurrerent.

602 1730 681 1777 Ad
701 1742 758 1776 ea
798 1730 1041 1790 Vologeses
1059 1728 1183 1778 nihil
1214 1730 1275 1778 de
1295 1728 1409 1779 bello
1428 1735 1513 1779 ant
1530 1746 1647 1794 pace
1667 1732 1926 1794 respondit,
1946 1733 2030 1779 sed
2058 1730 2414 1794 expectandos
2437 1730 2534 1780 sibi
2553 1728 2750 1781 fratres

531 1792 791 1844 Pacorum
813 1800 867 1844 et
885 1794 1176 1845 Tiridatem
1195 1810 1210 1856 ;
1229 1795 1375 1845 illum
1391 1796 1580 1858 locum,
1593 1801 1903 1861 tempusque
1925 1796 2143 1846 consilio
2162 1795 2526 1861 constitutum,
2545 1810 2637 1860 quo
2653 1804 2754 1847 sta-

1462 1914 1822 1937 ‘conteneo'

534 1997 631 2045 -7
665 1995 901 2046 Budens.
914 1994 1040 2047 utili.
1105 1994 1260 2050 Unde
1281 1998 1446 2049 Rhen.
1471 1998 1714 2063 placebat
1726 2015 1843 2063 pace
1863 2016 1925 2050 ex
1945 2011 2075 2064 oequo
2092 1996 2319 2049 κείω-8
2352 1997 2584 2050 Budens.
2605 2014 2754 2049 ne.—

536 2062 570 2109 9
603 2058 829 2124 Amicus,
855 2078 944 2126 quo
965 2062 1131 2112 bellum
1155 2063 1455 2113 innovarunt.
1494 2064 1745 2127 RyckiuS.

604 2131 629 2174 1
667 2127 794 2176 Mss.
817 2127 963 2176 Harl.
983 2128 1138 2178 Bodl.
1159 2129 1290 2192 Reg.
1310 2127 1439 2193 Agr.
1463 2137 1520 2178 et
1542 2128 1706 2179 editio
1729 2130 1992 2194 princeps,
2012 2131 2151 2194 qaod.
2219 2129 2353 2179 Mss.
2373 2128 2484 2180 Jes.
2510 2127 2674 2179 Corb.
2698 2133 2753 2178 et

534 2187 875 2255 Puteolanus,
913 2192 1041 2256 qaid,
1086 2199 1142 2243 et
1178 2193 1252 2244 sic
1286 2193 1601 2244 Gronovius.
1662 2196 1728 2245 In
1772 2196 1872 2247 Ms.
1910 2195 2089 2246 Guelf.
2110 2194 2208 2258 qai.
2277 2194 2495 2243 Ursinus
2520 2207 2550 2242 e
2575 2193 2747 2244 veteri

1529 2328 1743 2379 NOTAE

536 2417 737 2486 antiqui
763 2435 778 2482 ς
802 2421 952 2487 quisi
978 2422 1231 2489 viverent,
1272 2424 1357 2474 vel
1390 2439 1600 2492 sperne·
1679 2428 1855 2491 lectio,
1887 2428 2021 2479 illum
2059 2429 2209 2478 locum
2241 2433 2512 2492 tempusque
2533 2441 2550 2475 :
2585 2431 2643 2476 et
2671 2439 2755 2476 cu·

534 2503 738 2561 rentur,
776 2499 881 2563 vel,
902 2508 964 2559 ut
985 2516 1096 2566 nos,
1118 2502 1227 2552 acri
1250 2502 1411 2554 livore
1433 2504 1599 2555 inces-
1670 2507 1759 2570 jus
1813 2521 1992 2556 sensus
2037 2505 2203 2556 facilis
2243 2511 2343 2556 est.
2398 2506 2546 2554 Illum
2584 2505 2755 2567 bam,

533 2583 785 2626 serentur.
1679 2597 1884 2647 nempe,
1919 2589 2093 2633 castra
2133 2582 2419 2646 Vologesi:
2465 2586 2758 2646 tempusque,

597 2658 615 2683 ⁸
647 2652 936 2718 Imperator]
973 2656 1139 2716 Nero,
1166 2670 1260 2706 seu
1287 2657 1483 2709 Coesar.
1517 2659 1598 2708 Eo
1677 2674 1880 2723 nempe,
1928 2661 2103 2709 statim
2149 2667 2309 2724 atque
2348 2659 2400 2707 in
2445 2666 2626 2708 castra
2672 2674 2757 2708 ve·

533 2742 685 2778 sensu
704 2731 917 2781 Tacitus
943 2733 1133 2796 passim
1155 2739 1390 2797 usurpat.
1684 2737 1881 2786 nissent
1924 2735 2134 2799 fratres,
2185 2737 2416 2786 Pacorus
2468 2742 2528 2785 et
2557 2735 2758 2786 Tirida·

596 2806 613 2839 ⁸
644 2808 820 2858 Pacem
833 2824 895 2860 ex
916 2809 1071 2873 aquo]
1116 2811 1214 2859 Vel
1233 2810 1429 2874 perinde
1449 2812 1603 2861 utris·
1684 2819 1779 2863 tes.

532 2897 633 2948 que
651 2885 830 2935 utilem
867 2901 1001 2948 esse,
1045 2888 1124 2936 vel
1154 2901 1337 2950 pacem
1363 2902 1429 2937 ex
1453 2903 1602 2952 aequo
1748 2891 1939 2956 Igitur,
1967 2891 2102 2941 illam
2123 2892 2274 2940 locam
2292 2896 2565 2955 tempusque
2583 2890 2757 2940 consi-

531 2959 743 3021 factam‚
787 2964 996 3027 utrique
1040 2964 1184 3026 genti
1230 2965 1408 3013 utilem
1447 2980 1597 3015 esse:
1680 2969 1751 3017 lio
1794 2968 2018 3018 fratrum
2069 2982 2350 3032 regumque
2393 2967 2756 3026 constitutum,

532 3035 618 3083 vel
685 3043 961 3102 utrumque
1010 3049 1211 3089 sensum
1258 3042 1409 3091 simul
1462 3057 1599 3092 com·
1682 3061 1784 3110 quo
1822 3048 2178 3095 consultarent
2203 3046 2306 3108 ipsi
2326 3044 2753 3108 simul,qaidsta·

531 3112 715 3174 plexus
734 3120 847 3174 est3
892 3115 967 3163 ita
990 3120 1047 3164 ut
1070 3131 1135 3164 ex
1158 3133 1307 3182 aequo
1329 3119 1473 3170 facta
1495 3135 1600 3184 pax
1681 3129 1891 3172 tuerent
1947 3123 2012 3173 de
2075 3123 2322 3172 Armenia.
2407 3123 2477 3171 Et
2530 3122 2757 3183 adiecisse

530 3188 750 3252 perinde
779 3191 920 3242 utilis
942 3199 1082 3243 esset
1108 3194 1312 3245 Parthis
1335 3198 1600 3248 Romanis·
1677 3202 1839 3249 etiam
1856 3201 2003 3264 Deos,
2033 3199 2242 3263 dignum
2265 3197 2477 3261 fastigio
2500 3198 2758 3247 Arsacida-

532 3281 651 3331 que.
746 3319 749 3322 ,
1673 3291 1784 3325 ram
1822 3277 2001 3341 decus,
2036 3283 2096 3326 ut
2137 3276 2282 3326 sima
2317 3280 2364 3324 et
2396 3276 2456 3324 de
2485 3274 2756 3337 legionibus

594 3350 619 3376 ¹¹
650 3344 789 3395 Duas
820 3346 1047 3411 legiones]
1102 3349 1306 3402 Quarta
1326 3357 1382 3400 et
1401 3351 1595 3402 duode-

529 3418 681 3470 cima.
748 3424 866 3472 Non
899 3426 1079 3489 quinta
1127 3441 1243 3491 quae
1300 3430 1482 3491 procul
1538 3428 1594 3477 in

529 3494 701 3546 Ponto
721 3498 932 3561 agebat.

597 3579 616 3604 ⁸*
651 3573 795 3624 Nihil
810 3591 897 3640 pro
936 3577 1098 3642 eausa]
1154 3580 1297 3629 Nihil
1319 3582 1457 3645 quod
1479 3591 1595 3646 per·

531 3646 725 3699 tineret
765 3653 832 3700 ad
868 3654 1076 3715 bellum,
1116 3663 1206 3706 aut
1264 3671 1462 3720 pacem,
1500 3659 1595 3709 sed

530 3726 676 3792 quasi
697 3729 807 3793 ipse
825 3732 985 3791 solus,
1008 3740 1065 3781 et
1087 3734 1198 3782 sine
1219 3733 1466 3786 fratribus
1486 3745 1595 3786 sta·

529 3808 677 3853 tuere
713 3819 815 3852 non
843 3815 1034 3868 posset,
1068 3815 1159 3856 aut
1182 3810 1363 3873 nollet,
1386 3827 1597 3877 respon·

526 3879 623 3944 dit,
666 3882 764 3931 sibi
810 3884 1164 3945 expectandos
1203 3884 1396 3936 fratres
1426 3905 1595 3954 reges,

523 3956 778 4007 Pacorum
813 3967 865 4007 et
890 3959 1180 4010 Tiridatem
1209 3978 1223 4012 :
1257 3961 1408 4026 forte,
1438 3973 1496 4015 ut
1517 3968 1594 4016 sic

524 4034 687 4097 magis
708 4042 998 4084 exterreret
1022 4037 1243 4089 Paetum.
1314 4042 1427 4090 Nec
1445 4052 1591 4093 certe

526 4113 696 4156 tamen
723 4110 846 4157 levis
894 4113 1136 4160 momenti
1171 4115 1440 4164 eonsilium
1474 4115 1592 4181 fuit,

527 4194 596 4229 an
618 4187 744 4242 tum,
768 4198 968 4246 nempe,
991 4195 1312 4252 temperaret
1333 4192 1589 4257 victoriae,

528 4269 594 4305 an
618 4262 728 4308 toto
742 4260 864 4322 jure
886 4262 1009 4311 belli
1027 4272 1283 4316 uteretur.

589 4335 622 4396 ξ
653 4332 828 4384 Locum
872 4334 972 4385 illis
1017 4342 1311 4407 tempusque]
1377 4345 1594 4411 Integra

1675 3354 1815 3404 Rom.
1835 3355 2197 3413 decernerent,
2218 3368 2283 3402 an
2308 3368 2394 3403 eas
2411 3353 2754 3417 opprimerent,

1673 3446 1738 3479 an
1762 3432 2011 3482 incolumes
2028 3431 2342 3481 dimitterent.

1739 3510 1914 3561 Quare
1970 3508 2154 3558 scribit
2197 3507 2334 3557 infra
2374 3520 2467 3555 rex
2512 3505 2752 3557 Neroni:

1672 3583 1778 3634 ‘Se
1821 3587 1996 3649 priora
2030 3592 2086 3634 et
2124 3584 2317 3633 totiens
2344 3584 2557 3646 jactata
2593 3597 2751 3647 super

1674 3660 1961 3710 obtinenda
2017 3659 2265 3709 Armenia
2307 3672 2445 3708 nuuc
2485 3659 2752 3719 omittere,

1644 3764 1650 3770 ·
1676 3739 1917 3802 quoniam
1957 3739 2052 3788 Dii
2091 3737 2322 3804 quamvis
2346 3736 2645 3801 potentium
2663 3751 2753 3801 po-

1677 3815 1918 3878 pulorum
1961 3814 2163 3878 arbitri,
2208 3813 2583 3878 possessionem
2621 3813 2752 3861 Par·

1677 3891 1798 3953 this,
1820 3906 1920 3940 non
1946 3891 2057 3940 siue
2093 3889 2372 3954 ignominia
2403 3890 2555 3937 Rom.
2594 3887 2751 3937 tradi·

1676 3969 1891 4018 dissent.
1959 3970 2144 4031 Nuper
2170 3969 2400 4017 clausum
2433 3967 2747 4029 Tigranem:

1671 4055 1788 4110 post
1817 4046 2038 4106 Paetum,
2061 4045 2410 4108 legionesque,
2431 4057 2553 4091 cum
2578 4042 2746 4106 oppri-

1670 4137 1810 4171 mere
1837 4131 2031 4185 posset,
2053 4123 2336 4169 incolumes
2357 4118 2659 4169 dimisisse?

1736 4200 1842 4248 P‘er
1855 4198 1914 4246 τὸ
1932 4198 2143 4261 quumvis
2150 4197 2436 4260 potentium,
2455 4195 2742 4259 praesertim

1673 4278 1887 4341 respicit
1905 4277 1971 4326 ad
1989 4276 2271 4336 Romanos,
2289 4274 2412 4323 dein
2431 4279 2490 4323 et
2502 4272 2742 4324 Parthos.

1672 4352 1838 4407 Quasi
1868 4352 2095 4419 diceret,
2122 4350 2456 4417 quantumvis
2490 4348 2739 4416 potentis·
