3063 4952
325 432 377 485 J.
397 432 459 483 c.
472 431 589 498 τι.)
2356 396 2532 478 1521

320 577 563 642 ortum&
586 577 946 650 certamen,
975 571 1163 657 quod·
1179 572 1622 640 immodestos
1661 567 1955 640 fautores
1999 573 2405 654 histrionum,
2435 577 2532 641 et²

327 699 370 745 a
413 679 713 745 Praetore
758 679 827 744 in
872 677 1142 742 vincula
1180 677 1438 756 ductoS,
1486 677 1823 743 Tribunus
1855 683 1877 712 ‘
1899 678 2130 744 omitti’
2150 678 2470 764 jussisset
2487 687 2534 746 :¹

324 784 876 867 comprobavere³
912 773 1172 860 Patres,
1201 782 1515 846 incusata
1560 787 1579 815 ‘
1608 781 1890 846 Antistii
1922 780 2231 846 licentia.'
2318 782 2535 848 Simul

324 884 646 970 prohibiti
673 882 1009 962 Tribuni‚⁸
1039 884 1194 971 ‘jus
1224 882 1601 950 Praetorum
1632 891 1700 950 et
1729 883 2117 950 consulumb
2151 885 2532 971 praeripere,

1006 419 1419 475 nuruum(
1470 419 1618 474 Lm.
1663 419 1845 474 xur-

313 1034 552 1086 'fautores
574 1036 864 1099 mimorum,
886 1053 988 1087 eum
1011 1021 1086 1087 eos
1106 1039 1445 1092 tumultuantes
1474 1041 1853 1104 lasciviamque
1870 1044 2052 1105 prator
2071 1040 2124 1088 in
2146 1040 2408 1091 madiam
2429 1044 2534 1090 tra·

318 1103 475 1154 leret.-
509 1104 761 1162 laudavere
782 1104 957 1153 Patres
977 1103 1521 1170 Vibullium,increpita
1553 1106 1771 1156 Antistii
1805 1106 2037 1155 audacia.
2104 1105 2260 1155 Simul
2278 1105 2418 1155 vetiti
2440 1106 2533 1154 tri·

318 1166 450 1238 puni,
474 1167 740 1218 vindicare
761 1168 857 1218 sibi
867 1169 957 1233 ⁸ius
979 1176 1279 1252 praetorum,
1317 1179 1409 1222 aut
1445 1186 1635 1240 vocare
1673 1185 1740 1222 ex
1777 1171 1936 1224 Italia
1972 1185 2050 1221 eos
2082 1171 2385 1237 quibuscum
2409 1171 2532 1234 jure

1253 1315 1309 1333 Ν
1314 1314 1610 1335 OOOOOOOOO

320 1400 591 1452 veteribus
612 1399 1060 1464 Inscriptionibus.
1097 1400 1410 1453 Brotier.-—2
1445 1404 1516 1454 Et
1538 1402 1686 1453 abest
1708 1418 1739 1452 a
1761 1405 1862 1455 Ms.
1891 1404 2004 1454 Jes.
2038 1407 2315 1470 potestque
2338 1400 2530 1454 omitti.

317 1466 564 1517 Idem-s
601 1467 839 1516 Muretus
864 1467 1043 1516 mallet
1059 1482 1152 1516 non
1169 1469 1441 1532 probavere.
1503 1470 1640 1519 Sane
1673 1467 1856 1519 durum
1890 1475 1972 1519 est
2000 1467 2374 1533 comprobavere,
2397 1465 2525 1516 licet

1313 1573 1527 1650 NOTAE

318 1710 403 1760 Sic
426 1710 689 1774 distingue
721 1715 777 1759 et
803 1709 1070 1775 intellige:
1110 1712 1237 1763 Nam
1259 1713 1387 1762 inter
1464 1713 1596 1764 ‘riam
1636 1715 1989 1780 prohiberent,
2033 1727 2183 1780 qnam
2224 1715 2284 1760 ut
2339 1705 2537 1775 aliquid

328 1788 591 1838 Vibullium
626 1792 875 1852 pretorem
896 1794 946 1838 et
977 1789 1127 1853 plebei
1146 1790 1389 1841 tribunum
1468 1796 1720 1853 agerent3
1755 1791 1914 1855 igitur
1937 1785 2168 1857 quem‘vis
2201 1787 2358 1837 etiam
2392 1797 2538 1835 sena·

318 1867 762 1917 Antistiumormm
784 1872 1017 1916 cer-tamen
1038 1866 1390 1931 comprobavere
1469 1874 1653 1931 torem,
1696 1868 1851 1919 etiam
1895 1876 1950 1918 et
1993 1867 2281 1933 principem
2324 1880 2388 1915 eo
2419 1876 2537 1913 aevo

317 1950 501 2008 patres,
524 1943 762 1993 incusata
792 1943 999 1992 Antistii
1031 1944 1244 2007 licentia,
1265 1946 1388 2007 quod

321 2022 620 2071 immodestos
659 2018 882 2080 fautores
924 2020 1205 2070 histrionum
1263 2027 1311 2070 et
1356 2037 1389 2070 α

319 2102 523 2160 proetore
543 2098 595 2146 ia
612 2097 800 2146 vinculo
813 2099 974 2146 ductos
995 2095 1211 2147 tribunus
1231 2098 1389 2148 omitti

319 2286 325 2296 .
383 2251 451 2301 Id
492 2259 759 2328 c‘ertamen
800 2250 877 2301 ita
918 2251 1261 2317 comprobant
1300 2267 1390 2319 pa-

320 2335 444 2394 tres,
467 2335 529 2378 ut
547 2327 768 2394 laudent
785 2328 1070 2379 Vibullium
1092 2336 1390 2394 praetorem,

321 2414 372 2457 et
391 2407 638 2456 ineuseut
669 2405 962 2456 Antistium
998 2404 1259 2455 tribunum
1283 2407 1392 2470 ple·

319 2485 414 2534 bis.
486 2483 845 2547 comprobant
878 2478 1144 2533 certamen
1175 2483 1392 2533 Vibullii

320 2560 583 2625 praetoris,
603 2565 660 2610 et
685 2560 943 2611 tribunum
966 2566 1189 2625 arguunt
1215 2561 1388 2611 nimioe

321 2638 578 2691 audaciae.
1170 2668 1173 2671 ·

316 2745 325 2752 ·
384 2722 407 2757 5
444 2713 647 2778 Ortum]
681 2712 816 2763 Orto
838 2711 1118 2764 certamine
1140 2713 1279 2765 inter
1300 2714 1391 2764 Vi-

318 2793 536 2843 bullium
563 2800 619 2842 et
653 2792 955 2856 Antistium,
990 2792 1268 2843 laudavere
1298 2793 1387 2843 Vi-

319 2872 533 2932 bullium
583 2878 778 2935 patres,
834 2886 926 2921 seu
964 2871 1390 2937 comprobavere,

315 2950 453 3013 quod
478 2949 814 2999 immodestos
836 2946 1063 2998 fautores
1085 2948 1386 2999 histrionum

314 3026 363 3078 in
398 3028 614 3076 vincula
652 3026 888 3090 duceret,
916 3025 1154 3075 incusata
1191 3025 1389 3075 tribuni

314 3103 551 3165 licentia,
575 3101 713 3165 quod
732 3115 820 3151 eos
838 3100 1070 3151 fautores
1091 3101 1262 3152 omitti
1275 3102 1389 3166 jus-

312 3180 501 3232 sisset:
538 3192 748 3243 nempe,
781 3178 1157 3230 intercedendo
1198 3179 1389 3230 actioni

314 3257 578 3322 praetoris,
615 3270 703 3307 eos
726 3256 908 3307 vinclis
933 3261 1203 3306 exemerat
1226 3256 1389 3307 tribn-

318 3349 432 3385 nus.

379 3408 875 3473 *omnimo-esee]
923 3410 1045 3461 Hoc
1084 3411 1257 3476 potuit
1295 3410 1389 3461 tri-

312 3488 485 3539 bunus
508 3485 680 3552 piebis
704 3501 799 3550 pro
811 3486 933 3550 jure
965 3492 1022 3536 et
1058 3501 1161 3551 pro
1179 3501 1272 3537 sua
1299 3502 1393 3552 po-

313 3571 545 3627 testate;
574 3566 747 3629 'potuit
767 3563 869 3613 vim
890 3562 1168 3627 prohibere
1202 3578 1234 3613 a
1266 3578 1390 3628 quo-

315 3656 539 3709 cumque
581 3642 905 3702 mortalium;
957 3656 1058 3706 qua
1097 3648 1266 3692 tamen
1301 3657 1394 3707 po·

310 3726 507 3772 testate
552 3720 698 3769 abuti
721 3718 825 3769 non
844 3718 1029 3769 debuit
1051 3720 1103 3770 in
1127 3719 1388 3769 licentiam

316 3799 487 3864 piebis
530 3801 590 3847 et
625 3797 757 3845 tales
791 3794 1061 3847 factiones.
1142 3795 1389 3860 Alioquin

313 3877 542 3941 ipsemet
570 3873 802 3923 tribunus
825 3872 1056 3923 cocrceri
1080 3873 1272 3936 potuit,
1304 3873 1390 3923 vel

313 3968 340 4001 a
399 3950 622 4016 collegis
673 3950 760 3999 vel
808 3949 964 3999 etiam
1019 3964 1051 3999 a
1094 3949 1394 4015 consulibus

317 4029 684 4094 patribusque,
706 4033 764 4077 nt
786 4026 883 4077 hoc
906 4040 1046 4077 casn.

368 4104 630 4168 suasisset]
682 4105 916 4154 Fuerunt
962 4103 1183 4167 primum
1216 4104 1385 4154 creati

315 4185 540 4251 quinque
583 4182 792 4245 tribuni,
826 4180 946 4231 dein
978 4181 1178 4243 decem,
1200 4180 1268 4230 ad
1304 4186 1385 4231 tu·

315 4262 528 4313 tandum
555 4259 762 4326 plebem
782 4257 1031 4308 adversus
1060 4257 1295 4308 consules
1330 4262 1387 4307 et

317 4340 630 4405 qnimaten
664 4346 722 4387 et
742 4336 904 4400 magis
928 4342 990 4386 nt
1022 4335 1126 4386 vim
1164 4342 1221 4387 et
1253 4334 1389 4400 inju-
1466 4334 1723 4401 enmiege
1745 4332 1834 4399 agi
1856 4338 2047 4399 posset.

1354 4416 1509 4467 Tacit.

444 4419 623 4487 Βειριι.
645 4424 693 4469 et
719 4418 834 4472 ναν.
860 4417 989 4469 σιω.

1469 1944 1605 1994 tueri
1632 1952 1938 2010 potuerunt,
1959 1952 2142 1996 contra
2176 1944 2277 1992 vim
2313 1942 2537 1992 intenta-

1469 2028 1576 2072 tam
1602 2039 1632 2071 a
1656 2023 1966 2086 potentiore,
2001 2036 2093 2072 seu
2126 2018 2457 2080 violentiore,
2478 2021 2538 2066 et

1468 2097 1618 2149 licuit
1641 2099 1742 2149 illis
1784 2099 2114 2150 intercedere
2155 2094 2417 2162 quibusvis
2446 2093 2536 2144 de-

1469 2176 1630 2226 cretis
1653 2176 1890 2226 Patr-um.

1536 2254 1712 2304 Licuit
1745 2255 1890 2319 ipsis,
1916 2265 2288 2319 quemcumque
2319 2249 2535 2313 vellent,

1468 2338 1733 2395 arreptum
1768 2332 1820 2380 in
1857 2331 2155 2384 concionem
2198 2327 2438 2393 prodere,
2460 2326 2538 2377 ita

1469 2415 1529 2458 ut
1552 2416 1803 2474 cogerent
1827 2410 1970 2459 illum
1995 2407 2311 2473 respondere
2333 2406 2400 2454 de
2424 2406 2536 2472 qui-

1468 2485 1567 2536 bus
1587 2486 1742 2536 rebus
1774 2488 1817 2535 is
1856 2493 1997 2538 esset
2019 2487 2402 2549 interrogatus;
2437 2484 2536 2534 sic-

1462 2579 1572 2628 que
1595 2570 1742 2615 tenta
1765 2564 2003 2628 potentia
2023 2562 2169 2627 freti,
2192 2577 2247 2612 se
2272 2575 2535 2625 opponen-

1470 2639 1538 2689 do
1560 2640 1799 2691 Patribus
1831 2654 2044 2704 magnas
2065 2652 2204 2703 saepe
2227 2637 2406 2688 turbas
2432 2651 2536 2687 mo-

1468 2730 1611 2768 vere.

1531 2796 1722 2846 Tamen
1745 2796 1789 2845 si
1813 2810 1941 2845 unus
1959 2793 2166 2859 collegii
2186 2790 2537 2857 rogationibus

1466 2873 1682 2924 aliorum
1701 2873 2072 2937 intercederet,
2087 2869 2409 2936 impediebat
2432 2883 2538 2919 om-

1466 2950 1572 3001 nia.
1641 2951 1775 3001 Haec
1814 2957 2046 3014 potestas
2089 2949 2286 2999 abolita
2315 2962 2345 2996 a
2379 2946 2539 3012 Sylla,

1468 3029 1712 3079 restituta
1753 3044 1783 3078 a
1815 3028 2091 3093 Pompeio,
2114 3026 2234 3076 dein
2271 3024 2369 3075 sub
2401 3024 2537 3077 Con-

1471 3104 1698 3155 stantino
1719 3104 1956 3168 principe
1981 3118 2188 3171 prorsus
2209 3101 2385 3155 desiit.

1530 3188 1559 3217 s
1591 3182 1834 3231 Prohibiti
1876 3181 2080 3244 tribuni]
2162 3181 2283 3231 Non
2330 3178 2537 3229 mirum.

1468 3259 1683 3323 Quippe
1726 3259 1814 3323 qui
1850 3272 1949 3309 nec
1991 3258 2169 3309 Romae
2209 3256 2538 3306 vocationem

1468 3333 1764 3399 habuerint,
1807 3340 2021 3384 auctore
2064 3334 2332 3383 Varrone:
2389 3331 2537 3396 cujus

1468 3412 1631 3462 verba
1671 3413 1724 3463 in
1763 3411 1956 3476 Ageliii
1996 3412 2156 3462 Noct.
2197 3423 2328 3461 xm.
2355 3414 2436 3460 12.
2481 3411 2537 3461 in

1471 3489 1631 3539 Italia
1651 3490 1813 3539 multo
1843 3488 2032 3550 miuus,
2066 3487 2259 3552 quippe
2294 3502 2411 3537 cnm
2446 3502 2540 3552 po·

1471 3573 1638 3617 testas
1661 3579 1838 3616 eorum
1869 3564 2028 3615 Urbis
2061 3563 2315 3613 duntaxat
2350 3562 2537 3615 finibus

1471 3644 1861 3694 terminaretur.
1915 3642 2052 3692 Vide
2090 3641 2312 3705 Dionys.
2345 3641 2383 3692 l.
2411 3654 2537 3694 vm.
2644 3664 2648 3667 -

1469 3722 1681 3786 Lipsius.

1535 3797 1559 3832 ὓ
1589 3800 1684 3849 Jus
1714 3802 1971 3862 praetoram
2004 3801 2052 3846 et
2083 3795 2345 3859 consulum]
2381 3794 2537 3847 Quod

1458 3876 1549 3940 jus
1571 3874 1941 3939 praeripiebant
1973 3872 2166 3923 tribuni
2200 3871 2390 3936 plebis,
2415 3885 2537 3921 cum

1470 3958 1719 4001 vocarent
1755 3949 1821 3999 ad
1845 3963 1900 3998 se
1923 3948 2065 3998 cives
2100 3962 2194 3999 seu
2230 3946 2416 4010 socios,
2446 3947 2536 4011 qui

1470 4034 1755 4093 praetorum
1788 4032 1880 4076 aut
1902 4025 2168 4076 consulum
2193 4023 2534 4075 tribunalibus

1470 4107 1715 4155 assistere
1758 4101 2070 4164 debuerunt,
2122 4117 2241 4152 cum
2286 4109 2535 4152 vocarent

1467 4196 1531 4230 ex
1555 4180 1713 4230 Italia
1734 4194 1824 4231 eos
1855 4178 1944 4243 qui
1969 4177 2200 4243 judicari
2222 4177 2481 4228 deberent
2503 4193 2537 4228 a

1466 4256 1780 4321 praetoribus
1801 4270 1895 4305 sen
1916 4255 2230 4321 consulibus,
2249 4261 2306 4305 et
2326 4256 2537 4321 quibus-

2258 4374 2402 4463 δ51)
