3063 4952
2333 422 2541 509 191322

304 612 680 685 assisteret:
728 600 1077 696 ta‘ntu'sque
1118 600 1225 674 eis
1254 601 1518 686 R‘omae,
1572 606 1865 690 quantus*
1890 580 2345 681 Consulibus‚¹‘
2374 582 2502 668 'lio-

301 741 427 786 nor
485 717 708 784 esset.'
796 715 1066 781 Scilicet
1115 706 1424 777 externae¹
1476 710 1835 792 superbiae·
1861 714 2045 772 sueto
2089 726 2222 770 non
2266 707 2503 783 inerat‘

299 823 540 888 notitia
568 821 774 886 nostri
800 827 859 884 :¹¹¹
908 810 1089 902 apud
1119 835 1285 900 quos
1317 814 1445 878 vis³
1499 796 1776 894 Iinperii
1806 811 2007 889 valet,
2039 811 2262 873 inania
2290 807 2502 873 trans-

253 982 256 987 ,
301 926 693 992 mittuntur.¹¹

305 479 360 532 J.
387 448 450 530 c.
473 440 610 541 σ4.]”
657 494 661 502 ·
1040 434 1460 513 duranum*
1500 439 1646 512 mn.
1695 443 1827 510 xv':

299 1118 376 1172 illi
403 1118 562 1171 decus
585 1125 724 1170 esset
748 1121 800 1168 in
825 1119 972 1179 urbe,
1000 1124 1246 1184 quantum
1270 1116 1584 1185 consulibus.
1651 1114 1837 1178 Nempe'
1855 1118 2049 1163 externo
2072 1110 2207 1170 fastu
2228 1086 2504 1175 innuerit-m,

298 1189 481 1302 :¹⁸:³12th
491 1188 634 1235 moris
670 1187 865 1248 ignarus
890 1184 1027 1244 fuit.-
1058 1185 1183 1248 apud
1224 1194 1336 1246 quos
1370 1183 1443 1230 vis
1477 1181 1808 1231 dominationis
1842 1179 2105 1242 praeponet,
2147 1190 2268 1225 vana
2306 1178 2503 1222 contem·

1223 1358 1280 1378 ‘O
1287 1356 1576 1378 ’ΝΙΟΟΙΟΙΙ

341 1451 403 1497 .1·
428 1446 514 1497 Sic
537 1447 666 1496 Mss.
690 1448 827 1507 Flor.
850 1448 984 1510 Reg.
1006 1445 1162 1497 Gorb.
1187 1444 1347 1494 editio
1372 1443 1619 1508 princeps
1643 1448 1697 1491 et
1719 1439 2052 1499 recentiores.
2124 1434 2170 1485 A
2194 1435 2322 1485 Mss.
2346 1433 2500 1489 Harl.

304 1512 455 1563 Bodl.
476 1513 583 1564 JeS.
609 1521 674 1588 'et
711 1514 995 1563 Puteolano
1029 1511 1197 1573 abest,
1235 1512 1394 1575 εἱς-2
1428 1509 1512 1558 Ita
1545 1508 1673 1557 Mss.
1710 1506 1848 1555 Flor.
1876 1506 2006 1568 Reg.
2040 1502 2186 1552 Harl.
2210 1497 2362 1549 Bodl.
2385 1499 2498 1549 Jes.
2534 1552 2537 1555 ,

300 1575 473 1649 Guelf.
498 1577 657 1626 editio
681 1578 921 1642 princeps
943 1585 998 1627 et
1031 1576 1364 1627 recentiores.
1431 1574 1495 1623 In
1530 1572 1632 1622 Ms.
1668 1571 1825 1621 Corb.
1857 1576 1911 1618 et
1950 1568 2280 1626 Puteolanus,
2313 1565 2501 1613 erat—²

295 1644 329 1692 3
366 1642 451 1719 lta
486 1643 615 1718 MsS.
639 1640 777 1692 Flor.
802 1643 930 1707 Agr.
970 1642 1196 1706 Ryckius
1232 1648 1288 1705 et
1313 1639 1645 1689 recentiores.
1711 1636 1881 1698 Vulgo
1914 1635 1965 1683 in
1990 1634 2120 1682 Mss.
2151 1638 2205 1681 et
2242 1628 2532 1679 veteribus¹

300 1705 635 1767 editionibus,
658 1708 759 1769 jus.
826 1708 987 1757 Facili
1030 1707 1350 1756 librariorum
1394 1716 1590 1765 errore,
1627 1716 1757 1753 uuus
1792 1702 1928 1751 enim
1965 1714 2027 1749 ac
2067 1698 2205 1747 idem
2237 1696 2502 1745 literarum

300 1771 506 1837 ductus,
529 1779 586 1822 ut
609 1770 797 1821 norunt
817 1775 995 1823 harum
1021 1787 1189 1822 rerum
1215 1771 1391 1837 periti.
1427 1770 1643 1819 Brotier.

1295 1917 1511 1970 NOTAE

1442 2028 1660 2084 obiisset
1697 2030 1875 2081 Romae
1916 2028 2036 2078 Rex
2074 2032 2338 2076 externus.
2401 2020 2505 2072 Sed

296 2024 433 2083 nitas
474 2031 689 2083 introire
728 2035 1050 2099 permiserit:
1101 2036 1179 2086 ita
1218 2042 1278 2093 ut
1317 2035 1361 2085 si

1442 2108 1542 2175 ipsi
1567 2109 1666 2171 via,
1690 2115 1746 2159 et
1770 2108 1922 2157 etiam
1945 2106 2061 2154 loco
2097 2102 2287 2153 cedere
2311 2098 2505 2149 debue-

297 2104 553 2174 quispiam
576 2108 733 2161 fuerit
768 2113 1048 2162 insolenter
1084 2113 1361 2176 ingressus,

296 2191 388 2235 aut
441 2187 692 2249 caedatur,
748 2195 840 2238 aut
885 2190 1229 2254 propellatur,
1270 2195 1360 2238 aut

297 2262 470 2327 aliqua
495 2264 817 2330 verecundiae
845 2272 1001 2332 atque
1022 2266 1359 2316 existimatio-

292 2336 374 2388 nis
397 2354 501 2388 suoe
527 2341 642 2390 labe
661 2342 971 2392 mulctetur.'

363 2417 513 2468 Quod
565 2421 812 2490 augendae
859 2420 1101 2485 dignitati
1146 2436 1360 2487 usurpa·

298 2500 408 2544 tum
431 2509 460 2543 a
482 2497 812 2559 praesidibus,
841 2499 915 2547 uti
940 2497 1186 2564 privatim
1204 2513 1236 2549 a
1253 2496 1360 2564 qui·

293 2569 510 2658 busdam
550 2587 644 2636 per
683 2574 980 2637 superbiam
1018 2576 1218 2626 Romae.
1249 2575 1363 2639 Lip-

292 2659 411 2695 stus.

360 2722 532 2787 Igitur
561 2723 826 2775 interdicti
862 2727 1202 2790 provinciales
1225 2742 1361 2780 com-

293 2800 453 2880 pleau
476 2802 788 2876 legatorum,
829 2809 1013 2869 nempe
1034 2804 1222 2872 plebeii,
1257 2821 1359 2856 non

288 2878 527 2928 illustres.-
582 2879 719 2945 quod
766 2887 913 2945 patet
956 2897 1023 2931 ex
1063 2883 1140 2932 his
1184 2883 1358 2934 verbis

294 2952 557 3006 Salviaui.:
591 2954 607 2983 ‘
636 2963 726 3006 aut
762 2956 889 3020 ipsa,
912 2959 1009 3007 &‘c.
1035 2957 1258 3023 dignitas
1282 2960 1357 3009 in-

294 3031 455 3081 troire
478 3030 809 3096 permiserit!

351 3103 371 3149 Ι
406 3108 707 3172 Provincias]
751 3110 816 3160 Id
860 3111 1046 3177 nempe
1090 3111 1259 3178 rogat,
1303 3121 1361 3164 ut

292 3175 578 3234 honorifice
624 3200 718 3250 per
764 3189 1058 3251 provincias
1118 3184 1376 3242 incedens

292 3260 665 3325 excipere-tun
697 3264 833 3328 quod
856 3263 1049 3315 factum
1090 3273 1189 3330 est,
1227 3276 1361 3318 teste

294 3339 489 3416 Dione,
508 3349 673 3391 Lxm.
694 3341 709 3369 ⁶
732 3343 968 3407 Eumque
992 3344 1144 3393 urbes
1167 3347 1361 3410 magni-

292 3412 394 3496 fice
428 3419 646 3478 ornatae,
680 3431 741 3466 ac
780 3419 959 3482 populi
982 3421 1180 3483 magnis
1203 3422 1359 3471 laetis·

294 3504 399 3562 que
458 3492 915 3544 acclamationibus
985 3497 1318 3561 excipiebant
1343 3514 1356 3547 τ

291 3570 517 3646 q’uaeque
534 3571 828 3620 necessaria
847 3578 1017 3633 erant,
1053 3573 1220 3623 omnia
1246 3589 1360 3638 gra-

293 3641 362 3693 tis
394 3644 445 3693 ei
468 3646 885 3708 praestabantur!
950 3649 1006 3699 Si
1030 3648 1081 3698 id
1113 3651 1357 3701 interdic-

294 3726 406 3793 tum
430 3718 565 3770 foret
591 3724 715 3785 regi,
740 3724 912 3785 potius
935 3722 1096 3775 fuerit
1116 3739 1358 3777 arcanum

294 3795 681 3872 dominationiS,
708 3796 843 3848 forte
883 3815 1037 3865 quam
1074 3801 1361 3866 majestatis

296 3877 389 3926 aut
411 3875 765 3939 amplitudinis
790 3870 939 3928 Rom.
973 3877 1360 3929 documentum.

325 3947 383 4028 ἈΒ
421 3952 718 4017 Consulibus]
745 3953 830 4003 vId
869 3954 1261 4018 intelligendum
1297 3957 1361 4006 de

297 4037 565 4104 respectu,
602 4037 658 4079 et
692 4031 1025 4081 veneratione
1063 4033 1235 4097 simili,
1261 4048 1361 4083 non

294 4109 363 4159 de
387 4108 621 4159 omnibus
646 4109 850 4158 omnino
878 4110 1174 4161 honoribus.
1241 4110 1377 4162 Non‘

293 4183 448 4236 e’nim
487 4186 762 4237 duodecim
811 4186 1023 4237 lictores
1061 4196 1152 4238 aut
1192 4187 1368 4239 fasces‘

195 4305 203 4314 ,
298 4263 667 4328 praecederent
710 4265 963 4330 regulum,
1002 4271 1059 4315 ut
1098 4267 1358 4316 consulem

297 4331 482 4408 p‘opuli‘
504 4335 656 4394 Romu
679 4343 776 4395 nec
799 4341 900 4393 alia
936 4342 1123 4394 similia
1145 4334 1359 4395 munera

1442 2196 1582 2239 runt.
1641 2182 1799 2239 Forte
1821 2178 1992 2252 potuit
2015 2184 2204 2234 habere
2231 2191 2506 2230 accensum

1442 2273 1531 2316 aut
1556 2266 1766 2315 lictores
1801 2262 2072 2329 quosdam,
2111 2260 2197 2324 qui
2237 2255 2506 2321 praeirent,

1439 2348 1501 2393 ut
1531 2342 1750 2405 consuli,
1790 2348 1845 2390 et
1884 2338 1986 2388 alia
2025 2337 2228 2397 decora,
2258 2347 2374 2399 quae
2411 2345 2506 2395 pro

1440 2426 1586 2469 more
1609 2416 1882 2468 deferebat
1907 2413 2129 2481 populus
2152 2412 2410 2462 Romanus
2443 2406 2506 2457 iis

1441 2512 1570 2563 quos
1595 2511 1743 2560 reges
1764 2502 1821 2545 et
1845 2493 2036 2543 amicos
2059 2489 2391 2554 appellasset.

1506 2575 1657 2624 Inter
1684 2587 1801 2638 quae
1825 2570 2014 2621 decora
2034 2566 2247 2617 fuerunt
2268 2579 2348 2626 ea,
2384 2576 2504 2628 quae

1442 2656 1620 2701 narrat
1642 2650 1854 2700 Sallust.
1869 2646 2009 2697 Bell.
2025 2644 2060 2696 J
2064 2658 2148 2706 ug.
2167 2640 2255 2690 ubi
2280 2639 2345 2688 de
2364 2639 2506 2689 Gau-

1442 2727 1510 2778 da
1530 2726 1850 2778 Massinissae
1886 2729 2110 2788 nepote:
2145 2719 2161 2748 ‘
2182 2718 2279 2768 Cui
2316 2715 2507 2766 Metel-

1439 2808 1519 2856 lus
1560 2805 1761 2871 petenti
1798 2816 1942 2853 more
1986 2813 2183 2864 regum,
2223 2802 2283 2845 nt
2326 2795 2504 2844 sellam

1432 2884 1594 2947 juxta
1616 2887 1855 2947 poneret,
1879 2879 2003 2928 item
2029 2880 2234 2941 postea,
2257 2859 2531 2926 custodiae'

1440 2976 1615 3021 causa,
1650 2966 1867 3009 turmam
1889 2956 2121 3021 equitum
2145 2952 2290 3001 Rom.
2308 2954 2505 2998 utrum-

1440 3054 1540 3103 que
1563 3045 1842 3102 negaverat
1866 3036 2128 3092 honorem,
2164 3027 2301 3094 quod
2327 3027 2529 3076 eorum·

1439 3116 1592 3167 modo
1623 3114 1778 3177 foret,
1816 3127 1941 3179 quos
1983 3109 2199 3175 populus
2242 3106 2388 3155 Rom.
2424 3118 2504 3157 re·

1441 3210 1531 3259 ges
1574 3191 1959 3258 appellavisset,
2000 3185 2331 3253 pia-sidium:
2369 3180 2506 3247 quod

1442 3271 1869 3322 contumeliosum
1893 3268 1944 3315 in
1968 3281 2056 3313 eos
2094 3261 2250 3323 foret,
2287 3259 2329 3308 si
2361 3257 2506 3322 equi-

1443 3355 1520 3398 tes
1563 3348 1712 3395 Rom.
1751 3342 2001 3394 satellites
2049 3336 2290 3389 Numidae
2331 3333 2509 3384 trade-'

1441 3422 1656 3472 rentur.’
2018 3481 2023 3486 .
2198 3419 2203 3433 '
2396 3419 2401 3426 ‘

1503 3497 1516 3532 ¹
1552 3495 1808 3559 Externoe]
1854 3492 2113 3555 Intelligit
2156 3503 2306 3554 reges
2348 3491 2507 3536 exter·-

1440 3591 1539 3638 nos,
1562 3582 1617 3625 et
1639 3576 1902 3639 praecipue
1937 3569 2250 3634 orientales,
2281 3564 2370 3632 qui
2390 3561 2505 3614 fere

1438 3666 1616 3702 omnes
1638 3652 1855 3700 hausere
1878 3645 2070 3712 aliquid
2096 3659 2159 3693 ex
2183 3644 2308 3691 luxu
2329 3649 2507 3705 super-

1438 3729 1626 3793 biaque
1652 3728 1851 3791 Regum
1873 3725 1992 3774 olim
2018 3724 2310 3771 Persarum.
2365 3718 2505 3767 Nam

1441 3807 1496 3854 in
1541 3806 1752 3867 Europa
1806 3800 1985 3867 populi
2041 3810 2291 3861 regesque
2335 3794 2504 3861 minus

1442 3882 1657 3932 luxuriae
1683 3878 2043 3944 superbiaeque
2065 3874 2244 3935 dediti,
2285 3871 2373 3936 q‘ui
2393 3870 2523 3939 fere·

1442 3975 1545 4009 non
1568 3965 1707 4008 artes
1730 3956 1974 4016 habuere,
2015 3951 2198 4017 quibus
2218 3947 2505 4011 amoenitaS,

1442 4035 1723 4100 elegantia,
1743 4037 1834 4081 aut
1857 4032 2006 4080 luxus
2030 4029 2340 4076 ostentatur.
2519 4085 2522 4090 ‚

1506 4113 1610 4163 Sed
1656 4117 1838 4161 contra
1877 4112 2021 4157 certe
2061 4106 2215 4167 longe
2259 4099 2522 4155 fortiores·

1443 4187 1824 4249 Orientalibus,
1857 4191 1916 4233 ut
1937 4178 2266 4231 manifestum
2292 4177 2359 4226 de
2383 4176 2507 4227 Gal-

1438 4268 1522 4329 lis,
1565 4264 1654 4332 qui
1693 4257 2187 4323 Asiamsubegere,
2229 4254 2504 4322 Regesqu‘e

1437 4344 1577 4410 ipsos
1604 4342 1801 4395 vicere:
1843 4342 1993 4405 patet
2033 4336 2100 4385 de
2122 4330 2502 4385 Macedonibus
2548 4327 2553 4332 ’
