3063 4952
2371 417 2552 488 19ae

335 577 701 647 accendere
749 583 818 644 et
869 595 1144 660 arguere
1185 575 1606 662 conjuratos:
1652 597 1737 643 ac
1777 581 2113 662 postremo
2140 578 2548 647 lentitudinis

334 704 560 750 eorum
575 687 885 767 pertaesa,
902 689 968 747 et
988 682 1056 745 in
1074 679 1448 764 Campania
1470 702 1699 765 agenS‚
1713 683 2035 767 primores
2054 683 2548 751 classiariorum

329 786 818 866 Misenensium
872 785 1279 864 labefacere,¹
1325 790 1391 851 et
1441 787 1854 851 conscientia
1904 786 2155 868 illigare
2176 795 2196 833 ³
2254 788 2546 854 connixa

329 895 435 954 est
472 891 590 955 tali
634 891 849 956 initio.
940 887 1104 953 Erat
1157 887 1615 954 chiliarchus4
1635 898 1662 939 P
1709 890 1779 953 in
1824 909 1905 953 ea
1952 890 2171 955 classe
2219 889 2546 956 Volusius

331 992 686 1073 ProculuS,
736 991 1121 1059 occidendae
1168 994 1398 1058 matris
1431 992 1719 1058 Neronis
1765 995 1931 1057 inter
1955 993 2316 1072 ministroS‚
2332 1003 2359 1041 ‘¹
2403 1013 2538 1060 uon

327 439 388 494 J.
411 439 473 493 c,
494 437 607 510 sa]
1030 429 1441 480 Antistium
1492 429 1639 479 mn.
1687 431 1818 481 xv.

329 1152 414 1196 aut
432 1146 617 1196 honoris
635 1147 842 1196 studium
849 1145 1015 1207 fuerat
1020 1146 1053 1209 )
1069 1147 1269 1198 incitare
1284 1151 1330 1196 et
1349 1146 1451 1196 incr
1452 1162 1592 1211 epure
1612 1161 1689 1195 coe
1694 1146 1773 1210 pit
1787 1144 2081 1206 conjuratos.-
2115 1161 2173 1194 (ιο
2191 1147 2375 1194 demum
2398 1157 2538 1193 cune-

326 1212 534 1262 tationes
550 1213 738 1262 illorum
757 1227 936 1275 perosa,
950 1217 996 1261 st
1018 1212 1070 1261 in
1089 1212 1351 1277 Campania
1367 1215 1559 1274 degens,
1578 1211 1852 1290 pra-positos
1871 1210 2221 1259 classiariorum
2232 1224 2540 1274 corrumpere

329 1284 379 1327 et
401 1278 680 1328 conscientia
700 1276 945 1328 facinoris
964 1279 1199 1328 innectere
1218 1282 1387 1328 conata
1408 1284 1480 1328 est
1501 1277 1591 1326 tali
1607 1277 1859 1340 principio.
1936 1276 2150 1325 Volusius
2176 1277 2405 1325 Proculus
2431 1280 2536 1325 erat

328 1345 381 1393 in
403 1359 459 1393 ea
477 1345 620 1394 classe
640 1342 959 1408 Clamat-clius,
984 1358 1075 1395 seu
1097 1344 1354 1407 tribunus,
1372 1344 1496 1393 inter
1511 1342 1753 1393 ministros
1765 1340 2105 1408 interficienda
2120 1342 2250 1403 Agr
2234 1342 2426 1406 ippinae,
2444 1354 2536 1389 m

1259 1478 1373 1498 ‘000
1352 1477 1616 1497 “enee“

332 1561 601 1610 Vertrauii
638 1562 868 1612 suscitata
890 1562 1255 1640 spernendum.
1323 1560 1530 1638 Lipsius.
1535 1565 1630 1610 —3
1662 1561 1764 1611 Ms.
1781 1560 1939 1611 Corb.
1958 1559 2172 1621 alligare.
2173 1562 2270 1607 —4
2306 1559 2392 1608 Ita
2415 1557 2547 1609 Mss.

330 1624 467 1690 Reg.
490 1626 647 1677 Corb.
673 1628 836 1678 editio
863 1628 1104 1691 princeps
1139 1633 1195 1677 et
1224 1626 1565 1676 recentiores.
1632 1627 1694 1675 In
1719 1627 1850 1676 Mss.
1875 1625 2022 1676 Harl.
2050 1625 2202 1673 Bodl.
2226 1624 2339 1678 JeS.
2359 1623 2542 1674 Guelf.

328 1697 386 1740 et
405 1692 742 1769 Puteolanus,
777 1695 1063 1744 navarchus.-
1167 1692 1234 1741 od
1275 1691 1482 1770 quidem
1520 1705 1707 1741 nomen
1748 1691 1993 1757 frequens
2015 1682 2172 1740 estin
2200 1689 2543 1754 scriptoribus

327 1763 385 1806 et
407 1758 751 1809 monumentis
775 1759 1035 1809 Romanis.
1097 1707 1378 1808 ⁴karissime
1416 1759 1542 1807 v'ero
1578 1763 1928 1808 memorantur
1961 1755 2276 1817 chiliarchi,
2311 1770 2407 1805 uec
2431 1755 2541 1804 scio

1330 1907 1544 1959 NOTAE

324 2021 414 2072 Sic
437 2019 730 2086 coujuratio
754 2021 993 2073 Catilinae
1017 2038 1113 2088 per
1134 2021 1394 2073 foeminam

326 2095 540 2163 prodita
563 2098 705 2159 olim,
726 2105 781 2149 et
804 2097 916 2149 fere
935 2097 1125 2150 talibus
1141 2100 1393 2150 immixtas

326 2188 537 2238 semper
554 2173 801 2226 foeminae.

393 2258 419 2292 Ρ
454 2251 582 2301 Erat
597 2252 923 2317 chiliarchus]
945 2253 1033 2303 Ita
1047 2252 1185 2304 libri.
1206 2254 1396 2317 Vulgo,

327 2327 641 2378 Navarchuse
677 2330 808 2380 bene
830 2330 1146 2395 Chiliarclius,
1167 2345 1261 2395 pro
1285 2330 1391 2379 Tri-

325 2405 480 2457 buno.-
515 2406 651 2458 sicut
690 2414 746 2457 et
785 2408 1128 2459 Centuriones
1166 2407 1395 2473 reperies

323 2483 443 2548 plus
466 2486 627 2535 semel
651 2488 703 2536 iu
727 2488 912 2537 classe.
977 2487 1186 2552 Lipsius.

397 2560 716 2627 chiliarchus]
752 2564 923 2614 Verba
935 2565 1121 2615 Graeca
1136 2579 1238 2614 non
1257 2570 1393 2615 amat

323 2651 579 2702 usurpare
593 2639 840 2691 Tacitus:
865 2641 957 2690 sed
976 2656 1038 2691 eo
1053 2642 1169 2690 loco
1182 2640 1391 2705 scripsit

329 2716 647 2780 chiliarchus,
680 2725 739 2768 ut
761 2733 946 2783 nempe
970 2718 1258 2783 distinguat
1282 2718 1391 2767 Tri-

322 2792 522 2843 bunum
575 2794 916 2857 classiarium‚
967 2810 1058 2844 seu
1108 2794 1388 2845 Tribunum

323 2869 550 2921 militum
573 2872 966 2934 classiariorum,
987 2887 1103 2936 quae
1125 2871 1278 2921 vilior
1298 2872 1391 2920 mi-

322 2946 443 2995 litia
468 2944 589 3009 fuit,
615 2964 646 2996 a
666 2947 903 2997 Tribuno
926 2948 1144 2997 militum
1168 2949 1391 3012 legiona-

323 3023 538 3086 riorum,
550 3038 639 3074 seu
653 3026 1104 3091 praetorianorum,
1116 3042 1229 3092 quae
1238 3027 1321 3076 lon
1327 3043 1392 3093 ge

323 3100 548 3151 nobilior
569 3102 772 3153 militia.

394 3177 717 3242 Chiliarchus]
749 3179 814 3229 Id
848 3187 947 3242 est,
975 3180 1231 3230 Tribunus
1261 3182 1389 3230 clas-

326 3249 616 3319 siariorum,
634 3264 688 3305 et
706 3257 794 3322 qui
815 3257 904 3307 tali
920 3258 1117 3307 cohorti
1138 3267 1385 3321 praeerat:

327 3332 449 3396 quia
489 3332 865 3384 classiariorum
907 3334 1092 3383 militia
1130 3334 1259 3398 vilis,
1302 3334 1390 3384 ab·

317 3408 491 3471 jecta,
531 3416 589 3459 et
628 3412 778 3474 longe
815 3410 1032 3461 inferior
1075 3411 1389 3476 legionariis,

321 3483 444 3535 ideo
456 3500 625 3551 neque
641 3488 854 3551 legionis
869 3490 950 3538 vel
966 3503 1150 3538 nomeu
1163 3489 1389 3539 habuere

323 3562 592 3616 classiarii.

390 3640 600 3693 Idcirco
655 3658 823 3708 neque
889 3644 1129 3709 praefecti
1183 3646 1387 3695 illorum

320 3718 508 3769 iisdem
527 3721 821 3772 nominibus
840 3723 1028 3785 vocati,
1052 3723 1237 3788 quibus
1260 3738 1389 3786 prae-

320 3792 452 3844 fecti
467 3811 557 3846 seu
570 3798 780 3847 Tribuni
798 3800 1209 3862 legionariorum.
1247 3800 1385 3849 Hinc

321 3869 603 3922 chiliarchi
626 3888 812 3923 nomen
834 3884 1047 3939 usurpat
1068 3878 1273 3926 Tacitus
1290 3878 1386 3926 boc

319 3947 474 4012 loeo,
498 3956 555 3997 ut
587 3951 663 3999 sic
689 3953 954 4016 praepositi
994 3954 1387 4017 legionariorum

320 4031 381 4075 et
417 4027 794 4078 classiariorum
836 4029 1222 4092 distinguantur
1261 4029 1387 4079 invi-

319 4117 458 4152 cem.

389 4177 620 4242 Reperio
644 4187 815 4231 tamen
838 4198 992 4246 supra
1025 4185 1246 4249 aliquem
1283 4186 1387 4237 diei

320 4255 659 4306 centurionem
679 4258 993 4322 cuissiarium,
1027 4260 1117 4310 ubi
1152 4261 1219 4312 de
1240 4263 1386 4313 caede

317 4330 628 4399 Agrippinen
662 4349 823 4402 supra
845 4348 965 4388 xiv.
983 4343 1032 4389 8.
1099 4337 1393 4406 Agrippina

1479 2023 1494 2050 ‘
1518 2022 1734 2088 respicit
1768 2022 2043 2073 Anicetum
2067 2019 2383 2072 Trierarcho
2407 2017 2544 2069 Her·

1478 2099 1647 2161 culeo,
1680 2106 1735 2148 et
1759 2100 1972 2149 Oloario
1998 2100 2314 2148 Centau-ioue
2341 2096 2545 2146 classia-

1477 2175 1555 2224 rio
1578 2175 1918 2226 comitatum.’
1988 2175 2158 2224 Vocat
2195 2174 2545 2236 Certim-ionem,

1476 2251 1568 2301 sed
1601 2266 1718 2301 cum
1751 2251 1954 2312 addito,
1992 2249 2302 2310 classiarium,
2334 2263 2546 2312 nempe,

1474 2341 1563 2390 ne,
1601 2335 1661 2378 ut
1684 2327 1737 2376 in
1759 2327 2062 2390 legionibus,
2097 2326 2322 2375 Centurio
2347 2324 2545 2389 simpli-

1474 2409 1607 2459 citer
1629 2413 1684 2457 et
1704 2407 1939 2458 absolute
1962 2411 2253 2456 vocaretur.

1541 2494 1565 2528 ‘1
1601 2487 1740 2535 Inter
1777 2482 2042 2545 ministros]
2098 2483 2226 2547 Ejus
2268 2480 2542 2531 ministerii

1475 2569 1651 2612 tamen
1691 2563 1834 2612 nulla
1872 2561 2066 2611 mentio
2112 2575 2284 2624 supra,
2340 2559 2430 2609 ubi
2475 2560 2542 2610 de

1473 2640 1758 2704 parricidio
1776 2638 2019 2689 Neronis.
2076 2638 2232 2687 Haud
2253 2637 2406 2687 dubie
2423 2636 2543 2687 fori-

1471 2721 1566 2771 bus
1589 2722 1726 2771 villae
1742 2720 1964 2782 astabat,
1986 2718 2404 2783 praesidebatque
2432 2717 2541 2780 glo·
2561 2745 2566 2749 -

1471 2799 1547 2848 bis
1601 2799 1820 2848 militum
1876 2795 2279 2854 classiariorum3
2350 2793 2534 2859 quibus

1473 2882 1625 2941 septa
1643 2874 1844 2925 iuterim
1864 2874 2063 2937 domus,
2076 2872 2198 2921 dum
2218 2871 2543 2922 occideretur

1470 2954 1781 3021 Agrippina.

1537 3033 1676 3082 Inter
1693 3031 1956 3095 ministros]
1989 3030 2112 3080 Non
2147 3026 2235 3093 qui
2267 3032 2411 3076 certe
2443 3040 2543 3075 cae·

1471 3106 1591 3158 dem
1607 3122 1697 3158 sua
1707 3122 1864 3157 mauu
1881 3111 2137 3170 patraret,
2154 3103 2243 3153 sed
2257 3103 2342 3168 qui
2356 3117 2541 3166 agmen

1468 3185 1722 3247 duceret3
1775 3185 1840 3234 de
1883 3199 1985 3249 quo
2026 3183 2249 3233 ibidem:
2306 3183 2322 3210 ‘
2358 3182 2540 3231 Donec

1468 3267 1684 3325 aspectu
1709 3262 1895 3309 armati
1920 3264 1978 3309 et
2009 3257 2294 3307 minitantis
2320 3256 2539 3318 agminis

1467 3336 1671 3401 disjecti
1688 3351 1781 3385 sun
1789 3344 1824 3385 t.
1862 3333 2113 3385 Anicetus
2128 3334 2302 3383 villam
2316 3333 2539 3382 statione

1469 3413 1758 3463 circumdat
1776 3412 1809 3473 ;'
1861 3412 1945 3462 cui
1979 3410 2171 3477 agmini
2204 3426 2294 3460 seu
2326 3409 2540 3459 stationi

1468 3489 1607 3539 haud
1632 3488 1789 3538 dubie
1809 3496 2035 3553 praeerat
2055 3487 2142 3537 ille
2158 3486 2399 3536 Volusius
2422 3486 2539 3536 Cbi-

1469 3567 1714 3628 liarchus,
1748 3580 1952 3629 nempe,
1990 3565 2056 3614 ad
2078 3565 2441 3630 exequendum
2463 3561 2538 3613 fa·

1470 3644 1632 3708 ciuus,
1656 3644 1855 3695 Oloarii
1878 3643 2325 3704 centurionisserro.

1535 3724 1672 3773 Nam
1719 3722 1973 3771 Anicetus
2032 3720 2317 3785 praefectus
2377 3720 2537 3770 totius

1471 3799 1653 3849 classis
1672 3798 1967 3862 assistebat,
2003 3806 2246 3864 tanquam
2279 3804 2450 3847 custos
2482 3803 2540 3849 et

1472 3885 1690 3927 exactor
1749 3877 1926 3939 caedis,
1980 3892 2130 3942 quam
2180 3876 2538 3938 exequebatur

1472 3957 1792 4006 Chiliarchus
1808 3957 1912 4017 ille,
1928 3963 2017 4004 aut
2023 3955 2262 4018 juvabat.
2281 3951 2539 4001 Tribunus

1469 4039 1590 4082 ante
1612 4034 1874 4083 occiderat
1890 4028 2239 4099 Messalliuain
2257 4045 2348 4078 sua
2366 4042 2537 4079 manu.

1533 4111 1791 4158 Summam
1847 4107 2057 4157 sceleris
2113 4107 2337 4157 Aniceto
2400 4118 2540 4153 man·

1467 4187 1620 4236 darat
1679 4188 1845 4250 Nero,
1904 4200 2092 4250 nempe
2147 4193 2206 4234 ut
2260 4200 2374 4234 eam
2419 4198 2538 4233 exe·

1469 4271 1740 4331 queretur,
1780 4267 1866 4316 vel
1901 4279 1997 4331 per
2035 4280 2110 4330 se,
2152 4264 2235 4316 vel
2277 4279 2375 4330 per
2412 4263 2538 4315 alios

1470 4342 1743 4397 satellites.
