3063 4952
364 439 420 495 J.
442 440 505 495 C.
527 438 638 506 66]

1065 432 1480 492 aninumr,
1522 434 1672 485 mn-
1713 433 1863 494 XV„

2406 418 2584 494 2023

371 585 514 656 lemf
533 588 606 650 et
632 579 998 665 angustam'
1028 581 1433 665 increpans,¹¹
1460 567 2037 668 circumstantibus
2060 580 2408 677 militibus,
2444 586 2471 628 -‘
2500 600 2587 654 ne

374 747 601 861 arms,
615 790 929 870 presentibus
948 755 1203 846 saucibus.-
1235 807 1304 843 ne
1338 756 1466 845 illud
1486 753 1721 862 quidem,
1745 792 1840 859 ait,
1871 806 1938 844 ex
1960 792 2161 860 militia
2191 755 2434 863 instituto
2448 808 2591 861 Jus-

1376 962 1597 1016 NOTAE

451 1107 661 1171 Nempe
682 1106 896 1171 alligata
918 1112 1035 1155 erat
1059 1104 1252 1156 dextra
1274 1107 1350 1157 rei
1373 1122 1459 1157 ea·

383 1181 512 1235 ten'a
533 1184 738 1247 eadem,
756 1199 856 1249 qna
881 1184 1032 1233 simul
1071 1189 1126 1233 et
1159 1184 1305 1233 miles
1322 1184 1459 1234 vinc·

386 1272 491 1324 tus,
513 1262 601 1328 qui
639 1263 715 1311 sic
750 1261 1079 1311 custodiebat
1112 1268 1167 1311 et
1199 1260 1453 1311 custodie·

385 1341 577 1401 batur3
612 1347 668 1389 et
692 1339 838 1403 paria
859 1340 962 1387 ista
983 1338 1057 1389 sic
1088 1338 1282 1425 vincta,
1302 1343 1455 1388 custo-

381 1419 478 1470 ‹15oe
502 1418 840 1467 vocabantur.
910 1416 981 1465 Et
1010 1417 1084 1465 ita
1107 1401 1310 1466 {rinctus
1341 1423 1458 1466 erat

391 1496 543 1554 simul
567 1511 684 1545 cum
709 1510 806 1545 reo
834 1494 988 1544 miles
1002 1501 1092 1544 aut
1125 1493 1381 1559 centurio,
1398 1502 1460 1545 ut

389 1574 620 1628 ,vinclum
657 1573 767 1636 ipse
797 1572 1025 1636 abjicere
1060 1587 1154 1636 pro
1179 1572 1327 1622 libito
1356 1587 1458 1622 non

392 1657 595 1714 posset:
631 1651 723 1699 sed
746 1665 784 1699 av
799 1648 1082 1714 praeposito
1110 1649 1459 1699 custodiarum

393 1729 575 1779 debuit
597 1728 815 1791 exsolvi,
835 1742 950 1777 cum
964 1727 1180 1790 ,iuberet
1198 1729 1461 1793 princeps.

461 1816 486 1850 ⁴¹
522 1807 678 1865 Quam
700 1808 894 1857 Pheias
913 1812 969 1856 ut
987 1807 1205 1857 humilem
1225 1813 1274 1857 et
1290 1823 1462 1871 αμο-

394 1893 496 1935 tam
523 1885 792 1949 increpans]
832 1886 1156 1935 Sententiam
1193 1901 1355 1936 meam
1377 1901 1464 1936 ac·

395 1962 669 2014 commodo
708 1962 971 2026 Lipsiauae
1009 1963 1464 2026 iuterpremtioui3

399 2040 672 2093 arbitranti
692 2040 979 2106 hujusmodi
1000 2041 1212 2091 scrobes
1233 2040 1467 2105 effossas,

395 2128 462 2171 ut
482 2119 535 2169 in
556 2133 649 2169 eas
666 2119 1016 2169 conderentur
1035 2134 1272 2183 corpora.

469 2199 607 2249 Nam
631 2197 721 2262 qui
759 2203 976 2246 censent
1010 2204 1348 2260 preparatas,
1369 2211 1470 2262 quo

402 2277 669 2328 honestius
704 2274 980 2325 caderetur
1011 2281 1132 2338 post
1169 2275 1368 2334 vulnus,
1396 2273 1471 2324 eis

405 2370 510 2405 uon
547 2352 824 2403 admodum
847 2350 1140 2402 velificatur
1167 2352 1310 2401 locus
1343 2351 1472 2401 Dio·

406 2433 506 2497 nis,
523 2431 616 2482 ubi
633 2430 908 2482 Eunuchus
929 2429 1222 2494 Cleopatras
1237 2428 1350 2493 jam
1373 2443 1478 2478 ser-

409 2517 623 2576 pentum
658 2523 832 2557 morsu
873 2508 1099 2571 petitus;
1149 2507 1380 2572 ideoque
1407 2521 1480 2556 en

411 2587 567 2639 animi
589 2587 842 2636 arbitratu
862 2600 920 2635 se
940 2586 1341 2648 compositurus,
1362 2598 1480 2634 ean-

411 2669 533 2716 dem
576 2665 810 2716 scrobem
851 2663 1074 2728 appetit.
1139 2662 1482 2713 Verba'sunt

413 2747 451 2794 ³2
482 2759 554 2794 m.
602 2746 619 2772 ‘
646 2743 857 2806 Quippe
897 2741 1196 2803 Eunuchus,
1233 2740 1381 2789 simul
1405 2746 1482 2789 at·

413 2837 517 2887 que
556 2820 944 2884 comprehensa·
962 2827 1043 2867 est
1059 2818 1194 2882 ipsa,
1217 2818 1484 2882 ,serpenti-

413 2901 513 2951 bus
537 2914 592 2948 se
616 2899 782 2963 ipsum
805 2897 1058 2961 permisit,
1093 2903 1151 2946 et
1188 2910 1360 2945 morsu
1394 2910 1484 2959 ap-

416 2976 617 3042 petitus
639 2975 706 3024 ab
739 2975 883 3037 ipsis,
906 2974 958 3022 in
981 2972 1214 3023 scrobem
1235 2973 1331 3023 sibi
1354 2988 1484 3038 prae·

416 3063 655 3120 paratam
680 3050 915 3101 insiluit!

417 3154 428 3171 ι
483 3130 588 3181 Sed
609 3144 707 3178 nee
747 3135 899 3191 turpe
923 3126 1047 3191 quid
1077 3141 1375 3191 precavere
1398 3142 1488 3177 ro-

416 3210 579 3259 hrisse
621 3207 862 3257 videntur
906 3206 1135 3265 milites3
1192 3207 1259 3254 de
1298 3206 1488 3270 quibus

418 3286 599 3336 Livius
623 3282 830 3334 1..xx11.'
865 3282 882 3310 ⁴
907 3282 1115 3331 Inventi
1139 3288 1256 3330 suut
1280 3282 1490 3346 quidam

422 3363 610 3414 mersis
632 3361 687 3411 in
720 3358 955 3410 effossam
994 3365 1185 3408 terram
1215 3358 1493 3422 capitibus,

422 3438 558 3507 qitos·
588 3441 684 3490 sibi
726 3442 866 3503 ipsos
888 3438 1078 3489 fecisse
1098 3439 1300 3501 foueas,
1338 3440 1492 3488 obru-

420 3528 675 3585 entesque
713 3534 807 3568 ora
849 3518 1090 3583 subjecta
1129 3532 1287 3581 super
1339 3518 1492 3566 humo

421 3598 1002 3663 injecta,interclusisse
1019 3597 1257 3660 spiritum
1277 3611 1494 3659 appare-

424 3673 554 3725 bat!
625 3674 842 3736 Aliaque
866 3674 1035 3723 omnia
1067 3674 1287 3722 voluisse
1323 3674 1494 3722 Nero·

425 3765 546 3800 nem
586 3758 807 3814 apparet
841 3765 908 3798 ex
944 3750 1158 3805 Suetou.
1191 3754 1276 3800 49.
1308 3752 1322 3777 ‘
1346 3751 1497 3800 Scro-

430 3828 550 3876 bem
575 3842 748 3876 coram
773 3825 889 3876 fieri
923 3827 1217 3890 imperavit,
1242 3828 1500 3877 dimensus

430 3905 499 3954 ad
520 3904 751 3967 corporis
773 3904 850 3952 sui
876 3904 1169 3966 modulum,’
1183 3909 1282 3955 &c-

432 4006 442 4015 ·
498 3983 776 4042 Nimirum,
809 3983 997 4046 quibus
1033 3983 1164 4046 iguis
1198 3983 1503 4046 negabatur,

433 4075 495 4111 ac
538 4061 770 4124 reliquus
811 4068 1090 4124 apparatus
1113 4060 1325 4124 funeris,
1365 4071 1506 4111 terra

436 4130 620 4189 saltem
662 4139 857 4201 operiri
889 4138 1164 4201 amabant3
1201 4154 1264 4189 ne
1296 4148 1506 4190 centum

405 4230 601 4267 »αωοβ
615 4224 864 4264 errarent
886 4217 1031 4265 circa
1051 4216 1287 4280 Stygem,
1308 4222 1409 4266 ὅτε,

502 4292 670 4357 quue
712 4306 778 4341 ea
810 4300 1030 4356 propter
1053 4291 1305 4343 tralatitia
1337 4294 1509 4342 buma-

437 4371 607 4422 nitate
632 4368 830 4421 eisdem
866 4382 1070 4436 quoque
1085 4372 1511 4435 apraetemnnti-

1535 1106 1633 1157 bus
1668 1106 1950 1156 indultum:
2003 1107 2265 1173 tit-liquet
2288 1121 2353 1156 ex
2387 1105 2596 1158 Horatii

1537 1185 1658 1236 Oda
1676 1189 1762 1235 28.
1787 1185 1821 1234 l.
1847 1199 1883 1234 r.
1907 1184 2224 1250 aliorumque
2251 1185 2395 1235 locis.
2439 1183 2598 1236 'Huc-

1537 1279 1635 1329 que
1660 1262 1787 1313 facit
1818 1263 1957 1314 istud
1981 1265 2172 1315 Lucani
2198 1264 2443 1314 l.v111.‘
2466 1279 2600 1315 sum-

1538 1357 1647 1390 mas
1670 1341 1881 1389 dimovit
1904 1356 2117 1402 arenas;
2141 1342 2210 1392 Et
2233 1343 2459 1393 collecta
2481 1358 2602 1407 pro·

1539 1420 1622 1468 cul
1645 1419 1827 1468 lacerae
1864 1417 2157 1483 fragmenta
2188 1420 2375 1470 carinae
2398 1421 2602 1518 Exigua

1541 1496 1777 1561 trepidus
1800 1497 1971 1561 posuit
1992 1496 2214 1546 scrobe!

1606 1575 1723 1625 Nec
1744 1574 1856 1624 abit
1879 1589 2051 1624 versus
2065 1575 2247 1624 Taciti
2262 1575 2401 1626 Hist.
2417 1588 2503 1624 nr
2518 1578 2602 1627 25.

1542 1650 1738 1701 ‘Simul
1764 1653 2007 1702 attollere
2040 1667 2249 1718 corpuS,
2283 1653 2485 1717 aperire
2517 1654 2607 1703 hu·

1542 1744 1698 1791 mum,
1728 1743 1969 1793 supremo
1991 1743 2119 1794 erga
2139 1741 2411 1794 parentem
2436 1729 2606 1781 officio

1545 1804 1737 1869 simgi3'
1773 1805 1840 1855 de
1876 1819 1938 1854 eo
1962 1806 2049 1872 qui
2072 1806 2209 1856 bello
2243 1807 2383 1857 civili
2404 1806 2608 1858 occide-

1544 1891 1628 1934 rat
1651 1885 1871 1948 patrem.

1550 2009 1555 2012 ,
1615 1965 1857 2015 Ceterum
1871 1962 2236 2015 confirmandas
2254 1965 2482 2029 opinioni
2499 1980 2615 2017 nos·

1549 2048 1646 2093 trae
1677 2042 1900 2092 maxime
1932 2043 2096 2094 servit
2120 2043 2408 2109 Dionysius
2429 2043 2595 2112 Antiq

1547 2123 1585 2171 l.
1609 2133 1698 2170 in.
1744 2121 2027 2184 Descripto
2046 2122 2180 2170 euim
2205 2121 2483 2187 parricidio
2505 2122 2615 2171 Ho-

1550 2197 1946 2261 ratii,-subjicit
1984 2197 2049 2246 de
2086 2205 2237 2262 patre
2281 2198 2425 2262 ejus:
2477 2197 2615 2249 “Ille

1550 2290 1720 2340 neque
1743 2275 1949 2324 domum
1973 2276 2208 2339 permisit
2227 2274 2407 2325 inferri
2427 2290 2618 2341 corpus

1551 2359 1769 2400 mortum
1805 2349 1944 2413 filia»,
1964 2365 2133 2416 neque
2171 2352 2341 2416 patrio
2375 2352 2619 2418 sepulcro

1556 2429 1783 2494 sepeliri,
1814 2443 1984 2494 neque
2021 2430 2251 2494 exequiis
2287 2435 2379 2480 aut
2400 2430 2503 2479 alio
2527 2427 2619 2495 apss

1558 2515 1765 2572 paratu,
1797 2522 1966 2572 neque
2002 2507 2193 2557 ceteris
2221 2506 2513 2557 solennibus
2535 2522 2621 2557 ce-

1556 2586 1747 2635 lebrari
1788 2584 1982 2633 voluit:
2018 2584 2109 2633 sed
2149 2591 2525 2650 praetereuntes
2547 2585 2624 2650 ip-

1561 2676 1669 2712 sam
1693 2662 1946 2726 abjectam
1977 2662 2385 2728 destitutamque
2402 2678 2466 2712 eo
2489 2664 2624 2728 ipso,

1561 2743 1663 2804 quo
1686 2738 1963 2789 interfecta·
1982 2746 2114 2803 erat,
2135 2740 2268 2802 loco,
2304 2748 2627 2804 operuerunt

1564 2818 1825 2881 lapidibus
1886 2823 2132 2882 terraque
2196 2817 2638 2882 superimpositi&

1564 2897 1710 2963 quasi
1733 2896 1958 2945 cadaver
2001 2894 2261 2949 desertum
2299 2904 2543 2946 curarent
2564 2893 2627 2946 'a'c

1564 2972 1882 3039 sepelirent!
2416 3008 2424 3015 ι

1634 3053 1713 3101 Ex
1736 3052 1886 3115 cujus
1925 3051 2097 3101 verbis
2132 3052 2412 3102 clarissima
2447 3054 2538 3102 lux
2561 3049 2635 3102 af·

1565 3129 1734 3192 fulget
1784 3132 2005 3178 Senecae>
2042 3130 2353 3194 Hippolyto,
2406 3131 2635 3181 carmine

1570 3207 1887 3270 penultimo:
1925 3208 2014 3255 ubi
2037 3207 2142 3257 filio
2178 3207 2368 3258 funeris
2401 3210 2637 3259 solennia

1570 3282 1871 3345 meditatus,
1892 3299 2107 3333 uxorem,
2128 3285 2403 3335 Pbaedram
2427 3287 2638 3337 damnat

1574 3368 1730 3410 terra·
1764 3361 1842 3410 liis
1877 3362 2074 3412 verbis:
2111 3366 2125 3390 ‘
2153 3364 2260 3412 Vos
2284 3371 2533 3427 apparate
2559 3378 2638 3412 re-

1573 3438 1917 3503 giissammam
1958 3440 2100 3504 rogi:
2139 3439 2212 3491 At
2237 3456 2325 3490 vos
2351 3457 2447 3504 per
2487 3450 2638 3506 agros

1574 3518 1805 3580 corporis
1841 3525 2015 3580 partes
2057 3533 2210 3583 vagas
2234 3518 2539 3584 Anquirite:
2577 3521 2644 3569 is-

1575 3604 1684 3645 tam
1733 3603 1874 3644 terra
1921 3594 2181 3646 defossam
2226 3605 2456 3661 premat3
2509 3599 2643 3649 Gra·

1578 3672 1757 3736 visque
1798 3672 1953 3721 tellus
1989 3671 2148 3738 impio
2192 3675 2355 3738 capiti
2397 3674 2645 3726 incubet!

1580 3751 1946 3801 Freinshemius.

1655 3828 1723 3878 Ue
1747 3828 1990 3893 bannilem]
2026 3831 2098 3879 Ut
2123 3832 2353 3894 brevem,
2375 3846 2545 3896 neque
2566 3847 2647 3882 sa·

1584 3905 1651 3953 tis
1670 3903 1979 3969 profundam
1998 3923 2011 3955 :
2038 3915 2093 3956 et
2110 3909 2172 3957 ad
2191 3909 2463 3959 militarem
2480 3917 2649 3960 artem

1585 3982 1862 4045 pertinuit,
1886 3985 2014 4031 tales
2038 3986 2247 4035 scrobes
2266 4001 2334 4035 ex
2370 3987 2651 4052 disciplina.

1587 4057 1841 4119 effodere,
1859 4076 1973 4110 cum
2000 4076 2183 4127 nempe
2208 4065 2345 4112 noxii
2371 4065 2564 4115 milites
2597 4066 2653 4114 in

1589 4138 2015 4188 eastrisdamnati
2034 4142 2292 4203 supplicio
2307 4141 2654 4194 afficerentur.

1662 4217 1728 4266 Ut
1752 4217 1994 4281 humilem]
2036 4219 2295 4269 Dicuntur
2329 4220 2512 4270 scrobes
2546 4220 2657 4271 alti.

1591 4295 1785 4358 Quidni
1810 4302 1865 4345 et
1886 4296 2083 4346 humiles
2101 4296 2203 4347 dici
2225 4305 2457 4362 possunt,
2490 4298 2567 4347 ita
2597 4304 2659 4348 ut

1590 4372 1786 4424 humilis
1804 4380 1863 4430 et
1880 4375 2022 4425 auus-
2036 4374 2173 4426 iuter
2204 4390 2261 4427 se
2284 4368 2662 4443 opponantur?
