3063 4952
325 431 376 483 J.
400 431 460 482 c.
478 431 591 495 σα]

999 420 1410 472 ANNAmuu
1459 420 1608 471 Lus.
1653 419 1816 470 xlv,

2362 405 2537 472 1667

324 576 524 641 dumm
572 592 835 652 cauere,
875 590 1029 636 cum
1082 575 1375 636 coenaret
1391 579 1479 651 3³¹⁸
1505 568 1691 654 quod
1738 573 1759 603 ‘
1789 568 2126 654 Regibus⁴
2152 576 2218 637 et
2240 571 2529 656 antiquis

322 766 375 811 et
396 758 584 825 priscis
618 758 833 808 ducibus
856 763 1158 821 usurpatum
1181 756 1433 807 dictitabat
1440 772 1460 816 ,·
1490 756 1648 824 idque
1668 755 1939 823 poetarum
1959 754 2151 809 fabulis
2184 758 2457 824 inclytum,
2475 763 2535 810 et

1258 871 1368 891 0000
1379 871 1586 891 ''060“

1588 886 1619 905 O

322 969 351 1014 3
385 965 518 1016 Post
542 963 889 1023 d'Hotteville
924 964 1139 1013 Dureau
1179 975 1279 1011 non
1312 960 1469 1021 male,
1508 961 1563 1011 in
1592 977 1747 1013 scena.
1783 938 2114 1016 Brotier.—-⁴i
2145 963 2232 1014 Ita
2252 963 2531 1017 Ms-Bodl.

318 1030 644 1080 Puteolanus
690 1037 745 1078 et
788 1029 1123 1078 recentiores.
1192 1026 1257 1075 In
1292 1026 1522 1088 margine
1561 1028 1663 1076 Ms.
1696 1029 1849 1079 Bodl.
1891 1030 2031 1079 utin
2074 1028 2200 1080 Mss.
2240 1029 2392 1078 Harl.
2415 1029 2531 1080 Jes.

316 1095 496 1145 Guelf.
546 1095 652 1158 quis
705 1110 886 1155 regum.
956 1094 1057 1141 Ms.

1112 1092 1253 1141 Flor.
1312 1092 1415 1153 quis
1466 1093 1671 1153 regium.
1738 1094 1801 1143 In
1849 1096 1953 1145 Ms.

2007 1097 2135 1157 Reg.
2193 1104 2250 1144 et
2302 1094 2534 1145 editione

320 1160 575 1224 principe,
604 1160 712 1237 quis
729 1161 935 1221 regibus.
1001 1159 1214 1207 Frustra
1256 1161 1424 1205 tentat
1463 1158 1546 1205 Cl.
1593 1158 1861 1223 Ernestus‚
1899 1160 2110 1223 antiquis
2142 1175 2311 1224 regum
2332 1165 2380 1208 et
2401 1159 2533 1208 duci-

323 1226 423 1290 bns,
458 1226 547 1321 vel
566 1225 738 1290 priscis
753 1240 920 1286 regum
955 1228 1004 1272 et
1021 1223 1232 1285 antiquis
1252 1221 1465 1270 ducibus.
1536 1223 1721 1273 Potior
1741 1230 1822 1274 est
1843 1226 2057 1290 vulgata
2076 1226 2349 1291 scriptura.
2382 1225 2532 1275 Idem.

1260 1361 1266 1368 ’
1326 1367 1539 1418 No'rAE

321 1472 566 1536 principis
603 1478 762 1533 arteS,
801 1469 1089 1520 Gaudentis
1132 1467 1275 1516 foedo
1299 1480 1386 1530 pe-

319 1550 532 1614 regrina
573 1550 639 1600 ad
685 1550 887 1614 pulpita
921 1555 1077 1598 cantu
1120 1543 1390 1606 Prostitui,

322 1628 603 1692 Graiaeque
651 1629 822 1689 apium
856 1627 1101 1675 meruisse
1145 1620 1386 1672 coronae!

380 1712 417 1738 ¹¹·
454 1706 662 1755 Cithara
682 1705 918 1754 Indicum
942 1704 996 1752 ia
1028 1702 1235 1765 niodum]
1268 1701 1388 1751 Nou

318 1783 476 1834 etiam
500 1784 793 1848 displiceat,
825 1784 1071 1833 ludier-nn.
1137 1780 1387 1831 Nummos

320 1867 464 1911 certe
489 1861 626 1910 cusit
647 1861 734 1909 illa
757 1860 946 1921 bellua,
982 1860 1036 1908 iu
1071 1858 1252 1924 quibus
1277 1857 1389 1921 ipse

314 1938 656 1988 citharoedico
672 1938 868 2000 habitu,
884 1937 939 1986 in
961 1936 1138 1986 tunica
1151 1934 1387 1997 oblonga,

318 2016 573 2066 citharam
598 2015 910 2079 percutiens.

381 2093 661 2144 Describit
704 2107 820 2141 eum
874 2091 1104 2149 habitum
1141 2086 1383 2152 graphice

320 2169 573 2235 Apuleius
599 2184 665 2220 11.
714 2169 907 2219 Florid.
948 2170 1000 2218 in
1034 2181 1253 2232 persona
1288 2166 1386 2213 Ba-

308 2246 467 2311 thylli
494 2262 509 2295 ε
542 2247 557 2274 ‘
584 2247 752 2311 Eique
782 2261 992 2310 prorsus
1022 2243 1389 2294 citharoedicus

320 2328 510 2385 status,
549 2323 718 2373 Deam
785 2322 1123 2386 conspiciens,
1176 2319 1385 2371 canenti

318 2400 520 2450 similis.
582 2400 833 2450 Tunicam
889 2399 1104 2463 picturis
1157 2398 1386 2462 variega-

320 2484 427 2527 tam
451 2478 685 2540 deorsus,
704 2479 767 2527 ad
795 2476 954 2541 pedes
976 2478 1208 2542 dejectus
1226 2475 1385 2541 ipsos,

316 2556 630 2607 Graecanico
667 2556 892 2620 cingulo,
933 2555 1203 2618 chlamyda
1244 2554 1389 2603 velat

321 2640 600 2698 utrumque
621 2634 886 2684 brachium
918 2633 985 2682 ad
1017 2645 1179 2696 usque
1200 2631 1387 2681 articu-

284 2710 394 2759 ·-los
417 2710 751 2775 palmarum.-
806 2711 999 2760 Cetera
1047 2709 1253 2759 decoris
1308 2708 1385 2756 in-

322 2789 625 2838 strumentis
665 2788 979 2851 dependent.
1046 2786 1257 2836 Cithara
1279 2785 1385 2834 bal-

316 2866 440 2916 theo
467 2868 663 2917 coelato
703 2874 846 2929 apta,
896 2864 1136 2915 structim
1173 2863 1387 2913 sustine-

320 2948 438 2994 tur:
474 2959 656 2993 manus
690 2945 802 3007 ejus
840 2948 1048 3006 tenerae,
1085 2941 1389 3005 procerulae,

321 3020 454 3071 leva
491 3020 804 3071 distantibus
831 3018 1006 3082 digitis
1039 3033 1222 3068 nervos
1245 3017 1388 3066 moli-

314 3106 425 3160 tur,
444 3098 635 3147 dextra
656 3098 925 3163 psallentis
961 3104 1110 3161 gestu
1130 3110 1224 3145 suo
1242 3094 1390 3144 sabu-

316 3174 424 3224 lum
442 3175 659 3225 citharae
679 3174 941 3236 admovet,
963 3187 1058 3223 ceu
1074 3177 1253 3236 parata
1271 3186 1386 3236 per·

314 3250 534 3301 catere?

348 3328 470 3378 Ita
493 3329 628 3378 enim
667 3342 783 3378 eum
817 3329 988 3378 locum
1023 3326 1252 3392 legimus,
1283 3326 1385 3376 dis

318 3406 616 3470 tinguimus.
685 3408 755 3464 Et
790 3405 925 3471 quod
963 3407 1037 3456 ait
1059 3405 1123 3454 de
1159 3405 1383 3469 chlamy-

307 3484 409 3547 .da,
425 3484 599 3549 deque
612 3484 1010 3555 cingulo„et‘ram
1028 3484 1117 3532 illa
1130 3488 1385 3547 apparent

310 3561 375 3609 jn
397 3561 704 3611 Neronianis
726 3561 943 3611 nummis
963 3573 994 3624 ς·
1017 3561 1222 3625 excipio
1246 3560 1386 3625 quod

308 3650 426 3687 -non
446 3637 659 3687 brachia
681 3638 841 3699 velat,
860 3637 950 3686 sed
968 3637 1032 3686 ab
1054 3637 1278 3685 humeris
1296 3635 1384 3685 de-

309 3717 522 3779 ‘pendet
541 3716 785 3779 chlamys.
818 3714 1026 3778 Lipsius.
1048 3753 1053 3758 .

392 3791 611 3853 Cithara,
658 3795 740 3855 ξε.
771 3789 959 3852 canere]
1022 3791 1162 3839 Nero
1200 3803 1387 3838 nomen

326 3869 547 3919 suumin
569 3870 689 3919 albo
709 3868 1109 3919 citharoedorum
1143 3865 1389 3931 profiten-

265 3947 273 3954 ”
326 3946 453 3995 tium
466 3946 625 4011 jussit
645 3947 1220 4011 ascribi,·sorticulaque
1239 3948 1289 3995 in
1310 3959 1391 3997 ur-

315 4030 443 4073 -nam
483 4039 602 4073 cum
646 4025 838 4075 ceteris
889 4024 1128 4087 demissa,
1173 4022 1390 4075 intravit

296 4109 314 4121 ³
328 4101 506 4153 ordine
535 4117 650 4165 suo,
671 4102 924 4168 simulque
944 4100 1180 4166 praefecti
1203 4110 1391 4165 praeto-

316 4175 682 4240 -riicitharam
720 4180 1051 4244 sustinentes,
1090 4184 1150 4229 ut
1171 4178 1388 4229 aitSue-

316 4262 438 4307 -m-
461 4261 565 4308 21:

390 4331 641 4402 Idemque
664 4333 908 4402 princeps
940 4338 1295 4403 statuasstnas
1318 4333 1387 4386 ci·

1450 3322 1646 3372 -tutes.'

1469 1465 1752 1517 tharoedico
1787 1468 1967 1519 habitu
2001 1470 2193 1533 posuit,
2230 1474 2286 1519 et
2325 1483 2387 1518 ea
2409 1475 2535 1519 nota

1467 1557 1728 1594 nummum
1768 1547 2043 1610 percussit,
2096 1547 2149 1596 in
2184 1561 2284 1612 quo
2340 1543 2534 1611 effigies

1470 1620 1584 1683 ejus
1618 1637 1769 1671 manu
1810 1624 2061 1673 citharam
2094 1623 2324 1686 gerentis
2363 1623 2537 1687 expri-

1468 1699 1645 1748 mitur.

1536 1776 1601 1825 In
1622 1792 1688 1826 eo
1710 1784 1883 1827 autem
1920 1793 2070 1844 reges
2094 1744 2339 1829 externos
2357 1784 2417 1828 et
2440 1777 2533 1828 du-

1469 1866 1559 1903 ces
1579 1854 1820 1919 Grecos,
1852 1863 1912 1906 ut
1953 1872 2020 1907 ex
2055 1858 2287 1907 Homero
2320 1870 2537 1921 aecepe-

1448 1937 1573 1992 ›rst,
1614 1932 1760 1997 sequi
1794 1948 1850 1983 se
1890 1935 2254 1998 praetexebat·
2241 1971 2256 1995 ,
2300 1941 2360 1984 ut
2394 1934 2534 1999 quod

1466 2010 1706 2074 exemplo
1729 2009 1946 2077 faceret,
1959 2012 2178 2065 honeste
2193 2011 2369 2063 facere
2394 2012 2534 2063 vide-

1464 2092 1628 2135 retur.
1670 2088 1964 2141 Vertranins.

1537 2163 1742 2212 Cithara
1790 2166 2023 2215 ludicrum
2074 2167 2124 2216 in
2162 2166 2367 2230 modum]
2422 2167 2531 2216 Cur

1469 2238 1695 2289 disceret
1733 2240 1926 2292 foedam
1966 2243 2105 2293 illam
2135 2250 2319 2307 artem,
2341 2250 2534 2308 praeter

1466 2315 1676 2367 insitam
1711 2318 1994 2383 libidinem,
2037 2320 2194 2370 etiam
2232 2321 2383 2369 aliam
2414 2334 2534 2370 cau·

1467 2405 1574 2441 sam
1619 2391 1778 2443 affert
1809 2394 2021 2445 Sueton.
2063 2397 2192 2446 Ner.
2222 2400 2304 2445 40.
2342 2395 2359 2424 ⁴
2385 2396 2533 2446 Proe-

1450 2468 1664 2520 -dictum
1688 2487 1720 2520 a
1741 2472 2127 2524 Mathematicis
2176 2473 2372 2524 Neroni
2407 2473 2531 2523 olim

1465 2553 1601 2611 erat,
1642 2547 1756 2598 fore
1799 2556 1858 2598 ut
1894 2550 2200 2616 quandoque
2223 2550 2535 2600 destituere—

1466 2629 1591 2673 tur:
1640 2625 1774 2674 unde
1808 2642 1910 2676 vox
1944 2628 2057 2692 ejus
2081 2628 2441 2687 celeberrima,
2471 2625 2531 2675 τὸ

1464 2697 1658 2762 τέχνιον
1693 2704 1825 2752 πᾶσα
1856 2707 1974 2766 ’γαΐα
2003 2703 2181 2770 τρέφει·
2214 2706 2531 2772 quomajore

1465 2779 1617 2828 venia
1654 2781 1997 2833 meditaretur
2038 2784 2432 2834 citharoedicam
2455 2798 2535 2833 ar-

1469 2860 1593 2919 tem,
1638 2859 1864 2923 principi
1909 2860 2008 2913 sibi
2064 2870 2283 2926 gratam,
2317 2860 2532 2976 privato

1468 2935 1848 2984 necessariam!

1531 3015 1712 3062 ¹¹Cum
1732 3015 1955 3079 coenaret]
1990 3016 2098 3066 Cic.
2123 3031 2160 3067 1.
2181 3017 2342 3067 Τιιεο.’
2371 3017 2387 3045 ⁸
2413 3016 2531 3067 Mos

1470 3089 1608 3154 apud
1647 3093 1868 3156 majores
1908 3094 1993 3144 hic
2034 3095 2300 3158 epularum
2333 3094 2450 3157 fuit,
2473 3101 2533 3144 ut

1468 3166 1559 3230 qui
1581 3169 2240 3232 accumberent,‚canerent
2262 3171 2328 3220 ad
2350 3170 2533 3223 tibiam

1465 3245 1725 3294 clarorum
1765 3246 1992 3295 virorum
2034 3247 2211 3297 laudes
2251 3253 2409 3311 atque
2431 3247 2534 3296 vir-

1713 3323 1784 3373 E't
1804 3324 1869 3372 de
1893 3326 2020 3375 clar.
2062 3325 2212 3375 Orat.
2249 3327 2264 3352 ‘
2290 3325 2534 3374 Carmina

1462 3399 1520 3449 in
1557 3401 1722 3464 epulis
1759 3409 1972 3452 cantata
1994 3418 2024 3451 a
2047 3403 2260 3466 singulis
2301 3401 2532 3453 convivis

1465 3476 1535 3527 de
1555 3478 1814 3528 clarorum
1840 3479 2064 3529 virorum
2081 3478 2354 3532 laudibus.'

1534 3555 1690 3606 Corn.
1738 3557 1916 3621 Nepos
1958 3557 2022 3607 de
2063 3555 2419 3622 Epaminonda
2454 3555 2531 3606 sic

1452 3634 1663 3687 habet:
1699 3637 1827 3687 ‘De
1871 3637 1969 3688 hoc
2013 3639 2305 3704 priusquam
2344 3638 2533 3690 scriba·

1358 3731 1363 3734 ²
1464 3727 1598 3776 nus,
1617 3714 1729 3763 haec
1753 3714 2089 3779 percipienda
2113 3716 2356 3766 videntur
2378 3717 2535 3767 lecto·

1469 3790 1633 3852 ribus,
1652 3806 1716 3841 ue
1738 3793 1931 3842 alienos
1965 3806 2137 3842 mores
2175 3792 2238 3841 ad
2261 3807 2377 3841 suos
2400 3789 2535 3841 refe-
2633 3820 2638 3824 -

1454 3872 1609 3928 -rant,
1653 3882 1784 3918 neve
1806 3883 1871 3917 ea
1889 3883 2005 3934 quae
2029 3869 2156 3933 ipsis
2177 3869 2375 3917 leviora
2395 3873 2535 3930 sunt,

1471 3946 1761 4009 parimodo
1796 3945 1933 4010 apud
1972 3952 2172 3996 ceteros
2210 3943 2369 3993 fuisse
2400 3943 2534 3994 arbi-

1468 4032 1695 4073 trentur.
1760 4023 1961 4073 Scimus
2000 4023 2134 4071 enim
2157 4021 2400 4071 musicam
2421 4034 2537 4070 nos·

1458 4101 1566 4149 -tris
1588 4100 1815 4150 moribus
1833 4099 2013 4149 abesse
2036 4113 2066 4147 a
2089 4097 2335 4163 principis
2358 4105 2533 4161 perso·

1471 4191 1537 4226 na
1559 4194 1573 4238 ;
1592 4178 1782 4227 saltare
1803 4175 1961 4225 etiam
1978 4174 2029 4224 in
2052 4173 2189 4224 vitiis
2204 4173 2346 4237 poni.
2381 4173 2532 4225 Qun

1471 4256 1648 4305 omnia
1663 4255 1802 4320 apud
1813 4255 2034 4306 ‘Graecos
2042 4261 2099 4305 et
2115 4252 2285 4320 grstia
2299 4258 2356 4304 et
2377 4253 2531 4305 laude

1468 4333 1628 4399 digna
1642 4331 1935 4399 ducuntur,'.
1953 4335 2056 4384 &c-
