3063 4952
280 395 557 460 J.c.es.]
964 385 1377 438 Auruncu
1427 387 1575 436 Lm.
1620 388 1782 438 xlv.

2305 373 2480 440 1791

282 541 618 628 reperiret.
688 535 1022 604 -Piautum
1062 534 1345 617 magnis³
1382 533 1655 616 opibus,
1686 554 1769 598 ne
1795 532 2034 617 lingere
2055 533 2333 619 quidem
2365 552 2485 601 cu..

284 645 590 730 pidinem
634 641 774 718 otii,
831 637 952 706 sed
1003 646 1294 703 veterum
1344 635 1801 701 Romanorum
1852 637 2258 703 imitamenta
2309 658 2488 722 prae-

285 750 485 815 ferre:
533 751 827 811 assumta
853 744 1049 807 etiam
1107 741 1478 805 Stoicorum
1527 740 1901 823 arrogantia
1945 746 2281 824 sectaque,
2328 761 2484 826 quae

286 845 626 918 turbidos*
683 852 751 911 et
799 845 1216 929 negotiorum
1293 838 1701 928 appetentesi
1756 842 1995 907 faciat?
2111 842 2260 908 Nec
2316 846 2491 911 ultra

288 970 502 1043 mora.
565 950 773 1035 Sylla,
805 953 997 1013 sexto
1026 947 1134 1012 die
1163 947 1488 1032 pervectis
1520 943 1927 1011 Massiliamj
1957 948 2488 1029 percussoribus,

295 1060 452 1120 ante
478 1058 727 1118 metum
778 1060 844 1116 et
891 1071 1218 1115 rumorem
1264 1051 1674 1128 interficitur,
1723 1069 1878 1115 cum
1924 1050 2237 1134 epulandi
2287 1070 2494 1117 causa

294 1157 761 1221 discumberet.
849 1152 1188 1221 Relatum*
1240 1159 1445 1236 caput
1491 1153 1635 1238 ejus
1687 1152 1893 1217 illusit
1936 1152 2145 1231 Nem,
2176 1159 2493 1238 tanquam

292 1270 707 1343 praematura
733 1257 980 1321 canitie
1009 1255 1325 1320 deforme.

308 1387 344 1437 f
383 1362 493 1426 58.
538 1359 784 1424 Plauto
811 1359 1030 1445 parari
1056 1376 1308 1434 necem,
1341 1375 1471 1421 non
1501 1355 1771 1440 perinde
1801 1356 2130 1421 occultum
2158 1356 2304 1435 fuit,
2337 1359 2498 1441 quia

296 1463 622 1550 pluribus¹
654 1463 836 1526 salus
861 1463 1002 1546 ejus
1031 1462 1417 1541 curabatur3
1462 1465 1533 1524 et
1562 1460 1854 1544 spatium
1878 1459 2127 1523 itineris
2156 1466 2266 1523 ac²
2294 1461 2498 1523 maris

298 1561 721 1650 tempusque*
775 1564 1189 1648 interjectum
1235 1568 1535 1628 moverat
1591 1562 1867 1626 famam:
1912 1560 2245 1645 vulgoque
2301 1559 2498 1643 finge-

300 1669 485 1746 bant,
519 1673 540 1702 ‘
562 1670 837 1754 petitum
867 1670 955 1732 ab
985 1687 1068 1731 eo
1100 1665 1586 1744 Corbulonem,'
1613 1665 1872 1748 magnis
1900 1669 2065 1728 tum³
2097 1663 2501 1728 exercitibus

298 1889 423 1924 nem
458 1873 734 1922 inveniret.
801 1874 1043 1922 Plautum
1068 1873 1361 1937 ingentibus
1400 1874 1615 1935 divitiis,
1653 1888 1718 1922 ne
1756 1874 1994 1923 simulare
2034 1871 2240 1937 quidem
2277 1869 2503 1919 studium

300 1938 451 2003 pacis
468 1939 740 2003 quietisve,
762 1939 851 1987 sed
869 1939 1149 2002 priscorum
1172 1940 1513 1989 Romanorum
1541 1940 1805 1988 aemulatus
1830 1944 2118 1988 ostentare:
2155 1940 2326 1986 electa
2344 1936 2505 1985 etiam

302 2003 598 2053 Stoicorum
620 2003 917 2066 pervicacia
940 2011 994 2052 et
1016 2002 1270 2063 doctrina,
1294 2021 1406 2068 quae
1430 2004 1702 2053 seditiosos
1727 2002 1908 2064 faciat,
1929 2012 1984 2052 et
2008 2017 2178 2051 rerum
2213 2001 2506 2062 cupientes.

299 2070 412 2119 Nec
441 2070 568 2116 uum
601 2073 885 2117 cunctatum.
953 2067 1085 2132 Syna
1105 2072 1236 2118 intra
1255 2075 1442 2118 sextum
1473 2070 1598 2117 diem
1631 2067 1802 2118 delatis
1825 2068 2089 2116 Massiliam
2110 2065 2508 2127 interfectoribus,

302 2138 416 2182 «vite
438 2132 748 2194 formidinem
767 2134 1042 2196 samumque
1063 2134 1311 2194 occiditur,
1348 2149 1450 2183 cum
1481 2134 1691 2182 vescendi
1720 2135 1886 2194 gratia
1918 2132 2224 2182 accumberet.
2290 2130 2506 2179 Allatum

302 2202 446 2261 eaput
466 2198 565 2259 eius
583 2198 749 2246 dev-isit
769 2200 916 2258 Nero,
936 2199 1062 2247 velut
1079 2213 1379 2262 proeprvpera
1397 2198 1571 2248 canitie
1591 2202 1727 2260 turpe
1750 2213 1804 2245 ac
1823 2198 2120 2260 sqwillidam.

371 2264 488 2311 Non
505 2262 699 2326 perinde
716 2262 874 2324 tatuit,
896 2262 1096 2311 exitium
1117 2263 1241 2311 strui
1263 2264 1454 2325 Plauto,
1474 2262 1585 2324 quio
1601 2262 1761 2324 plnres
1786 2261 2101 2309 incolumitati
2124 2259 2223 2320 qius
2253 2258 2509 2322 prospieie-

304 2326 441 2390 δοκι,
462 2331 511 2375 et
532 2327 844 2389 longinquitas
863 2327 954 2375 vice
976 2342 1031 2376 ac
1065 2327 1228 2388 maris,
1260 2331 1526 2390 tempusque
1547 2325 1892 2388 interpositum,
1926 2339 2159 2373 rumorem
2193 2324 2424 2372 excierat.-
2460 2328 2510 2373 et

268 2422 271 2423 ν
304 2390 724 2458 uulgo-fingebant,
744 2390 1069 2441 contendisse
1092 2406 1210 2441 eum
1234 2393 1297 2441 ad
1323 2390 1687 2455 Corbulonem,
1716 2389 1890 2439 validis
1928 2394 2030 2438 tum
2060 2387 2346 2438 exercitibus
2364 2387 2511 2452 impe·

1233 2517 1588 2538 OO‘OO‘OOONO

309 2613 563 2664 recepere
584 2602 896 2666 Bipont.—3
932 2602 1145 2653 Amicus
1172 2602 1361 2666 Ry'ckii
1395 2601 1448 2649 in
1485 2601 1789 2663 magnis—4
1823 2596 1908 2648 Sic
1943 2598 2046 2647 Ms.
2086 2598 2213 2659 Reg.
2251 2594 2511 2645 editiones

309 2671 519 2714 veteres
540 2672 595 2715 et
617 2668 952 2717 recentiores.
1022 2668 1083 2716 In
1110 2668 1209 2718 Ms.
1233 2668 1370 2716 Flor.
1388 2668 1656 2729 prestetum,
1711 2663 1774 2713 In
1802 2665 1906 2713 Ms.
1929 2665 2046 2725 Agr.
2060 2664 2315 2726 perlatum.

379 2733 405 2776 1
446 2729 781 2793 Puteolanus,
817 2733 927 2796 quia
953 2748 984 2781 a
1006 2732 1335 2795 pluruma—2
1368 2732 1442 2781 Ac
1485 2729 1633 2779 maris
1665 2728 1854 2778 absunt
1898 2744 1929 2777 a
1972 2728 2073 2776 Ms.
2114 2723 2388 2776 Guelf.——3
2423 2723 2511 2774 Sic

309 2793 442 2844 Mss.
469 2794 603 2845 Flor.
625 2796 779 2846 Corb.
806 2804 862 2847 et
883 2797 1046 2847 editio
1068 2797 1326 2862 princeps.
1391 2796 1523 2846 Mss.
1565 2795 1711 2845 Harl.
1747 2793 1900 2843 Bodl.
1921 2792 2030 2844 Jes.
2054 2791 2391 2855 Puteolanus,
2413 2794 2516 2840 tua

1317 2907 1528 2960 NOTAE

380 2996 553 3047 Aliter
573 2997 638 3047 de
661 2998 844 3063 Crispo
865 2989 1106 3051 Sallustio
1128 3000 1370 3052 Tacitus:
1512 2995 1530 3041 J
1567 2995 1857 3060 Massiliam]
1924 2994 2040 3047 Lib.
2063 3009 2190 3046 ιω.
2211 2998 2295 3046 47.

314 3073 574 3125 ‘Suberat
595 3083 764 3125 tamen
786 3076 932 3141 vigor
959 3078 1134 3142 animi,
1157 3079 1376 3143 ingenti·
1516 3072 1542 3107 ¹¹
1580 3072 1883 3140 Tempusque]
1948 3073 2108 3138 Puto,
2146 3074 2359 3138 miserat
2398 3086 2519 3122 cen-

318 3150 418 3222 bus
439 3150 635 3201 divitiis
674 3167 796 3215 pai-3
832 3168 895 3203 eo
919 3155 1101 3217 acrior,
1123 3170 1222 3218 quo
1246 3170 1376 3204 som-

316 3242 439 3276 num
462 3234 518 3277 et
541 3229 776 3278 inertiam
798 3232 958 3295 magis
976 3232 1298 3284 ostentabat?

384 3301 410 3336 Β
446 3306 567 3361 Quae
603 3306 832 3372 turbidos]
916 3308 1028 3357 Lib.
1075 3321 1190 3357 xvr.
1234 3307 1380 3356 ‘Ista

319 3386 464 3430 secta
497 3381 794 3431 Tuberones
836 3390 889 3432 et
923 3384 1177 3432 Favonius
1215 3383 1381 3432 veteri

321 3468 531 3521 quoqne
554 3456 782 3520 Reipub.
821 3458 1023 3522 ingrata
1061 3458 1262 3507 nomina
1297 3472 1383 3521 ge·

321 3530 463 3581 nuit:
501 3537 561 3581 ut
593 3533 861 3596 imperinm
896 3542 1153 3597 evertant,
1177 3534 1383 3585 liberta-

323 3600 431 3655 tem
470 3605 791 3670 praeferunt3
824 3610 867 3659 si
900 3611 1267 3674 perverterint,
1306 3611 1382 3675 lp·

324 3696 432 3756 sam
453 3685 849 3747 aggredientur!

377 3755 404 3791 '¹
435 3760 752 3821 Negotiorum
791 3763 1082 3828 appetentes]
1154 3762 1384 3828 Reipub-

325 3833 463 3897 licae,
479 3836 600 3902 quia
621 3835 742 3886 boni
767 3838 960 3900 publici
980 3844 1231 3899 amantes,
1247 3855 1384 3889 max·

326 3906 429 3976 ime
443 3911 748 3974 satagebant
762 3912 947 3975 Stoici,
966 3914 1115 3977 Cato,
1134 3914 1386 3964 Favonius

330 3979 598 4035 {emulator
651 3988 805 4050 illius,
871 3989 1085 4052 Seneca,
1137 3990 1387 4056 Thrasea,

331 4060 624 4124 Helvidius,
646 4068 703 4111 et
741 4061 852 4132 alii:
888 4065 961 4113 ita
998 4072 1056 4121 ut
1091 4079 1186 4132 pro
1220 4067 1387 4116 salute

332 4137 517 4187 civium
559 4153 620 4187 ac
666 4119 911 4190 libertate
951 4149 1136 4206 sponte
1169 4150 1387 4193 mortem

330 4213 601 4279 subierint,
643 4228 804 4280 seque
859 4217 1078 4269 saevitiae
1125 4218 1387 4269 dominan-

333 4288 460 4346 tium
478 4288 617 4341 ultro
638 4289 940 4354 objecerint.

1455 3151 1686 3201 turinnes
1710 3151 1999 3216 militesque
2022 3149 2175 3198 simul
2203 3149 2257 3197 in
2294 3147 2517 3197 Galliam

1457 3235 1510 3277 et
1531 3227 1829 3288 Orientem,
1848 3241 1930 3288 ue,
1954 3225 2135 3275 Romae
2155 3223 2333 3273 audita
2354 3222 2520 3284 caede,

1457 3306 1758 3355 alterutrius
1791 3304 2039 3353 nobilium
2056 3304 2327 3366 juvenum,
2346 3314 2521 3362 super·

1459 3389 1566 3431 stes
1599 3381 1693 3429 sibi
1713 3387 1922 3429 caveret
1944 3395 1974 3428 a
1999 3379 2227 3441 Nerone,
2246 3384 2298 3426 et
2322 3374 2521 3440 aliquid

1459 3457 1581 3506 novi
1603 3456 1834 3506 auderet.
1902 3488 1910 3494 -

1524 3531 1630 3582 Sed
1655 3531 1827 3581 caedes
1846 3530 2021 3581 Plauti
2047 3530 2098 3580 in
2117 3528 2263 3591 Asia,
2284 3542 2384 3577 uon
2408 3541 2526 3591 per-

1463 3610 1584 3660 inde
1613 3609 1857 3658 celeriter
1894 3606 2185 3674 perpetrari
2223 3605 2417 3671 potuit,
2461 3608 2522 3660 ut

1463 3686 1513 3746 iu
1556 3685 1732 3734 Gallia
1772 3684 1958 3748 Syllae3
2004 3683 2123 3732 hinc
2160 3683 2317 3747 Syllae
2360 3678 2521 3729 occisi

1463 3759 1604 3809 fama
1626 3775 1722 3824 per
1754 3761 1931 3811 urbem
1965 3766 2020 3809 et
2053 3758 2346 3824 provincias
2381 3761 2525 3804 mota

1465 3851 1776 3900 sparsaque5
1810 3851 1924 3886 cum
1966 3837 2109 3900 prior
2147 3833 2345 3884 occisus
2384 3837 2525 3881 esset

1465 3912 1624 3977 Sylla,
1645 3912 1822 3961 multa=
1845 3913 2054 3961 interim
2089 3910 2321 3974 fingebat
2344 3907 2534 3972 vulgus,

1465 3988 1530 4038 de
1556 3988 1760 4037 Plauto.
1851 4047 1856 4054 ,

1530 4068 1671 4131 Ergo
1709 4064 1956 4128 iutelligit
1982 4070 2177 4129 tempus,
2197 4063 2333 4128 quod
2370 4061 2526 4110 iuter-.-

1469 4143 1694 4207 positum
1728 4151 1808 4192 est
1832 4142 1968 4192 inter
2000 4142 2302 4205 imperatam
2326 4135 2523 4186 caedem

1467 4219 1778 4283 centurioni,
1800 4223 1855 4268 et
1893 4217 2089 4269 caedem
2122 4216 2287 4283 ipsam
2318 4211 2530 4276 Plauti·,

1466 4296 1647 4361 itaque
1686 4303 1922 4359 tempore
1959 4294 2050 4345 illo
2081 4291 2234 4358 simul
2267 4295 2323 4342 et
2358 4287 2527 4353 spatio
