3063 4952
2404 412 2579 479 2037

359 573 447 637 de
472 591 637 656 quo,
668 568 829 655 quia
855 588 1032 633 nunc
1049 569 1334 652 primum
1360 567 1622 633 oblatus
1649 573 1773 646 est,
1804 588 2027 653 pauca
2056 575 2392 655 repetam:
2422 592 2578 638 nam

360 683 427 741 et
473 678 624 760 ipse
652 694 817 759 pars
848 672 1302 737 Romanarum
1335 672 1628 737 cladium
1677 673 1821 736 erit.
1911 672 2124 756 Igitur
2149 680 2356 739 matre
2384 676 2580 758 liber-7

358 781 505 843 tina
552 784 761 854 ortus»,
825 796 979 860 quae
1039 795 1283 859 corpus
1331 776 1641 840 decorum
1701 776 1866 840 inter
1911 796 2140 841 servos
2172 777 2579 864 libertosque

363 877 789 965 Principum*
838 882 1244 962 vulgaverat,
1290 901 1378 944 ex
1428 878 1506 944 C.
1556 879 1825 944 Caesare
1870 898 1944 942 se
1986 880 2278 963 genitum
2304 880 2578 961 ferebat,

360 986 685 1071 quoniam
714 983 910 1048 forte⁷
937 982 1232 1066 quadam
1257 983 1490 1048 habitu
1516 978 1846 1067 procerus¹
1874 988 1942 1048 et
1969 989 2160 1047 torvo
2187 984 2374 1047 vultu
2396 991 2575 1049 erat:

363 1089 513 1154 sive
566 1088 646 1153 C.
709 1087 964 1165 Caesar,
1010 1093 1378 1152 scortorum
1435 1105 1704 1171 quoque
1764 1087 2066 1170 cupiens»,
2114 1085 2342 1149 etiam*
2384 1089 2579 1152 matri

362 1191 514 1276 ejus
542 1190 777 1268 illusit.

446 1293 558 1358 73.
605 1292 741 1356 Sed
783 1291 994 1371 Nero,
1034 1297 1277 1357 vocato
1328 1293 1630 1371 Senatu,¹
1681 1294 1977 1358 oratione
2005 1294 2171 1358 inter
2196 1294 2432 1359 Patres
2459 1294 2577 1359 ha-

356 1399 525 1476 bita,
578 1397 875 1462 edictum
932 1397 1113 1480 apud
1166 1397 1494 1481 populum
1544 1403 1615 1462 et
1666 1397 1909 1468 collata
1949 1399 2020 1462 in
2047 1399 2257 1463 libros
2286 1398 2575 1463 indiciam

354 428 629 494 J.c.se.]
1048 423 1461 480 Auxanum
1509 425 1660 474 ma.
1707 423 1841 475 xv.

352 1614 403 1649 se
425 1599 597 1648 obtulit
618 1599 845 1656 occasio,
877 1597 1082 1646 breuiter
1117 1599 1376 1648 disseram:
1408 1601 1579 1664 quippe
1608 1599 1754 1648 etium
1790 1599 1893 1662 ipse
1923 1612 2037 1662 pars
2056 1600 2379 1648 calamitatum
2401 1596 2575 1646 Roma·

353 1680 528 1714 aaran
549 1665 663 1713 erit.
732 1635 900 1727 liuciae
920 1668 1062 1712 natus
1097 1665 1178 1712 ille
1207 1669 1363 1713 matre
1401 1665 1644 1726 libertina,
1685 1664 2062 1727 qualos-mosam
2081 1679 2249 1726 corpas
2267 1664 2417 1712 servis
2435 1663 2577 1711 liber-

354 1731 510 1793 tisque
529 1730 908 1793 imperitantium
926 1728 1258 1792 prostituerat,
1288 1744 1338 1779 se
1359 1745 1421 1779 ex
1457 1732 1514 1780 C.
1538 1732 1725 1778 Caesare
1743 1736 2040 1793 procreatam
2048 1729 2305 1789 ‚portabam
2340 1728 2439 1776 siee
2461 1728 2576 1791 quia

342 1794 559 1856 fortuito
594 1800 783 1843 daura
822 1795 991 1855 ingens
1012 1799 1062 1842 et
1082 1795 1349 1843 ίηιαιὶεπέα
1374 1794 1509 1855 facie
1545 1800 1679 1845 erut.-
1716 1797 1815 1844 sive
1838 1797 1898 1843 C.
1920 1796 2103 1854 Cesar,
2114 1799 2162 1842 et
2179 1795 2231 1842 ia
2253 1794 2383 1858 ipsas
2398 1807 2577 1856 quoque

355 1859 629 1909 meretrices
643 1874 836 1924 pronas,
857 1861 1003 1909 etium
1017 1874 1121 1908 eam
1142 1865 1295 1909 matre
1314 1860 1447 1910 illius
1463 1876 1564 1911 rem
1584 1860 1768 1909 habuit.

420 1925 495 1974 At
518 1926 668 1986 Nero,
689 1926 867 1973 vocatis
880 1924 1119 1989 putribus,
1156 1930 1206 1974 et
1225 1926 1443 1976 concione
1464 1927 1516 1975 in
1538 1932 1704 1976 senatu
1724 1925 1904 1987 habita,
1940 1925 2112 1984 adiecit
2136 1926 2340 1973 edictum
2359 1925 2422 1971 ud
2432 1938 2577 1987 popu-

357 1990 475 2055 lum,
508 1996 556 2039 et
593 1992 786 2040 collecta
825 1991 876 2040 ia
908 1990 1054 2039 libros
1095 1989 1280 2040 indicia
1315 1997 1365 2042 et
1396 1991 1708 2052 confessiones
1741 1992 2102 2054 conjuratorum.
2173 1990 2359 2053 Quippe
2401 1988 2579 2038 crebris

1293 2116 1467 2136 ‘nom‘
1501 2117 1647 2136 000„

358 2187 567 2233 veteres
590 2182 845 2233 editiones
875 2197 936 2233 ac
981 2183 1322 2234 recentiores.
1406 2183 1698 2234 Beroaldus
1732 2185 1954 2247 addidit,
1975 2186 2125 2235 Dedit
2154 2185 2301 2234 etiam
2316 2182 2578 2233 consultu-iu

357 2248 584 2311 insignia.
586 2254 684 2299 —7
719 2248 861 2297 Sorte
880 2248 1109 2298 Bndens.
1110 2253 1208 2297 -8
1243 2250 1413 2299 Etiam
1433 2248 1585 2299 abest
1604 2265 1635 2299 a
1657 2252 1761 2299 Ms.
1786 2249 1945 2299 Corb.

424 2318 451 2370 1
493 2315 669 2365 Vocato
699 2319 886 2364 senatu.
919 2314 1100 2363 Verba
1122 2315 1345 2364 Ernesto
1385 2321 1647 2377 suspecta.
1713 2315 1967 2364 Additum
1990 2315 2175 2364 saltem
2201 2315 2374 2372 vellet,
2398 2314 2574 2363 iterum

352 2384 532 2429 vocato.
601 2381 771 2444 Supra
784 2379 945 2442 enim,
963 2383 1099 2428 vocnt
1118 2383 1346 2428 sendum.
1418 2379 1519 2428 Sed
1545 2379 1679 2428 haud
1703 2380 1782 2429 ita
1803 2381 2024 2444 diligens
2060 2380 2332 2430 verborum
2364 2379 2575 2441 indaga-

351 2449 438 2495 tor
480 2445 710 2497 Tacitus.
777 2445 920 2496 Hinc
968 2448 1103 2495 vocat
1157 2450 1492 2497 undamn..

1504 2449 1667 2496 vocato
1687 2450 1858 2496 unatu
1876 2483 1891 2500 .
1907 2480 1920 2496 .
1940 2482 1953 2498 .
1969 2480 1982 2496 .
2005 2446 2223 2496 concione
2271 2444 2436 2495 habitu
2455 2480 2468 2496 .
2490 2479 2502 2493 .
2522 2480 2534 2493 .
2554 2481 2569 2496 .

1362 2603 1576 2655 NOTAE

355 2714 655 2780 praecelluit
714 2714 982 2765 Pallantes
1038 2723 1097 2767 et
1143 2718 1432 2783 Narcissos,

356 2792 546 2857 quibus
597 2792 722 2842 data
773 2799 974 2842 tantum
1020 2797 1273 2857 questoria
1341 2803 1434 2847 aut

351 2870 592 2934 pretoria
605 2871 817 2933 insignia
830 2886 851 2928 ,·
871 2870 962 2935 qui
983 2878 1157 2921 tamen
1172 2871 1308 2922 filius
1324 2875 1432 2937 gla-

353 2946 596 3008 diatoris,
616 2947 820 2996 nomine
843 2948 1095 2997 Martiani
1126 2955 1284 3012 puto;
1309 2951 1433 3015 quia

352 3022 471 3087 ipse
511 3022 786 3086 ingenuus,
825 3030 881 3073 et
914 3024 1152 3074 militaris
1173 3031 1229 3074 et
1249 3039 1432 3090 eques-

355 3101 492 3163 tris3
531 3116 649 3151 nam
674 3104 789 3151 loco
807 3101 924 3152 Rufi
951 3110 1129 3167 postea
1147 3104 1432 3169 praefectus

352 3184 438 3228 est
458 3178 726 3247 praetorio.

415 3251 435 3297 l
471 3251 792 3318 Nymphidio]
836 3255 939 3307 Qui
962 3269 1151 3305 novum
1163 3258 1295 3307 aulae
1315 3260 1424 3310 Ne-

351 3330 583 3382 ronianae
608 3335 927 3394 portentum,
959 3338 1015 3382 et
1042 3333 1156 3398 ipso
1170 3336 1422 3400 Tigellino

352 3408 528 3473 pejus,
571 3409 662 3473 qui
718 3418 836 3473 post
868 3410 1064 3461 exitum
1103 3413 1248 3463 Feuii
1297 3416 1420 3465 Ruti

351 3485 604 3550 praetorio
636 3485 919 3551 praefectus
952 3495 1052 3550 est,
1089 3503 1157 3538 an
1192 3492 1423 3542 immedi-

354 3571 460 3627 ate,
481 3578 583 3613 non
605 3565 728 3613 satis
746 3563 944 3628 liquet:
979 3564 1071 3615 sed
1109 3575 1230 3628 post
1264 3568 1420 3619 finem

353 3641 603 3703 Neronis,
651 3639 970 3703 pra-tectura
1011 3641 1187 3706 ejecit,
1227 3645 1423 3708 gladio·

351 3733 452 3785 que
471 3719 621 3768 exuit
640 3719 948 3782 Tigellinum
972 3721 1223 3783 collegam
1243 3730 1300 3773 et
1319 3724 1423 3773 Ne-

357 3795 499 3846 ronis
518 3795 858 3846 desertorem.

381 3924 388 3931 ,
421 3872 559 3920 Dein
596 3886 660 3920 eo
685 3871 1422 3938 usque-andaciaeprovectus

350 3956 452 4013 est,
477 3957 532 3997 ut
556 3948 773 3998 absente
811 3948 976 4000 adhuc
1020 3951 1196 4001 Galba
1226 3954 1419 4016 electo,

348 4025 642 4076 convivium
681 4032 977 4075 senatorum
1010 4034 1066 4076 et
1098 4027 1422 4080 foeminarum

348 4102 630 4152 illustrium
685 4101 998 4164 celebraret,
1053 4111 1114 4153 ut
1166 4112 1315 4169 puto,
1370 4106 1424 4157 in

348 4180 466 4242 ipsa
505 4178 670 4241 regia,
690 4192 849 4242 seque
869 4179 1089 4242 im1)erio
1117 4180 1424 4234 destinaret.

348 4255 587 4321 Ideoque
625 4254 804 4304 statim
823 4271 855 4305 a
874 4248 1170 4308 melioribus
1192 4262 1426 4326 praetori·

347 4333 462 4384 anis
477 4332 681 4385 occisus
698 4340 780 4385 est
798 4330 851 4383 in
872 4333 998 4401 ipsis
1015 4338 1222 4404 castris,
1235 4339 1422 4406 quibus

1513 2726 1775 2783 praeerat..

1575 2795 1601 2830 Β
1636 2797 1936 2863 Principum]
1985 2798 2195 2863 Tiberii,
2230 2796 2408 2859 Drusi,
2443 2796 2576 2846 Ger·

1510 2876 1845 2939 manicornm,
1907 2876 2174 2939 Caligulae,
2242 2881 2298 2924 et
2357 2873 2576 2923 aliorum

1512 2950 1651 3001 forte
1683 2953 1965 3002 Caesarum.
2029 2953 2164 3003 Nam
2204 2951 2342 3001 servi
2378 2949 2578 3000 liberti-

1513 3044 1615 3095 que
1638 3031 1860 3081 Coesaris
1879 3045 1992 3080 cum
2010 3030 2322 3081 haereditate
2340 3036 2396 3080 et
2412 3028 2575 3091 impe-

1510 3107 1590 3157 rio
1613 3109 1901 3179 transibant
1920 3110 1973 3158 in
1992 3109 2198 3158 domum
2235 3115 2290 3157 et
2324 3106 2575 3173 familiam

1507 3186 1838 3236 succedentis
1855 3186 2228 3250 cujuscumque
2244 3182 2509 3248 principis.

1569 3264 1660 3313 Sic
1695 3262 1892 3313 familia
1947 3261 2171 3313 Neronis
2228 3260 2450 3309 Caesaris
2506 3258 2573 3308 ad

1505 3340 1730 3397 Galbam
1748 3340 2018 3404 pertinuit,
2032 3339 2160 3388 licet
2180 3338 2267 3387 ille
2288 3337 2430 3387 nullo
2454 3349 2571 3400 gra·

1502 3416 1571 3467 dn
1594 3418 1997 3483 propinquitatis
2039 3418 2271 3467 Caesares
2309 3414 2575 3477 continge-

1502 3502 1618 3555 ret3
1682 3496 1802 3561 quia
1858 3496 1969 3546 scil.
2017 3495 2214 3544 Caesari
2258 3490 2578 3542 succedebat

1502 3574 1682 3624 Caesar
1704 3573 1908 3635 Galba,
1894 3589 1906 3601 ·
1954 3579 2011 3622 et
2049 3572 2123 3622 sic
2146 3571 2212 3621 de
2232 3569 2569 3635 sequentibus

1499 3650 1841 3714 principibus.

1566 3724 1581 3759 ¹
1613 3727 1806 3777 Habita
1821 3726 2066 3792 proceras]
2111 3726 2325 3777 Sueton.
2352 3725 2464 3775 Cal.
2487 3728 2573 3774 50.

1499 3804 1517 3833 ‘
1541 3803 1754 3854 Statura
1768 3803 1871 3855 fuit
1890 3804 2159 3892 eminenti,
2169 3803 2361 3868 pallido
2378 3803 2593 3865 colore,-

1501 3894 1722 3943 corpore
1765 3881 1982 3942 enormi,
2023 3880 2316 3945 gracilitate
2348 3878 2574 3928 maxima

1502 3958 1723 4008 cervicis
1746 3965 1802 4008 et
1821 3974 2048 4019 crurum,
2068 3965 2124 4009 et
2146 3958 2325 4025 oculis·
2344 3964 2402 4007 et
2420 4006 2423 4011 ,
2442 3944 2571 4005 tem-

1503 4035 1714 4098 poribus
1736 4035 1994 4100 concavis,
2012 4035 2187 4086 fronte
2206 4036 2313 4085 lata
2324 4041 2380 4084 et
2400 4031 2572 4097 torva,

1505 4110 1698 4175 capillo
1722 4126 1856 4176 raro,
1886 4127 1947 4163 ac
1966 4113 2109 4164 circa
2134 4112 2391 4164 verticem
2412 4110 2572 4174 nullo,

1500 4188 1734 4257 hirsutus
1754 4189 1967 4253 cetera,'
1993 4193 2092 4240 &c-

1540 4272 1605 4309 -¹¹¹
1643 4267 1827 4319 Collata
1848 4266 1901 4317 in
1938 4267 2080 4318 libros
2105 4266 2306 4330 indicia]
2343 4266 2480 4320 Quia
2498 4267 2572 4315 ni-

1502 4341 1607 4394 mia
1651 4350 1730 4401 et,
1755 4344 1955 4408 prolixa
1976 4344 2109 4409 haec,
2144 4343 2197 4394 in
2227 4343 2374 4395 libros
2401 4344 2574 4416 collata
