<?xml version="1.0" encoding="UTF-8"?>
<!DOCTYPE html PUBLIC "-//W3C//DTD XHTML 1.0 Transitional//EN"
    "http://www.w3.org/TR/xhtml1/DTD/xhtml1-transitional.dtd">
<html xmlns="http://www.w3.org/1999/xhtml" xml:lang="en" lang="en">
 <head>
  <title>
</title>
<meta http-equiv="Content-Type" content="text/html;charset=utf-8" />
  <meta name='ocr-system' content='tesseract 3.04.00' />
  <meta name='ocr-capabilities' content='ocr_page ocr_carea ocr_par ocr_line ocrx_word'/>
</head>
<body>
  <div class='ocr_page' id='page_1' title='image "./operaomniavolum00tacigoog/operaomniavolum00tacigoog_0379.png"; bbox 0 0 3063 4952; ppageno 0'>
   <div class='ocr_carea' id='block_1_1' title="bbox 251 420 2468 523">
    <p class='ocr_par' dir='ltr' id='par_1_1' title="bbox 251 420 2468 523">
     <span class='ocr_line' id='line_1_1' title="bbox 251 420 2468 523; baseline -0.009 -8"><span class='ocrx_word' id='word_1_1' title='bbox 251 458 295 516; x_wconf 65' lang='grc' dir='ltr'>ι,</span> <span class='ocrx_word' id='word_1_2' title='bbox 314 448 507 523; x_wconf 63' lang='lat' dir='ltr'>ess]</span> <span class='ocrx_word' id='word_1_3' title='bbox 566 448 577 501; x_wconf 79' lang='grc' dir='ltr'><strong>ῐ</strong></span> <span class='ocrx_word' id='word_1_4' title='bbox 645 486 657 498; x_wconf 84' lang='lat'><strong>·</strong></span> <span class='ocrx_word' id='word_1_5' title='bbox 2285 420 2468 496; x_wconf 67' lang='lat'>1⁷56</span> 
     </span>
    </p>
   </div>
   <div class='ocr_carea' id='block_1_2' title="bbox 214 586 2476 1098">
    <p class='ocr_par' dir='ltr' id='par_1_2' title="bbox 214 586 2476 1106">
     <span class='ocr_line' id='line_1_2' title="bbox 251 586 2476 690; baseline -0.008 -19"><span class='ocrx_word' id='word_1_6' title='bbox 251 624 442 690; x_wconf 86' lang='lat' dir='ltr'>opem</span> <span class='ocrx_word' id='word_1_7' title='bbox 471 597 697 679; x_wconf 81' lang='lat' dir='ltr'>feret,⁶</span> <span class='ocrx_word' id='word_1_8' title='bbox 726 619 880 684; x_wconf 80' lang='lat' dir='ltr'>quae</span> <span class='ocrx_word' id='word_1_9' title='bbox 908 618 989 661; x_wconf 89' lang='lat' dir='ltr'>ne</span> <span class='ocrx_word' id='word_1_10' title='bbox 1017 598 1111 661; x_wconf 86' lang='lat' dir='ltr'>in⁷</span> <span class='ocrx_word' id='word_1_11' title='bbox 1155 596 1363 660; x_wconf 82' lang='lat' dir='ltr'>metu‘¹</span> <span class='ocrx_word' id='word_1_12' title='bbox 1405 594 1676 680; x_wconf 87' lang='lat' dir='ltr'>quidem</span> <span class='ocrx_word' id='word_1_13' title='bbox 1706 591 2006 677; x_wconf 86' lang='lat' dir='ltr'>pericula</span> <span class='ocrx_word' id='word_1_14' title='bbox 2033 594 2258 655; x_wconf 83' lang='lat' dir='ltr'>nostra</span> <span class='ocrx_word' id='word_1_15' title='bbox 2284 586 2476 654; x_wconf 44' lang='lat' dir='ltr'>aver-1</span> 
     </span>
     <span class='ocr_line' id='line_1_3' title="bbox 214 693 2471 785; baseline -0.009 -9"><span class='ocrx_word' id='word_1_16' title='bbox 214 782 219 783; x_wconf 15' lang='lat' dir='ltr'><em>ff</em></span> <span class='ocrx_word' id='word_1_17' title='bbox 254 708 375 777; x_wconf 67' lang='lat' dir='ltr'>titt</span> <span class='ocrx_word' id='word_1_18' title='bbox 398 705 462 744; x_wconf 81' lang='lat'>⁸·</span> <span class='ocrx_word' id='word_1_19' title='bbox 555 704 723 782; x_wconf 87' lang='lat' dir='ltr'>An,⁹</span> <span class='ocrx_word' id='word_1_20' title='bbox 783 708 855 767; x_wconf 88' lang='lat' dir='ltr'>ut</span> <span class='ocrx_word' id='word_1_21' title='bbox 913 701 1187 785; x_wconf 83' lang='lat' dir='ltr'>quidam</span> <span class='ocrx_word' id='word_1_22' title='bbox 1248 699 1487 783; x_wconf 86' lang='lat' dir='ltr'>fingere</span> <span class='ocrx_word' id='word_1_23' title='bbox 1545 717 1677 761; x_wconf 86' lang='lat' dir='ltr'>non</span> <span class='ocrx_word' id='word_1_24' title='bbox 1725 697 2144 771; x_wconf 86' lang='lat' dir='ltr'>erubescunt,</span> <span class='ocrx_word' id='word_1_25' title='bbox 2193 693 2471 777; x_wconf 75' lang='lat' dir='ltr'>injurias</span> 
     </span>
     <span class='ocr_line' id='line_1_4' title="bbox 253 798 2471 888; baseline -0.008 -13"><span class='ocrx_word' id='word_1_26' title='bbox 253 830 411 875; x_wconf 86' lang='lat' dir='ltr'>suas</span> <span class='ocrx_word' id='word_1_27' title='bbox 439 810 623 873; x_wconf 86' lang='lat' dir='ltr'>ultus</span> <span class='ocrx_word' id='word_1_28' title='bbox 669 813 771 873; x_wconf 88' lang='lat' dir='ltr'>est</span> <span class='ocrx_word' id='word_1_29' title='bbox 814 805 1230 870; x_wconf 63' lang='lat' dir='ltr'>interfector?</span> <span class='ocrx_word' id='word_1_30' title='bbox 1279 806 1436 888; x_wconf 86' lang='lat' dir='ltr'>quia</span> <span class='ocrx_word' id='word_1_31' title='bbox 1483 802 1567 866; x_wconf 89' lang='lat' dir='ltr'>de</span> <span class='ocrx_word' id='word_1_32' title='bbox 1614 806 1889 885; x_wconf 85' lang='lat' dir='ltr'>paterna</span> <span class='ocrx_word' id='word_1_33' title='bbox 1937 798 2219 882; x_wconf 86' lang='lat' dir='ltr'>pecunia</span> <span class='ocrx_word' id='word_1_34' title='bbox 2262 803 2471 860; x_wconf 85' lang='lat' dir='ltr'>trans-</span> 
     </span>
     <span class='ocr_line' id='line_1_5' title="bbox 248 900 2471 998; baseline -0.006 -20"><span class='ocrx_word' id='word_1_35' title='bbox 248 909 521 998; x_wconf 78' lang='lat' dir='ltr'>egerat,f</span> <span class='ocrx_word' id='word_1_36' title='bbox 562 917 680 977; x_wconf 86' lang='lat' dir='ltr'>aut</span> <span class='ocrx_word' id='word_1_37' title='bbox 710 911 964 975; x_wconf 85' lang='lat' dir='ltr'>avitum</span> <span class='ocrx_word' id='word_1_38' title='bbox 996 909 1428 993; x_wconf 70' lang='lat' dir='ltr'>mancipiumss</span> <span class='ocrx_word' id='word_1_39' title='bbox 1470 904 1991 970; x_wconf 65' lang='lat' dir='ltr'>detrahebatur?</span> <span class='ocrx_word' id='word_1_40' title='bbox 2082 900 2471 965; x_wconf 83' lang='lat' dir='ltr'>Pronuntie-</span> 
     </span>
     <span class='ocr_line' id='line_1_6' title="bbox 245 1008 1736 1098; baseline -0.005 -18"><span class='ocrx_word' id='word_1_41' title='bbox 245 1013 427 1081; x_wconf 82' lang='lat' dir='ltr'>mush</span> <span class='ocrx_word' id='word_1_42' title='bbox 457 1016 655 1093; x_wconf 79' lang='lat' dir='ltr'>ultre,</span> <span class='ocrx_word' id='word_1_43' title='bbox 683 1013 1014 1079; x_wconf 89' lang='lat' dir='ltr'>dominum</span> <span class='ocrx_word' id='word_1_44' title='bbox 1036 1014 1184 1098; x_wconf 88' lang='lat' dir='ltr'>jure</span> <span class='ocrx_word' id='word_1_45' title='bbox 1213 1030 1470 1077; x_wconf 85' lang='lat' dir='ltr'>caesum</span> <span class='ocrx_word' id='word_1_46' title='bbox 1499 1008 1736 1075; x_wconf 80' lang='lat' dir='ltr'>videri.</span> 
     </span>
    </p>
   </div>
   <div class='ocr_carea' id='block_1_3' title="bbox 944 436 1762 500">
    <p class='ocr_par' dir='ltr' id='par_1_3' title="bbox 944 436 1762 500">
     <span class='ocr_line' id='line_1_7' title="bbox 944 436 1762 500; baseline -0.005 0"><span class='ocrx_word' id='word_1_47' title='bbox 944 440 1354 500; x_wconf 70' lang='lat' dir='ltr'>ANNAmUM</span> <span class='ocrx_word' id='word_1_48' title='bbox 1386 436 1568 498; x_wconf 53' lang='lat' dir='ltr'>&#39;LI&#39;Bj</span> <span class='ocrx_word' id='word_1_49' title='bbox 1597 442 1762 496; x_wconf 70' lang='lat' dir='ltr'>XIV.</span> 
     </span>
    </p>
   </div>
   <div class='ocr_carea' id='block_1_4' title="bbox 249 1187 2479 1458">
    <p class='ocr_par' dir='ltr' id='par_1_4' title="bbox 249 1187 2479 1458">
     <span class='ocr_line' id='line_1_8' title="bbox 249 1187 2478 1257; baseline -0.004 -11"><span class='ocrx_word' id='word_1_50' title='bbox 249 1194 541 1246; x_wconf 85' lang='lat' dir='ltr'>Pedanium</span> <span class='ocrx_word' id='word_1_51' title='bbox 576 1194 906 1245; x_wconf 86' lang='lat' dir='ltr'>Secundum?</span> <span class='ocrx_word' id='word_1_52' title='bbox 940 1193 1024 1243; x_wconf 90' lang='lat' dir='ltr'>cui</span> <span class='ocrx_word' id='word_1_53' title='bbox 1049 1191 1247 1243; x_wconf 84' lang='lat' dir='ltr'>familia</span> <span class='ocrx_word' id='word_1_54' title='bbox 1269 1191 1510 1257; x_wconf 76' lang='lat' dir='ltr'>praesidio</span> <span class='ocrx_word' id='word_1_55' title='bbox 1555 1189 1678 1255; x_wconf 88' lang='lat' dir='ltr'>erit,</span> <span class='ocrx_word' id='word_1_56' title='bbox 1707 1205 1821 1256; x_wconf 75' lang='lat' dir='ltr'>quae</span> <span class='ocrx_word' id='word_1_57' title='bbox 1859 1203 1924 1238; x_wconf 91' lang='lat' dir='ltr'>ne</span> <span class='ocrx_word' id='word_1_58' title='bbox 1966 1189 2017 1239; x_wconf 89' lang='lat' dir='ltr'>in</span> <span class='ocrx_word' id='word_1_59' title='bbox 2058 1188 2333 1238; x_wconf 83' lang='lat' dir='ltr'>formidine</span> <span class='ocrx_word' id='word_1_60' title='bbox 2369 1187 2478 1253; x_wconf 84' lang='lat' dir='ltr'>qni·</span> 
     </span>
     <span class='ocr_line' id='line_1_9' title="bbox 249 1252 2479 1323; baseline -0.004 -11"><span class='ocrx_word' id='word_1_61' title='bbox 249 1263 367 1312; x_wconf 69' lang='lat' dir='ltr'>dem</span> <span class='ocrx_word' id='word_1_62' title='bbox 395 1262 696 1311; x_wconf 81' lang='lat' dir='ltr'>discrimina</span> <span class='ocrx_word' id='word_1_63' title='bbox 719 1266 897 1310; x_wconf 78' lang='lat' dir='ltr'>nostra</span> <span class='ocrx_word' id='word_1_64' title='bbox 921 1260 1172 1323; x_wconf 73' lang='lat' dir='ltr'>prospicit</span> <span class='ocrx_word' id='word_1_65' title='bbox 1192 1259 1210 1307; x_wconf 90' lang='lat'>?</span> <span class='ocrx_word' id='word_1_66' title='bbox 1279 1257 1380 1317; x_wconf 75' lang='lat' dir='ltr'>An,</span> <span class='ocrx_word' id='word_1_67' title='bbox 1404 1263 1460 1307; x_wconf 93' lang='lat' dir='ltr'>ut</span> <span class='ocrx_word' id='word_1_68' title='bbox 1483 1256 1715 1306; x_wconf 82' lang='lat' dir='ltr'>nonnulli</span> <span class='ocrx_word' id='word_1_69' title='bbox 1745 1254 2061 1305; x_wconf 80' lang='lat' dir='ltr'>comminisci</span> <span class='ocrx_word' id='word_1_70' title='bbox 2081 1257 2238 1303; x_wconf 87' lang='lat' dir='ltr'>etiam</span> <span class='ocrx_word' id='word_1_71' title='bbox 2266 1252 2479 1315; x_wconf 85' lang='lat' dir='ltr'>audent,</span> 
     </span>
     <span class='ocr_line' id='line_1_10' title="bbox 250 1318 2476 1393; baseline -0.005 -15"><span class='ocrx_word' id='word_1_72' title='bbox 250 1328 594 1378; x_wconf 74' lang='lat' dir='ltr'>contumelias</span> <span class='ocrx_word' id='word_1_73' title='bbox 617 1342 733 1375; x_wconf 85' lang='lat' dir='ltr'>suas</span> <span class='ocrx_word' id='word_1_74' title='bbox 756 1324 1043 1374; x_wconf 84' lang='lat' dir='ltr'>vindicavit</span> <span class='ocrx_word' id='word_1_75' title='bbox 1065 1324 1371 1387; x_wconf 76' lang='lat' dir='ltr'>percussor?</span> <span class='ocrx_word' id='word_1_76' title='bbox 1403 1323 1524 1386; x_wconf 82' lang='lat' dir='ltr'>quia</span> <span class='ocrx_word' id='word_1_77' title='bbox 1547 1322 1772 1370; x_wconf 74' lang='lat' dir='ltr'>nimirum</span> <span class='ocrx_word' id='word_1_78' title='bbox 1795 1320 1860 1369; x_wconf 89' lang='lat' dir='ltr'>de</span> <span class='ocrx_word' id='word_1_79' title='bbox 1896 1321 2127 1383; x_wconf 86' lang='lat' dir='ltr'>paternis</span> <span class='ocrx_word' id='word_1_80' title='bbox 2164 1318 2344 1381; x_wconf 80' lang='lat' dir='ltr'>opibus</span> <span class='ocrx_word' id='word_1_81' title='bbox 2363 1332 2476 1393; x_wconf 33' lang='lat' dir='ltr'>‘pe-</span> 
     </span>
     <span class='ocr_line' id='line_1_11' title="bbox 250 1386 2477 1458; baseline -0.004 -16"><span class='ocrx_word' id='word_1_82' title='bbox 250 1393 480 1458; x_wconf 79' lang='lat' dir='ltr'>pigerat,</span> <span class='ocrx_word' id='word_1_83' title='bbox 504 1400 596 1441; x_wconf 88' lang='lat' dir='ltr'>aut</span> <span class='ocrx_word' id='word_1_84' title='bbox 613 1394 724 1455; x_wconf 75' lang='lat' dir='ltr'>quia</span> <span class='ocrx_word' id='word_1_85' title='bbox 745 1391 913 1440; x_wconf 87' lang='lat' dir='ltr'>avitus</span> <span class='ocrx_word' id='word_1_86' title='bbox 936 1405 1115 1440; x_wconf 87' lang='lat' dir='ltr'>servus</span> <span class='ocrx_word' id='word_1_87' title='bbox 1138 1389 1238 1454; x_wconf 87' lang='lat' dir='ltr'>ipsi</span> <span class='ocrx_word' id='word_1_88' title='bbox 1261 1387 1633 1438; x_wconf 74' lang='lat' dir='ltr'>auferebatur?</span> <span class='ocrx_word' id='word_1_89' title='bbox 1686 1390 1981 1437; x_wconf 80' lang='lat' dir='ltr'>Statuamus</span> <span class='ocrx_word' id='word_1_90' title='bbox 2003 1386 2141 1435; x_wconf 90' lang='lat' dir='ltr'>ultro</span> <span class='ocrx_word' id='word_1_91' title='bbox 2159 1386 2336 1433; x_wconf 83' lang='lat' dir='ltr'>herum</span> <span class='ocrx_word' id='word_1_92' title='bbox 2352 1395 2477 1447; x_wconf 80' lang='lat' dir='ltr'>Jure</span> 
     </span>
    </p>
   </div>
   <div class='ocr_carea' id='block_1_5' title="bbox 250 1457 690 1509">
    <p class='ocr_par' dir='ltr' id='par_1_5' title="bbox 250 1457 690 1509">
     <span class='ocr_line' id='line_1_12' title="bbox 250 1457 690 1509; baseline -0.007 0"><span class='ocrx_word' id='word_1_93' title='bbox 250 1473 483 1509; x_wconf 75' lang='lat' dir='ltr'>occisum</span> <span class='ocrx_word' id='word_1_94' title='bbox 510 1457 690 1507; x_wconf 88' lang='lat' dir='ltr'>videri.</span> 
     </span>
    </p>
   </div>
   <div class='ocr_carea' id='block_1_6' title="bbox 1185 1565 1545 1587">
    <p class='ocr_par' dir='ltr' id='par_1_6' title="bbox 1185 1565 1545 1587">
     <span class='ocr_line' id='line_1_13' title="bbox 1185 1565 1545 1587; baseline 0 -1"><span class='ocrx_word' id='word_1_95' title='bbox 1185 1567 1241 1587; x_wconf 64' lang='lat'>00</span> <span class='ocrx_word' id='word_1_96' title='bbox 1248 1565 1480 1587; x_wconf 50' lang='lat'>“0⁴00“</span> <span class='ocrx_word' id='word_1_97' title='bbox 1486 1566 1545 1586; x_wconf 60' lang='lat' dir='ltr'>‘O</span> 
     </span>
    </p>
   </div>
   <div class='ocr_carea' id='block_1_7' title="bbox 249 1652 2479 1924">
    <p class='ocr_par' dir='ltr' id='par_1_7' title="bbox 249 1652 2479 1924">
     <span class='ocr_line' id='line_1_14' title="bbox 249 1652 2476 1725; baseline -0.004 -12"><span class='ocrx_word' id='word_1_98' title='bbox 249 1662 346 1713; x_wconf 80' lang='lat' dir='ltr'>cui.</span> <span class='ocrx_word' id='word_1_99' title='bbox 416 1661 485 1710; x_wconf 89' lang='lat' dir='ltr'>In</span> <span class='ocrx_word' id='word_1_100' title='bbox 528 1660 635 1710; x_wconf 85' lang='lat' dir='ltr'>Ms.</span> <span class='ocrx_word' id='word_1_101' title='bbox 679 1659 833 1711; x_wconf 88' lang='lat' dir='ltr'>Bodl.</span> <span class='ocrx_word' id='word_1_102' title='bbox 868 1659 1064 1725; x_wconf 77' lang='lat' dir='ltr'>profuit.</span> <span class='ocrx_word' id='word_1_103' title='bbox 1128 1658 1396 1709; x_wconf 66' lang='lat' dir='ltr'>Idem—(i</span> <span class='ocrx_word' id='word_1_104' title='bbox 1431 1658 1580 1709; x_wconf 76' lang='lat' dir='ltr'>Ferat</span> <span class='ocrx_word' id='word_1_105' title='bbox 1625 1657 1956 1709; x_wconf 78' lang='lat' dir='ltr'>Budens.--⁷</span> <span class='ocrx_word' id='word_1_106' title='bbox 1993 1656 2052 1707; x_wconf 81' lang='lat' dir='ltr'>In</span> <span class='ocrx_word' id='word_1_107' title='bbox 2086 1656 2160 1706; x_wconf 77' lang='lat' dir='ltr'>sui</span> <span class='ocrx_word' id='word_1_108' title='bbox 2197 1661 2323 1705; x_wconf 79' lang='lat' dir='ltr'>metu</span> <span class='ocrx_word' id='word_1_109' title='bbox 2360 1652 2476 1720; x_wconf 79' lang='lat' dir='ltr'>cod.</span> 
     </span>
     <span class='ocr_line' id='line_1_15' title="bbox 250 1721 2476 1793; baseline -0.003 -17"><span class='ocrx_word' id='word_1_110' title='bbox 250 1728 489 1793; x_wconf 55' lang='lat' dir='ltr'>Agre-8</span> <span class='ocrx_word' id='word_1_111' title='bbox 521 1726 610 1775; x_wconf 80' lang='lat' dir='ltr'>Sic</span> <span class='ocrx_word' id='word_1_112' title='bbox 634 1726 735 1775; x_wconf 88' lang='lat' dir='ltr'>Ms.</span> <span class='ocrx_word' id='word_1_113' title='bbox 762 1726 891 1787; x_wconf 83' lang='lat' dir='ltr'>Reg.</span> <span class='ocrx_word' id='word_1_114' title='bbox 916 1726 1173 1775; x_wconf 74' lang='lat' dir='ltr'>editiones</span> <span class='ocrx_word' id='word_1_115' title='bbox 1210 1732 1417 1774; x_wconf 81' lang='lat' dir='ltr'>veteres</span> <span class='ocrx_word' id='word_1_116' title='bbox 1457 1734 1513 1774; x_wconf 89' lang='lat' dir='ltr'>et</span> <span class='ocrx_word' id='word_1_117' title='bbox 1549 1725 1885 1774; x_wconf 77' lang='lat' dir='ltr'>recentiores.</span> <span class='ocrx_word' id='word_1_118' title='bbox 1950 1724 2012 1773; x_wconf 89' lang='lat' dir='ltr'>In</span> <span class='ocrx_word' id='word_1_119' title='bbox 2039 1723 2167 1772; x_wconf 70' lang='lat' dir='ltr'>Mas.</span> <span class='ocrx_word' id='word_1_120' title='bbox 2190 1721 2476 1772; x_wconf 59' lang='lat' dir='ltr'>Ham-ses.</span> 
     </span>
     <span class='ocr_line' id='line_1_16' title="bbox 252 1786 2479 1852; baseline -0.004 -9"><span class='ocrx_word' id='word_1_121' title='bbox 252 1790 434 1843; x_wconf 83' lang='lat' dir='ltr'>Guelf.</span> <span class='ocrx_word' id='word_1_122' title='bbox 461 1792 622 1841; x_wconf 88' lang='lat' dir='ltr'>Corb.</span> <span class='ocrx_word' id='word_1_123' title='bbox 647 1798 699 1839; x_wconf 85' lang='lat' dir='ltr'>et</span> <span class='ocrx_word' id='word_1_124' title='bbox 725 1791 945 1852; x_wconf 81' lang='lat' dir='ltr'>Lipsius,</span> <span class='ocrx_word' id='word_1_125' title='bbox 966 1792 1191 1841; x_wconf 75' lang='lat' dir='ltr'>advertit.</span> <span class='ocrx_word' id='word_1_126' title='bbox 1255 1790 1309 1843; x_wconf 82' lang='lat' dir='ltr'>J.</span> <span class='ocrx_word' id='word_1_127' title='bbox 1331 1790 1391 1840; x_wconf 80' lang='lat' dir='ltr'>F.</span> <span class='ocrx_word' id='word_1_128' title='bbox 1414 1789 1709 1840; x_wconf 85' lang='lat' dir='ltr'>Gronovius</span> <span class='ocrx_word' id='word_1_129' title='bbox 1745 1804 1812 1839; x_wconf 87' lang='lat' dir='ltr'>ex</span> <span class='ocrx_word' id='word_1_130' title='bbox 1843 1789 2010 1839; x_wconf 80' lang='lat' dir='ltr'>Taciti</span> <span class='ocrx_word' id='word_1_131' title='bbox 2029 1803 2127 1838; x_wconf 79' lang='lat' dir='ltr'>usu</span> <span class='ocrx_word' id='word_1_132' title='bbox 2150 1786 2479 1852; x_wconf 67' lang='lat' dir='ltr'>conjiciebat,</span> 
     </span>
     <span class='ocr_line' id='line_1_17' title="bbox 250 1853 2412 1924; baseline -0.003 -15"><span class='ocrx_word' id='word_1_133' title='bbox 250 1874 390 1924; x_wconf 67' lang='lat' dir='ltr'>quom</span> <span class='ocrx_word' id='word_1_134' title='bbox 411 1871 473 1908; x_wconf 77' lang='lat' dir='ltr'>ne</span> <span class='ocrx_word' id='word_1_135' title='bbox 496 1857 548 1906; x_wconf 77' lang='lat' dir='ltr'>iu</span> <span class='ocrx_word' id='word_1_136' title='bbox 566 1861 692 1906; x_wconf 70' lang='lat' dir='ltr'>Mu</span> <span class='ocrx_word' id='word_1_137' title='bbox 713 1857 899 1921; x_wconf 67' lang='lat' dir='ltr'>quidem</span> <span class='ocrx_word' id='word_1_138' title='bbox 916 1857 1126 1921; x_wconf 76' lang='lat' dir='ltr'>pericula</span> <span class='ocrx_word' id='word_1_139' title='bbox 1141 1860 1304 1906; x_wconf 70' lang='lat' dir='ltr'>nostru</span> <span class='ocrx_word' id='word_1_140' title='bbox 1324 1857 1595 1907; x_wconf 69' lang='lat' dir='ltr'>advertunt.</span> <span class='ocrx_word' id='word_1_141' title='bbox 1663 1855 1990 1906; x_wconf 82' lang='lat' dir='ltr'>Brotier.--9</span> <span class='ocrx_word' id='word_1_142' title='bbox 2024 1854 2162 1905; x_wconf 73' lang='lat' dir='ltr'>Anne</span> <span class='ocrx_word' id='word_1_143' title='bbox 2181 1853 2412 1904; x_wconf 80' lang='lat' dir='ltr'>Budens.</span> 
     </span>
    </p>
   </div>
   <div class='ocr_carea' id='block_1_8' title="bbox 1258 2012 1479 2065">
    <p class='ocr_par' dir='ltr' id='par_1_8' title="bbox 1258 2012 1479 2065">
     <span class='ocr_line' id='line_1_18' title="bbox 1258 2012 1479 2065; baseline -0.005 0"><span class='ocrx_word' id='word_1_144' title='bbox 1258 2012 1479 2065; x_wconf 76' lang='lat' dir='ltr'>NOTAE</span> 
     </span>
    </p>
   </div>
   <div class='ocr_carea' id='block_1_9' title="bbox 254 2122 1330 2656">
    <p class='ocr_par' dir='ltr' id='par_1_9' title="bbox 254 2122 1330 2488">
     <span class='ocr_line' id='line_1_19' title="bbox 256 2122 1330 2193; baseline 0.003 -20"><span class='ocrx_word' id='word_1_145' title='bbox 256 2129 358 2185; x_wconf 84' lang='lat' dir='ltr'>tur,</span> <span class='ocrx_word' id='word_1_146' title='bbox 399 2131 587 2191; x_wconf 82' lang='lat' dir='ltr'>postea</span> <span class='ocrx_word' id='word_1_147' title='bbox 631 2127 707 2178; x_wconf 89' lang='lat' dir='ltr'>sic</span> <span class='ocrx_word' id='word_1_148' title='bbox 746 2127 1016 2178; x_wconf 83' lang='lat' dir='ltr'>decernite</span> <span class='ocrx_word' id='word_1_149' title='bbox 1052 2122 1330 2193; x_wconf 78' lang='lat' dir='ltr'>i&#39;mpunita-</span> 
     </span>
     <span class='ocr_line' id='line_1_20' title="bbox 256 2204 1328 2269; baseline 0.002 -17"><span class='ocrx_word' id='word_1_150' title='bbox 256 2210 358 2253; x_wconf 89' lang='lat' dir='ltr'>tem</span> <span class='ocrx_word' id='word_1_151' title='bbox 381 2205 623 2255; x_wconf 87' lang='lat' dir='ltr'>omnibus</span> <span class='ocrx_word' id='word_1_152' title='bbox 646 2205 743 2255; x_wconf 90' lang='lat' dir='ltr'>illis</span> <span class='ocrx_word' id='word_1_153' title='bbox 766 2207 926 2256; x_wconf 86' lang='lat' dir='ltr'>servis</span> <span class='ocrx_word' id='word_1_154' title='bbox 945 2223 960 2269; x_wconf 83' lang='lat'>3</span> <span class='ocrx_word' id='word_1_155' title='bbox 982 2212 1036 2256; x_wconf 85' lang='lat' dir='ltr'>at</span> <span class='ocrx_word' id='word_1_156' title='bbox 1056 2208 1100 2256; x_wconf 90' lang='lat' dir='ltr'>si</span> <span class='ocrx_word' id='word_1_157' title='bbox 1116 2207 1214 2255; x_wconf 85' lang='lat' dir='ltr'>hoc</span> <span class='ocrx_word' id='word_1_158' title='bbox 1238 2204 1328 2254; x_wconf 88' lang='lat' dir='ltr'>de·</span> 
     </span>
     <span class='ocr_line' id='line_1_21' title="bbox 254 2279 1326 2348; baseline -0.002 -17"><span class='ocrx_word' id='word_1_159' title='bbox 254 2282 489 2346; x_wconf 80' lang='lat' dir='ltr'>cernitis,</span> <span class='ocrx_word' id='word_1_160' title='bbox 521 2285 536 2311; x_wconf 90' lang='lat'>‘</span> <span class='ocrx_word' id='word_1_161' title='bbox 564 2298 719 2346; x_wconf 87' lang='lat' dir='ltr'>quem</span> <span class='ocrx_word' id='word_1_162' title='bbox 750 2283 976 2348; x_wconf 82' lang='lat' dir='ltr'>dignitas</span> <span class='ocrx_word' id='word_1_163' title='bbox 1016 2298 1107 2333; x_wconf 82' lang='lat' dir='ltr'>sua</span> <span class='ocrx_word' id='word_1_164' title='bbox 1148 2279 1326 2332; x_wconf 83' lang='lat' dir='ltr'>defeu-</span> 
     </span>
     <span class='ocr_line' id='line_1_22' title="bbox 256 2356 1327 2423; baseline 0 -17"><span class='ocrx_word' id='word_1_165' title='bbox 256 2356 363 2420; x_wconf 81' lang='lat' dir='ltr'>det,</span> <span class='ocrx_word' id='word_1_166' title='bbox 386 2372 545 2423; x_wconf 87' lang='lat' dir='ltr'>quem</span> <span class='ocrx_word' id='word_1_167' title='bbox 582 2373 819 2408; x_wconf 87' lang='lat' dir='ltr'>numerus</span> <span class='ocrx_word' id='word_1_168' title='bbox 856 2373 1120 2409; x_wconf 87' lang='lat' dir='ltr'>servorum</span> <span class='ocrx_word' id='word_1_169' title='bbox 1159 2356 1327 2408; x_wconf 88' lang='lat' dir='ltr'>tuebi-</span> 
     </span>
     <span class='ocr_line' id='line_1_23' title="bbox 259 2434 530 2488; baseline 0.015 -4"><span class='ocrx_word' id='word_1_170' title='bbox 259 2434 394 2485; x_wconf 68' lang='lat' dir='ltr'>tur?</span> <span class='ocrx_word' id='word_1_171' title='bbox 430 2438 530 2488; x_wconf 73' lang='lat' dir='ltr'>&amp;c-</span> 
     </span>
    </p>

    <p class='ocr_par' dir='ltr' id='par_1_10' title="bbox 259 2509 1329 2656">
     <span class='ocr_line' id='line_1_24' title="bbox 317 2509 1329 2578; baseline -0.001 -17"><span class='ocrx_word' id='word_1_172' title='bbox 317 2509 345 2545; x_wconf 60' lang='grc' dir='ltr'><em>ὓ</em></span> <span class='ocrx_word' id='word_1_173' title='bbox 377 2512 439 2561; x_wconf 79' lang='lat' dir='ltr'>In</span> <span class='ocrx_word' id='word_1_174' title='bbox 462 2511 613 2576; x_wconf 76' lang='lat' dir='ltr'>metu]</span> <span class='ocrx_word' id='word_1_175' title='bbox 648 2513 810 2576; x_wconf 90' lang='lat' dir='ltr'>Servi,</span> <span class='ocrx_word' id='word_1_176' title='bbox 844 2529 908 2564; x_wconf 88' lang='lat' dir='ltr'>ne</span> <span class='ocrx_word' id='word_1_177' title='bbox 946 2514 1001 2563; x_wconf 87' lang='lat' dir='ltr'>iu</span> <span class='ocrx_word' id='word_1_178' title='bbox 1041 2519 1185 2564; x_wconf 90' lang='lat' dir='ltr'>metu</span> <span class='ocrx_word' id='word_1_179' title='bbox 1219 2511 1329 2578; x_wconf 88' lang='lat' dir='ltr'>qui-</span> 
     </span>
     <span class='ocr_line' id='line_1_25' title="bbox 259 2577 1324 2656; baseline 0.002 -20"><span class='ocrx_word' id='word_1_180' title='bbox 259 2586 372 2638; x_wconf 90' lang='lat' dir='ltr'>dem</span> <span class='ocrx_word' id='word_1_181' title='bbox 398 2589 629 2653; x_wconf 87' lang='lat' dir='ltr'>proprio,</span> <span class='ocrx_word' id='word_1_182' title='bbox 652 2605 715 2641; x_wconf 92' lang='lat' dir='ltr'>ne</span> <span class='ocrx_word' id='word_1_183' title='bbox 740 2591 792 2639; x_wconf 90' lang='lat' dir='ltr'>in</span> <span class='ocrx_word' id='word_1_184' title='bbox 822 2577 963 2642; x_wconf 82' lang='lat' dir='ltr'>metu</span> <span class='ocrx_word' id='word_1_185' title='bbox 988 2591 1194 2656; x_wconf 89' lang='lat' dir='ltr'>quidem</span> <span class='ocrx_word' id='word_1_186' title='bbox 1217 2589 1324 2639; x_wconf 84' lang='lat' dir='ltr'>exi-</span> 
     </span>
    </p>
   </div>
   <div class='ocr_carea' id='block_1_10' title="bbox 1407 2128 2486 2657">
    <p class='ocr_par' dir='ltr' id='par_1_11' title="bbox 1407 2128 2170 2194">
     <span class='ocr_line' id='line_1_26' title="bbox 1407 2128 2170 2194; baseline -0.003 -17"><span class='ocrx_word' id='word_1_187' title='bbox 1407 2128 1550 2178; x_wconf 89' lang='lat' dir='ltr'>nulla</span> <span class='ocrx_word' id='word_1_188' title='bbox 1574 2132 1707 2189; x_wconf 86' lang='lat' dir='ltr'>erat,</span> <span class='ocrx_word' id='word_1_189' title='bbox 1735 2133 1980 2194; x_wconf 77' lang='lat' dir='ltr'>tanquam</span> <span class='ocrx_word' id='word_1_190' title='bbox 2003 2140 2170 2177; x_wconf 86' lang='lat' dir='ltr'>servo.</span> 
     </span>
    </p>

    <p class='ocr_par' dir='ltr' id='par_1_12' title="bbox 1407 2202 2485 2500">
     <span class='ocr_line' id='line_1_27' title="bbox 1473 2202 2481 2272; baseline -0.006 -15"><span class='ocrx_word' id='word_1_191' title='bbox 1473 2207 1663 2272; x_wconf 85' lang='lat' dir='ltr'>Neque</span> <span class='ocrx_word' id='word_1_192' title='bbox 1705 2207 1899 2257; x_wconf 80' lang='lat' dir='ltr'>avitum</span> <span class='ocrx_word' id='word_1_193' title='bbox 1937 2205 2011 2256; x_wconf 87' lang='lat' dir='ltr'>illi</span> <span class='ocrx_word' id='word_1_194' title='bbox 2050 2202 2356 2267; x_wconf 79' lang='lat' dir='ltr'>mancipium</span> <span class='ocrx_word' id='word_1_195' title='bbox 2392 2202 2481 2252; x_wconf 84' lang='lat' dir='ltr'>de-</span> 
     </span>
     <span class='ocr_line' id='line_1_28' title="bbox 1407 2276 2484 2347; baseline -0.004 -15"><span class='ocrx_word' id='word_1_196' title='bbox 1407 2282 1731 2345; x_wconf 81' lang='lat' dir='ltr'>trahebatur,</span> <span class='ocrx_word' id='word_1_197' title='bbox 1756 2282 1951 2347; x_wconf 88' lang='lat' dir='ltr'>quippe</span> <span class='ocrx_word' id='word_1_198' title='bbox 1974 2295 2078 2330; x_wconf 88' lang='lat' dir='ltr'>non</span> <span class='ocrx_word' id='word_1_199' title='bbox 2103 2294 2270 2341; x_wconf 88' lang='lat' dir='ltr'>suum,</span> <span class='ocrx_word' id='word_1_200' title='bbox 2293 2276 2384 2327; x_wconf 88' lang='lat' dir='ltr'>sed</span> <span class='ocrx_word' id='word_1_201' title='bbox 2405 2284 2484 2328; x_wconf 69' lang='lat' dir='ltr'>sei·</span> 
     </span>
     <span class='ocr_line' id='line_1_29' title="bbox 1407 2356 2485 2423; baseline -0.003 -15"><span class='ocrx_word' id='word_1_202' title='bbox 1407 2374 1526 2408; x_wconf 89' lang='lat' dir='ltr'>cum</span> <span class='ocrx_word' id='word_1_203' title='bbox 1553 2359 1752 2423; x_wconf 86' lang='lat' dir='ltr'>pariter</span> <span class='ocrx_word' id='word_1_204' title='bbox 1776 2374 1974 2408; x_wconf 88' lang='lat' dir='ltr'>servus.</span> <span class='ocrx_word' id='word_1_205' title='bbox 2041 2358 2180 2420; x_wconf 86' lang='lat' dir='ltr'>Ergo</span> <span class='ocrx_word' id='word_1_206' title='bbox 2215 2356 2358 2405; x_wconf 87' lang='lat' dir='ltr'>nulla</span> <span class='ocrx_word' id='word_1_207' title='bbox 2380 2356 2428 2406; x_wconf 90' lang='lat' dir='ltr'>ei</span> <span class='ocrx_word' id='word_1_208' title='bbox 2452 2370 2485 2405; x_wconf 83' lang='lat' dir='ltr'>a</span> 
     </span>
     <span class='ocr_line' id='line_1_30' title="bbox 1408 2432 2449 2500; baseline -0.002 -15"><span class='ocrx_word' id='word_1_209' title='bbox 1408 2434 1617 2487; x_wconf 85' lang='lat' dir='ltr'>domino</span> <span class='ocrx_word' id='word_1_210' title='bbox 1642 2435 1831 2500; x_wconf 84' lang='lat' dir='ltr'>injuria</span> <span class='ocrx_word' id='word_1_211' title='bbox 1855 2433 1966 2485; x_wconf 89' lang='lat' dir='ltr'>fieri</span> <span class='ocrx_word' id='word_1_212' title='bbox 1989 2433 2177 2498; x_wconf 86' lang='lat' dir='ltr'>potuit.</span> <span class='ocrx_word' id='word_1_213' title='bbox 2223 2432 2449 2483; x_wconf 79' lang='lat' dir='ltr'>Pichena.</span> 
     </span>
    </p>

    <p class='ocr_par' dir='ltr' id='par_1_13' title="bbox 1408 2509 2486 2657">
     <span class='ocr_line' id='line_1_31' title="bbox 1475 2509 2486 2577; baseline -0.004 -14"><span class='ocrx_word' id='word_1_214' title='bbox 1475 2514 1607 2571; x_wconf 81' lang='lat' dir='ltr'>Quia</span> <span class='ocrx_word' id='word_1_215' title='bbox 1643 2516 1703 2564; x_wconf 81' lang='lat' dir='ltr'>de</span> <span class='ocrx_word' id='word_1_216' title='bbox 1737 2518 1942 2577; x_wconf 78' lang='lat' dir='ltr'>paterna</span> <span class='ocrx_word' id='word_1_217' title='bbox 1978 2509 2201 2575; x_wconf 76' lang='lat' dir='ltr'>pecunia]</span> <span class='ocrx_word' id='word_1_218' title='bbox 2247 2509 2486 2572; x_wconf 76' lang='lat' dir='ltr'>Respicit</span> 
     </span>
     <span class='ocr_line' id='line_1_32' title="bbox 1408 2584 2486 2657; baseline -0.005 -16"><span class='ocrx_word' id='word_1_219' title='bbox 1408 2591 1474 2641; x_wconf 82' lang='lat' dir='ltr'>ad</span> <span class='ocrx_word' id='word_1_220' title='bbox 1520 2591 1610 2641; x_wconf 89' lang='lat' dir='ltr'>illa</span> <span class='ocrx_word' id='word_1_221' title='bbox 1656 2606 1772 2657; x_wconf 85' lang='lat' dir='ltr'>quae</span> <span class='ocrx_word' id='word_1_222' title='bbox 1819 2603 2159 2655; x_wconf 70' lang='lat' dir='ltr'>praecessere,</span> <span class='ocrx_word' id='word_1_223' title='bbox 2198 2587 2288 2637; x_wconf 88' lang='lat' dir='ltr'>ubi</span> <span class='ocrx_word' id='word_1_224' title='bbox 2332 2584 2486 2637; x_wconf 82' lang='lat' dir='ltr'>affert</span> 
     </span>
    </p>
   </div>
   <div class='ocr_carea' id='block_1_11' title="bbox 257 2665 2485 2733">
    <p class='ocr_par' dir='ltr' id='par_1_14' title="bbox 257 2665 2485 2733">
     <span class='ocr_line' id='line_1_33' title="bbox 257 2665 2485 2733; baseline -0 -18"><span class='ocrx_word' id='word_1_225' title='bbox 257 2665 315 2715; x_wconf 83' lang='lat' dir='ltr'>tii</span> <span class='ocrx_word' id='word_1_226' title='bbox 336 2667 697 2716; x_wconf 83' lang='lat' dir='ltr'>universorum</span> <span class='ocrx_word' id='word_1_227' title='bbox 732 2669 996 2733; x_wconf 86' lang='lat' dir='ltr'>utriusque</span> <span class='ocrx_word' id='word_1_228' title='bbox 1019 2682 1191 2732; x_wconf 70' lang='lat' dir='ltr'>sexus,</span> <span class='ocrx_word' id='word_1_229' title='bbox 1210 2682 1323 2716; x_wconf 88' lang='lat' dir='ltr'>nos·</span> <span class='ocrx_word' id='word_1_230' title='bbox 1403 2669 1615 2718; x_wconf 85' lang='lat' dir='ltr'>Tacitus</span> <span class='ocrx_word' id='word_1_231' title='bbox 1640 2682 1869 2731; x_wconf 84' lang='lat' dir='ltr'>causam,</span> <span class='ocrx_word' id='word_1_232' title='bbox 1899 2682 1992 2717; x_wconf 89' lang='lat' dir='ltr'>cur</span> <span class='ocrx_word' id='word_1_233' title='bbox 2019 2665 2280 2714; x_wconf 89' lang='lat' dir='ltr'>dominum</span> <span class='ocrx_word' id='word_1_234' title='bbox 2306 2678 2485 2714; x_wconf 86' lang='lat' dir='ltr'>servus</span> 
     </span>
    </p>
   </div>
   <div class='ocr_carea' id='block_1_12' title="bbox 256 2742 1341 4198">
    <p class='ocr_par' dir='ltr' id='par_1_15' title="bbox 256 2742 1041 2807">
     <span class='ocr_line' id='line_1_34' title="bbox 256 2742 1041 2807; baseline 0.005 -17"><span class='ocrx_word' id='word_1_235' title='bbox 256 2746 332 2791; x_wconf 84' lang='lat' dir='ltr'>tra</span> <span class='ocrx_word' id='word_1_236' title='bbox 350 2742 585 2807; x_wconf 86' lang='lat' dir='ltr'>pericula</span> <span class='ocrx_word' id='word_1_237' title='bbox 607 2744 1041 2795; x_wconf 83' lang='lat' dir='ltr'>animadvertunt.</span> 
     </span>
    </p>

    <p class='ocr_par' dir='ltr' id='par_1_16' title="bbox 257 2817 1334 3268">
     <span class='ocr_line' id='line_1_35' title="bbox 320 2817 1323 2886; baseline 0.002 -19"><span class='ocrx_word' id='word_1_238' title='bbox 320 2817 446 2874; x_wconf 78' lang='lat' dir='ltr'>Quae</span> <span class='ocrx_word' id='word_1_239' title='bbox 468 2833 526 2868; x_wconf 77' lang='lat' dir='ltr'>ue</span> <span class='ocrx_word' id='word_1_240' title='bbox 546 2819 598 2867; x_wconf 79' lang='lat' dir='ltr'>in</span> <span class='ocrx_word' id='word_1_241' title='bbox 619 2819 767 2884; x_wconf 62' lang='lat' dir='ltr'>indu]</span> <span class='ocrx_word' id='word_1_242' title='bbox 799 2820 930 2871; x_wconf 84' lang='lat' dir='ltr'>Quae</span> <span class='ocrx_word' id='word_1_243' title='bbox 954 2835 1018 2870; x_wconf 91' lang='lat' dir='ltr'>ne</span> <span class='ocrx_word' id='word_1_244' title='bbox 1041 2820 1246 2886; x_wconf 85' lang='lat' dir='ltr'>quidem</span> <span class='ocrx_word' id='word_1_245' title='bbox 1270 2820 1323 2869; x_wconf 91' lang='lat' dir='ltr'>in</span> 
     </span>
     <span class='ocr_line' id='line_1_36' title="bbox 259 2887 1331 2960; baseline 0.002 -16"><span class='ocrx_word' id='word_1_246' title='bbox 259 2887 400 2945; x_wconf 86' lang='lat' dir='ltr'>metu</span> <span class='ocrx_word' id='word_1_247' title='bbox 439 2896 709 2960; x_wconf 83' lang='lat' dir='ltr'>supplicii,</span> <span class='ocrx_word' id='word_1_248' title='bbox 745 2904 922 2948; x_wconf 87' lang='lat' dir='ltr'>vetere</span> <span class='ocrx_word' id='word_1_249' title='bbox 958 2898 1198 2948; x_wconf 87' lang='lat' dir='ltr'>instituto</span> <span class='ocrx_word' id='word_1_250' title='bbox 1239 2912 1331 2948; x_wconf 80' lang='lat' dir='ltr'>seu</span> 
     </span>
     <span class='ocr_line' id='line_1_37' title="bbox 257 2974 1334 3025; baseline 0.002 -3"><span class='ocrx_word' id='word_1_251' title='bbox 257 2974 716 3025; x_wconf 81' lang='lat' dir='ltr'>senatusconsulto</span> <span class='ocrx_word' id='word_1_252' title='bbox 739 2974 943 3025; x_wconf 85' lang='lat' dir='ltr'>decreti</span> <span class='ocrx_word' id='word_1_253' title='bbox 966 2976 1209 3024; x_wconf 81' lang='lat' dir='ltr'>adversus</span> <span class='ocrx_word' id='word_1_254' title='bbox 1229 2991 1334 3024; x_wconf 92' lang='lat' dir='ltr'>om-</span> 
     </span>
     <span class='ocr_line' id='line_1_38' title="bbox 260 3050 1334 3114; baseline 0.004 -17"><span class='ocrx_word' id='word_1_255' title='bbox 260 3062 350 3098; x_wconf 83' lang='lat' dir='ltr'>nes</span> <span class='ocrx_word' id='word_1_256' title='bbox 374 3063 574 3112; x_wconf 86' lang='lat' dir='ltr'>servos,</span> <span class='ocrx_word' id='word_1_257' title='bbox 599 3051 683 3114; x_wconf 86' lang='lat' dir='ltr'>qui</span> <span class='ocrx_word' id='word_1_258' title='bbox 707 3050 801 3100; x_wconf 87' lang='lat' dir='ltr'>sub</span> <span class='ocrx_word' id='word_1_259' title='bbox 823 3050 1006 3101; x_wconf 86' lang='lat' dir='ltr'>eodem</span> <span class='ocrx_word' id='word_1_260' title='bbox 1034 3059 1175 3100; x_wconf 91' lang='lat' dir='ltr'>tecto</span> <span class='ocrx_word' id='word_1_261' title='bbox 1192 3067 1334 3101; x_wconf 81' lang='lat' dir='ltr'>man-</span> 
     </span>
     <span class='ocr_line' id='line_1_39' title="bbox 262 3125 1334 3192; baseline 0.002 -16"><span class='ocrx_word' id='word_1_262' title='bbox 262 3125 509 3177; x_wconf 77' lang='lat' dir='ltr'>sitabant.</span> <span class='ocrx_word' id='word_1_263' title='bbox 579 3128 732 3179; x_wconf 76' lang='lat' dir='ltr'>Quod</span> <span class='ocrx_word' id='word_1_264' title='bbox 755 3143 896 3178; x_wconf 89' lang='lat' dir='ltr'>more</span> <span class='ocrx_word' id='word_1_265' title='bbox 919 3129 1172 3192; x_wconf 85' lang='lat' dir='ltr'>majorum</span> <span class='ocrx_word' id='word_1_266' title='bbox 1193 3129 1334 3178; x_wconf 82' lang='lat' dir='ltr'>inva-</span> 
     </span>
     <span class='ocr_line' id='line_1_40' title="bbox 260 3204 1167 3268; baseline 0.002 -16"><span class='ocrx_word' id='word_1_267' title='bbox 260 3204 375 3267; x_wconf 86' lang='lat' dir='ltr'>luit,</span> <span class='ocrx_word' id='word_1_268' title='bbox 399 3218 545 3268; x_wconf 86' lang='lat' dir='ltr'>saepe</span> <span class='ocrx_word' id='word_1_269' title='bbox 568 3205 726 3254; x_wconf 88' lang='lat' dir='ltr'>etiam</span> <span class='ocrx_word' id='word_1_270' title='bbox 751 3206 888 3256; x_wconf 89' lang='lat' dir='ltr'>SCto</span> <span class='ocrx_word' id='word_1_271' title='bbox 912 3205 1167 3255; x_wconf 84' lang='lat' dir='ltr'>firmatur.</span> 
     </span>
    </p>

    <p class='ocr_par' dir='ltr' id='par_1_17' title="bbox 259 3283 1335 3488">
     <span class='ocr_line' id='line_1_41' title="bbox 318 3283 1335 3347; baseline 0.002 -15"><span class='ocrx_word' id='word_1_272' title='bbox 318 3288 344 3315; x_wconf 57' lang='grc' dir='ltr'>θ</span> <span class='ocrx_word' id='word_1_273' title='bbox 376 3283 600 3347; x_wconf 72' lang='lat' dir='ltr'>Avertit]</span> <span class='ocrx_word' id='word_1_274' title='bbox 646 3283 815 3347; x_wconf 82' lang='lat' dir='ltr'>Vulgo</span> <span class='ocrx_word' id='word_1_275' title='bbox 855 3284 1061 3334; x_wconf 77' lang='lat' dir='ltr'>advertit</span> <span class='ocrx_word' id='word_1_276' title='bbox 1079 3299 1096 3332; x_wconf 91' lang='lat'>.·</span> <span class='ocrx_word' id='word_1_277' title='bbox 1131 3283 1335 3334; x_wconf 89' lang='lat' dir='ltr'>scilicet</span> 
     </span>
     <span class='ocr_line' id='line_1_42' title="bbox 259 3359 1334 3427; baseline 0.003 -20"><span class='ocrx_word' id='word_1_278' title='bbox 259 3359 310 3410; x_wconf 73' lang='grc' dir='ltr'>ἔτι</span> <span class='ocrx_word' id='word_1_279' title='bbox 333 3365 465 3409; x_wconf 79' lang='lat' dir='ltr'>metu</span> <span class='ocrx_word' id='word_1_280' title='bbox 481 3362 931 3424; x_wconf 77' lang='lat' dir='ltr'>senatusconsulti,</span> <span class='ocrx_word' id='word_1_281' title='bbox 950 3362 1086 3427; x_wconf 87' lang='lat' dir='ltr'>quod</span> <span class='ocrx_word' id='word_1_282' title='bbox 1108 3362 1334 3411; x_wconf 89' lang='lat' dir='ltr'>nondum</span> 
     </span>
     <span class='ocr_line' id='line_1_43' title="bbox 262 3437 1174 3488; baseline 0.001 -1"><span class='ocrx_word' id='word_1_283' title='bbox 262 3451 564 3487; x_wconf 83' lang='lat' dir='ltr'>concussum</span> <span class='ocrx_word' id='word_1_284' title='bbox 588 3452 702 3486; x_wconf 85' lang='lat' dir='ltr'>esse</span> <span class='ocrx_word' id='word_1_285' title='bbox 725 3437 877 3488; x_wconf 85' lang='lat' dir='ltr'>dixit.</span> <span class='ocrx_word' id='word_1_286' title='bbox 950 3438 1174 3488; x_wconf 68' lang='lat' dir='ltr'>Pie-liena.</span> 
     </span>
    </p>

    <p class='ocr_par' dir='ltr' id='par_1_18' title="bbox 259 3514 1338 3874">
     <span class='ocr_line' id='line_1_44' title="bbox 320 3514 1337 3580; baseline 0 -16"><span class='ocrx_word' id='word_1_287' title='bbox 320 3514 572 3578; x_wconf 86' lang='lat' dir='ltr'>Suspicor</span> <span class='ocrx_word' id='word_1_288' title='bbox 595 3515 842 3565; x_wconf 87' lang='lat' dir='ltr'>Tacitum</span> <span class='ocrx_word' id='word_1_289' title='bbox 874 3516 1164 3580; x_wconf 85' lang='lat' dir='ltr'>scripsisse:</span> <span class='ocrx_word' id='word_1_290' title='bbox 1199 3530 1337 3579; x_wconf 78' lang='lat' dir='ltr'>quam</span> 
     </span>
     <span class='ocr_line' id='line_1_45' title="bbox 259 3589 1338 3657; baseline 0.003 -17"><span class='ocrx_word' id='word_1_291' title='bbox 259 3605 317 3641; x_wconf 71' lang='lat' dir='ltr'>ne</span> <span class='ocrx_word' id='word_1_292' title='bbox 337 3589 392 3641; x_wconf 73' lang='grc' dir='ltr'>ἰὴ</span> <span class='ocrx_word' id='word_1_293' title='bbox 415 3597 546 3641; x_wconf 80' lang='lat' dir='ltr'>metu</span> <span class='ocrx_word' id='word_1_294' title='bbox 565 3591 753 3655; x_wconf 81' lang='lat' dir='ltr'>quidem</span> <span class='ocrx_word' id='word_1_295' title='bbox 767 3593 982 3657; x_wconf 77' lang='lat' dir='ltr'>pericula</span> <span class='ocrx_word' id='word_1_296' title='bbox 997 3600 1159 3644; x_wconf 74' lang='lat' dir='ltr'>nostra</span> <span class='ocrx_word' id='word_1_297' title='bbox 1174 3596 1338 3643; x_wconf 82' lang='lat' dir='ltr'>adver·</span> 
     </span>
     <span class='ocr_line' id='line_1_46' title="bbox 260 3668 1337 3735; baseline 0.003 -20"><span class='ocrx_word' id='word_1_298' title='bbox 260 3671 387 3717; x_wconf 72' lang='lat' dir='ltr'>tunt.</span> <span class='ocrx_word' id='word_1_299' title='bbox 446 3668 534 3717; x_wconf 88' lang='lat' dir='ltr'>Sic</span> <span class='ocrx_word' id='word_1_300' title='bbox 558 3668 718 3719; x_wconf 88' lang='lat' dir='ltr'>habes</span> <span class='ocrx_word' id='word_1_301' title='bbox 736 3669 949 3720; x_wconf 86' lang='lat' dir='ltr'>verbum</span> <span class='ocrx_word' id='word_1_302' title='bbox 968 3671 1225 3735; x_wconf 81' lang='lat' dir='ltr'>exquisito</span> <span class='ocrx_word' id='word_1_303' title='bbox 1250 3669 1337 3719; x_wconf 89' lang='lat' dir='ltr'>illo</span> 
     </span>
     <span class='ocr_line' id='line_1_47' title="bbox 260 3746 1338 3811; baseline 0.004 -18"><span class='ocrx_word' id='word_1_304' title='bbox 260 3753 375 3806; x_wconf 84' lang='lat' dir='ltr'>usn,</span> <span class='ocrx_word' id='word_1_305' title='bbox 418 3759 522 3810; x_wconf 91' lang='lat' dir='ltr'>quo</span> <span class='ocrx_word' id='word_1_306' title='bbox 552 3759 668 3794; x_wconf 83' lang='lat' dir='ltr'>esse</span> <span class='ocrx_word' id='word_1_307' title='bbox 713 3748 848 3796; x_wconf 89' lang='lat' dir='ltr'>solet</span> <span class='ocrx_word' id='word_1_308' title='bbox 891 3747 1154 3798; x_wconf 87' lang='lat' dir='ltr'>interdum</span> <span class='ocrx_word' id='word_1_309' title='bbox 1198 3746 1338 3811; x_wconf 88' lang='lat' dir='ltr'>apud</span> 
     </span>
     <span class='ocr_line' id='line_1_48' title="bbox 259 3822 1171 3874; baseline 0.003 -4"><span class='ocrx_word' id='word_1_310' title='bbox 259 3827 500 3871; x_wconf 85' lang='lat' dir='ltr'>nostrum</span> <span class='ocrx_word' id='word_1_311' title='bbox 522 3827 576 3870; x_wconf 89' lang='lat' dir='ltr'>et</span> <span class='ocrx_word' id='word_1_312' title='bbox 596 3822 818 3872; x_wconf 89' lang='lat' dir='ltr'>Livium.</span> <span class='ocrx_word' id='word_1_313' title='bbox 889 3824 1171 3874; x_wconf 73' lang='lat' dir='ltr'>Gronovius.</span> 
     </span>
    </p>

    <p class='ocr_par' dir='ltr' id='par_1_19' title="bbox 256 3898 1341 4119">
     <span class='ocr_line' id='line_1_49' title="bbox 324 3898 1335 3961; baseline 0.003 -12"><span class='ocrx_word' id='word_1_314' title='bbox 324 3899 516 3961; x_wconf 80' lang='lat' dir='ltr'>Recte,</span> <span class='ocrx_word' id='word_1_315' title='bbox 540 3899 631 3950; x_wconf 83' lang='lat' dir='ltr'>sed</span> <span class='ocrx_word' id='word_1_316' title='bbox 668 3898 858 3952; x_wconf 83' lang='lat' dir='ltr'>frustra</span> <span class='ocrx_word' id='word_1_317' title='bbox 878 3919 893 3952; x_wconf 90' lang='lat'>:</span> <span class='ocrx_word' id='word_1_318' title='bbox 931 3903 1118 3951; x_wconf 88' lang='lat' dir='ltr'>clarior</span> <span class='ocrx_word' id='word_1_319' title='bbox 1141 3901 1300 3953; x_wconf 87' lang='lat' dir='ltr'>lectio</span> <span class='ocrx_word' id='word_1_320' title='bbox 1322 3919 1335 3952; x_wconf 93' lang='lat'>:</span> 
     </span>
     <span class='ocr_line' id='line_1_50' title="bbox 256 3974 1341 4045; baseline 0.005 -20"><span class='ocrx_word' id='word_1_321' title='bbox 256 3974 487 4039; x_wconf 69' lang='lat' dir='ltr'>familia,</span> <span class='ocrx_word' id='word_1_322' title='bbox 503 3992 605 4040; x_wconf 60' lang='grc' dir='ltr'>φησι</span> <span class='ocrx_word' id='word_1_323' title='bbox 626 3992 685 4027; x_wconf 75' lang='lat' dir='ltr'>ne</span> <span class='ocrx_word' id='word_1_324' title='bbox 706 3982 891 4043; x_wconf 77' lang='lat' dir='ltr'>quidem</span> <span class='ocrx_word' id='word_1_325' title='bbox 911 3980 964 4030; x_wconf 77' lang='lat' dir='ltr'>in</span> <span class='ocrx_word' id='word_1_326' title='bbox 982 3985 1110 4030; x_wconf 77' lang='lat' dir='ltr'>metu</span> <span class='ocrx_word' id='word_1_327' title='bbox 1128 3981 1341 4045; x_wconf 78' lang='lat' dir='ltr'>pericula</span> 
     </span>
     <span class='ocr_line' id='line_1_51' title="bbox 261 4055 1306 4119; baseline 0.004 -17"><span class='ocrx_word' id='word_1_328' title='bbox 261 4057 430 4103; x_wconf 62' lang='lat' dir='ltr'>nostra</span> <span class='ocrx_word' id='word_1_329' title='bbox 447 4055 659 4104; x_wconf 76' lang='lat' dir='ltr'>advertit</span> <span class='ocrx_word' id='word_1_330' title='bbox 674 4072 690 4105; x_wconf 90' lang='grc'>.·</span> <span class='ocrx_word' id='word_1_331' title='bbox 710 4056 928 4119; x_wconf 79' lang='lat' dir='ltr'>familia,</span> <span class='ocrx_word' id='word_1_332' title='bbox 949 4056 1003 4106; x_wconf 88' lang='lat' dir='ltr'>id</span> <span class='ocrx_word' id='word_1_333' title='bbox 1028 4065 1126 4117; x_wconf 89' lang='lat' dir='ltr'>est,</span> <span class='ocrx_word' id='word_1_334' title='bbox 1149 4055 1306 4107; x_wconf 81' lang='lat' dir='ltr'>servi.</span> 
     </span>
    </p>

    <p class='ocr_par' dir='ltr' id='par_1_20' title="bbox 316 4127 1338 4198">
     <span class='ocr_line' id='line_1_52' title="bbox 316 4127 1338 4198; baseline 0.007 -22"><span class='ocrx_word' id='word_1_335' title='bbox 316 4127 347 4161; x_wconf 56' lang='grc' dir='ltr'>’ἲ</span> <span class='ocrx_word' id='word_1_336' title='bbox 378 4128 511 4184; x_wconf 71' lang='lat' dir='ltr'>Quia</span> <span class='ocrx_word' id='word_1_337' title='bbox 542 4133 601 4179; x_wconf 80' lang='lat' dir='ltr'>de</span> <span class='ocrx_word' id='word_1_338' title='bbox 632 4136 834 4195; x_wconf 79' lang='lat' dir='ltr'>paterna</span> <span class='ocrx_word' id='word_1_339' title='bbox 864 4133 1066 4198; x_wconf 74' lang='lat' dir='ltr'>pecunia</span> <span class='ocrx_word' id='word_1_340' title='bbox 1098 4138 1338 4197; x_wconf 71' lang='lat' dir='ltr'>transege-</span> 
     </span>
    </p>
   </div>
   <div class='ocr_carea' id='block_1_13' title="bbox 255 4204 1371 4274">
    <p class='ocr_par' dir='ltr' id='par_1_21' title="bbox 255 4204 1371 4274">
     <span class='ocr_line' id='line_1_53' title="bbox 255 4204 1371 4274; baseline 0.009 -20"><span class='ocrx_word' id='word_1_341' title='bbox 255 4204 361 4269; x_wconf 71' lang='lat' dir='ltr'>rat]</span> <span class='ocrx_word' id='word_1_342' title='bbox 394 4206 529 4254; x_wconf 81' lang='lat' dir='ltr'>Haec</span> <span class='ocrx_word' id='word_1_343' title='bbox 554 4207 777 4259; x_wconf 87' lang='lat' dir='ltr'>ironice:</span> <span class='ocrx_word' id='word_1_344' title='bbox 813 4224 931 4274; x_wconf 76' lang='lat' dir='ltr'>quae</span> <span class='ocrx_word' id='word_1_345' title='bbox 955 4210 1019 4259; x_wconf 90' lang='lat' dir='ltr'>ad</span> <span class='ocrx_word' id='word_1_346' title='bbox 1055 4211 1192 4261; x_wconf 87' lang='lat' dir='ltr'>hunc</span> <span class='ocrx_word' id='word_1_347' title='bbox 1219 4223 1334 4259; x_wconf 85' lang='lat' dir='ltr'>sen·</span> <span class='ocrx_word' id='word_1_348' title='bbox 1357 4257 1371 4264; x_wconf 90' lang='lat'>-</span> 
     </span>
    </p>
   </div>
   <div class='ocr_carea' id='block_1_14' title="bbox 256 4280 1335 4430">
    <p class='ocr_par' dir='ltr' id='par_1_22' title="bbox 256 4280 1335 4430">
     <span class='ocr_line' id='line_1_54' title="bbox 256 4280 1335 4350; baseline 0.006 -20"><span class='ocrx_word' id='word_1_349' title='bbox 256 4295 371 4330; x_wconf 78' lang='lat' dir='ltr'>sum</span> <span class='ocrx_word' id='word_1_350' title='bbox 395 4280 620 4346; x_wconf 85' lang='lat' dir='ltr'>dirigas:</span> <span class='ocrx_word' id='word_1_351' title='bbox 656 4282 748 4333; x_wconf 85' lang='lat' dir='ltr'>ille</span> <span class='ocrx_word' id='word_1_352' title='bbox 771 4285 980 4349; x_wconf 87' lang='lat' dir='ltr'>quidem</span> <span class='ocrx_word' id='word_1_353' title='bbox 1012 4286 1078 4336; x_wconf 87' lang='lat' dir='ltr'>de</span> <span class='ocrx_word' id='word_1_354' title='bbox 1115 4293 1335 4350; x_wconf 86' lang='lat' dir='ltr'>paterna</span> 
     </span>
     <span class='ocr_line' id='line_1_55' title="bbox 257 4356 1335 4430; baseline 0.007 -23"><span class='ocrx_word' id='word_1_355' title='bbox 257 4356 481 4421; x_wconf 75' lang='lat' dir='ltr'>pecunia</span> <span class='ocrx_word' id='word_1_356' title='bbox 515 4360 809 4426; x_wconf 74' lang='lat' dir='ltr'>transigere</span> <span class='ocrx_word' id='word_1_357' title='bbox 832 4376 948 4413; x_wconf 83' lang='lat' dir='ltr'>non</span> <span class='ocrx_word' id='word_1_358' title='bbox 987 4363 1180 4429; x_wconf 85' lang='lat' dir='ltr'>potuit,</span> <span class='ocrx_word' id='word_1_359' title='bbox 1212 4361 1335 4430; x_wconf 82' lang='lat' dir='ltr'>quia</span> 
     </span>
    </p>
   </div>
   <div class='ocr_carea' id='block_1_15' title="bbox 1406 2741 2494 4428">
    <p class='ocr_par' dir='ltr' id='par_1_23' title="bbox 1406 2741 2492 2964">
     <span class='ocr_line' id='line_1_56' title="bbox 1406 2741 2490 2811; baseline -0.006 -16"><span class='ocrx_word' id='word_1_360' title='bbox 1406 2746 1565 2811; x_wconf 80' lang='lat' dir='ltr'>ipsius</span> <span class='ocrx_word' id='word_1_361' title='bbox 1592 2744 1883 2806; x_wconf 85' lang='lat' dir='ltr'>interfecit,</span> <span class='ocrx_word' id='word_1_362' title='bbox 1918 2760 2004 2794; x_wconf 59' lang='lat' dir='ltr'>&gt;seu</span> <span class='ocrx_word' id='word_1_363' title='bbox 2044 2749 2218 2805; x_wconf 76' lang='lat' dir='ltr'>negata</span> <span class='ocrx_word' id='word_1_364' title='bbox 2250 2741 2490 2800; x_wconf 58' lang='lat' dir='ltr'>libertate,</span> 
     </span>
     <span class='ocr_line' id='line_1_57' title="bbox 1409 2819 2492 2886; baseline -0.006 -14"><span class='ocrx_word' id='word_1_365' title='bbox 1409 2824 1488 2872; x_wconf 79' lang='lat' dir='ltr'>cui</span> <span class='ocrx_word' id='word_1_366' title='bbox 1509 2823 1713 2886; x_wconf 81' lang='lat' dir='ltr'>pretium</span> <span class='ocrx_word' id='word_1_367' title='bbox 1731 2821 1998 2886; x_wconf 76' lang='lat' dir='ltr'>pepigerat,</span> <span class='ocrx_word' id='word_1_368' title='bbox 2017 2819 2270 2883; x_wconf 82' lang='lat' dir='ltr'>dominus,</span> <span class='ocrx_word' id='word_1_369' title='bbox 2283 2832 2492 2884; x_wconf 71' lang='lat' dir='ltr'>nempe,</span> 
     </span>
     <span class='ocr_line' id='line_1_58' title="bbox 1413 2899 2095 2964; baseline -0.004 -14"><span class='ocrx_word' id='word_1_370' title='bbox 1413 2916 1528 2950; x_wconf 91' lang='lat' dir='ltr'>cum</span> <span class='ocrx_word' id='word_1_371' title='bbox 1555 2916 1722 2964; x_wconf 88' lang='lat' dir='ltr'>servo,</span> <span class='ocrx_word' id='word_1_372' title='bbox 1747 2901 1828 2950; x_wconf 89' lang='lat' dir='ltr'>vel</span> <span class='ocrx_word' id='word_1_373' title='bbox 1859 2899 2095 2948; x_wconf 86' lang='lat' dir='ltr'>vicissim.</span> 
     </span>
    </p>

    <p class='ocr_par' dir='ltr' id='par_1_24' title="bbox 1415 2975 2491 3198">
     <span class='ocr_line' id='line_1_59' title="bbox 1482 2975 2489 3042; baseline -0.003 -13"><span class='ocrx_word' id='word_1_374' title='bbox 1482 2979 1562 3029; x_wconf 82' lang='lat' dir='ltr'>De</span> <span class='ocrx_word' id='word_1_375' title='bbox 1580 2977 1804 3042; x_wconf 80' lang='lat' dir='ltr'>paterna]</span> <span class='ocrx_word' id='word_1_376' title='bbox 1841 2976 1984 3026; x_wconf 88' lang='lat' dir='ltr'>Nihil</span> <span class='ocrx_word' id='word_1_377' title='bbox 2023 2976 2285 3040; x_wconf 88' lang='lat' dir='ltr'>proprium</span> <span class='ocrx_word' id='word_1_378' title='bbox 2328 2975 2489 3026; x_wconf 81' lang='lat' dir='ltr'>babu-</span> 
     </span>
     <span class='ocr_line' id='line_1_60' title="bbox 1417 3053 2491 3119; baseline -0.002 -14"><span class='ocrx_word' id='word_1_379' title='bbox 1417 3071 1505 3106; x_wconf 89' lang='lat' dir='ltr'>ere</span> <span class='ocrx_word' id='word_1_380' title='bbox 1543 3055 1698 3118; x_wconf 86' lang='lat' dir='ltr'>servi,</span> <span class='ocrx_word' id='word_1_381' title='bbox 1732 3054 1859 3104; x_wconf 86' lang='lat' dir='ltr'>nihil</span> <span class='ocrx_word' id='word_1_382' title='bbox 1891 3053 2243 3119; x_wconf 84' lang='lat' dir='ltr'>possidebant,</span> <span class='ocrx_word' id='word_1_383' title='bbox 2282 3058 2372 3104; x_wconf 86' lang='lat' dir='ltr'>aut</span> <span class='ocrx_word' id='word_1_384' title='bbox 2408 3067 2491 3103; x_wconf 88' lang='lat' dir='ltr'>ac·</span> 
     </span>
     <span class='ocr_line' id='line_1_61' title="bbox 1415 3130 2193 3198; baseline 0 -17"><span class='ocrx_word' id='word_1_385' title='bbox 1415 3132 1692 3198; x_wconf 88' lang='lat' dir='ltr'>quirebant</span> <span class='ocrx_word' id='word_1_386' title='bbox 1713 3132 1830 3195; x_wconf 85' lang='lat' dir='ltr'>sibi,</span> <span class='ocrx_word' id='word_1_387' title='bbox 1850 3130 1944 3181; x_wconf 85' lang='lat' dir='ltr'>sed</span> <span class='ocrx_word' id='word_1_388' title='bbox 1969 3131 2193 3181; x_wconf 88' lang='lat' dir='ltr'>domino.</span> 
     </span>
    </p>

    <p class='ocr_par' dir='ltr' id='par_1_25' title="bbox 1414 3207 2492 3488">
     <span class='ocr_line' id='line_1_62' title="bbox 1480 3207 2490 3271; baseline -0.001 -12"><span class='ocrx_word' id='word_1_389' title='bbox 1480 3217 1506 3253; x_wconf 77' lang='grc'><strong>8</strong></span> <span class='ocrx_word' id='word_1_390' title='bbox 1542 3212 1643 3260; x_wconf 77' lang='lat' dir='ltr'>Aut</span> <span class='ocrx_word' id='word_1_391' title='bbox 1680 3209 1861 3258; x_wconf 76' lang='lat' dir='ltr'>(tritum</span> <span class='ocrx_word' id='word_1_392' title='bbox 1897 3207 2202 3271; x_wconf 79' lang='lat' dir='ltr'>mancipium]</span> <span class='ocrx_word' id='word_1_393' title='bbox 2255 3207 2490 3271; x_wconf 88' lang='lat' dir='ltr'>Respicit</span> 
     </span>
     <span class='ocr_line' id='line_1_63' title="bbox 1415 3273 2489 3348; baseline -0.001 -14"><span class='ocrx_word' id='word_1_394' title='bbox 1415 3285 1481 3334; x_wconf 82' lang='lat' dir='ltr'>ad</span> <span class='ocrx_word' id='word_1_395' title='bbox 1518 3285 1749 3348; x_wconf 81' lang='lat' dir='ltr'>praeced.</span> <span class='ocrx_word' id='word_1_396' title='bbox 1783 3285 1798 3311; x_wconf 90' lang='lat'>‘</span> <span class='ocrx_word' id='word_1_397' title='bbox 1825 3284 1934 3334; x_wconf 89' lang='lat' dir='ltr'>sive</span> <span class='ocrx_word' id='word_1_398' title='bbox 1972 3298 2144 3333; x_wconf 88' lang='lat' dir='ltr'>amore</span> <span class='ocrx_word' id='word_1_399' title='bbox 2185 3283 2378 3333; x_wconf 85' lang='lat' dir='ltr'>exoleti</span> <span class='ocrx_word' id='word_1_400' title='bbox 2412 3273 2489 3333; x_wconf 81' lang='lat' dir='ltr'>in-</span> 
     </span>
     <span class='ocr_line' id='line_1_64' title="bbox 1414 3351 2492 3431; baseline 0.002 -22"><span class='ocrx_word' id='word_1_401' title='bbox 1414 3359 1609 3423; x_wconf 87' lang='lat' dir='ltr'>fensus,</span> <span class='ocrx_word' id='word_1_402' title='bbox 1635 3367 1690 3410; x_wconf 87' lang='lat' dir='ltr'>et</span> <span class='ocrx_word' id='word_1_403' title='bbox 1726 3351 1990 3410; x_wconf 83' lang='lat' dir='ltr'>dominum</span> <span class='ocrx_word' id='word_1_404' title='bbox 2025 3362 2265 3410; x_wconf 81' lang='lat' dir='ltr'>oemulum</span> <span class='ocrx_word' id='word_1_405' title='bbox 2286 3375 2386 3411; x_wconf 87' lang='lat' dir='ltr'>non</span> <span class='ocrx_word' id='word_1_406' title='bbox 2411 3370 2492 3431; x_wconf 77' lang='lat' dir='ltr'>to·</span> 
     </span>
     <span class='ocr_line' id='line_1_65' title="bbox 1417 3438 1627 3488; baseline 0 -1"><span class='ocrx_word' id='word_1_407' title='bbox 1417 3438 1627 3488; x_wconf 89' lang='lat' dir='ltr'>lerans.&#39;</span> 
     </span>
    </p>

    <p class='ocr_par' dir='ltr' id='par_1_26' title="bbox 1417 3513 2494 4041">
     <span class='ocr_line' id='line_1_66' title="bbox 1481 3513 2492 3580; baseline 0.004 -16"><span class='ocrx_word' id='word_1_408' title='bbox 1481 3513 1506 3548; x_wconf 81' lang='lat'>¹¹</span> <span class='ocrx_word' id='word_1_409' title='bbox 1541 3514 1939 3580; x_wconf 74' lang='lat' dir='ltr'>Pronuntiemus]</span> <span class='ocrx_word' id='word_1_410' title='bbox 1973 3515 2037 3566; x_wconf 89' lang='lat' dir='ltr'>Id</span> <span class='ocrx_word' id='word_1_411' title='bbox 2059 3516 2214 3565; x_wconf 87' lang='lat' dir='ltr'>etiam</span> <span class='ocrx_word' id='word_1_412' title='bbox 2231 3516 2389 3568; x_wconf 80' lang='lat' dir='ltr'>habet</span> <span class='ocrx_word' id='word_1_413' title='bbox 2410 3532 2492 3568; x_wconf 84' lang='lat' dir='ltr'>or·</span> 
     </span>
     <span class='ocr_line' id='line_1_67' title="bbox 1417 3592 2492 3659; baseline 0.003 -18"><span class='ocrx_word' id='word_1_414' title='bbox 1417 3592 1590 3642; x_wconf 87' lang='lat' dir='ltr'>dinem</span> <span class='ocrx_word' id='word_1_415' title='bbox 1617 3592 1682 3641; x_wconf 81' lang='lat' dir='ltr'>ad</span> <span class='ocrx_word' id='word_1_416' title='bbox 1708 3600 1879 3642; x_wconf 88' lang='lat' dir='ltr'>antec.</span> <span class='ocrx_word' id='word_1_417' title='bbox 1904 3599 1959 3643; x_wconf 90' lang='lat' dir='ltr'>et</span> <span class='ocrx_word' id='word_1_418' title='bbox 1983 3608 2192 3658; x_wconf 82' lang='lat' dir='ltr'>conseq.</span> <span class='ocrx_word' id='word_1_419' title='bbox 2216 3593 2289 3643; x_wconf 86' lang='lat' dir='ltr'>sic</span> <span class='ocrx_word' id='word_1_420' title='bbox 2329 3594 2492 3659; x_wconf 84' lang='lat' dir='ltr'>igitur</span> 
     </span>
     <span class='ocr_line' id='line_1_68' title="bbox 1421 3668 2490 3734; baseline 0.003 -16"><span class='ocrx_word' id='word_1_421' title='bbox 1421 3669 1653 3733; x_wconf 85' lang='lat' dir='ltr'>intellige</span> <span class='ocrx_word' id='word_1_422' title='bbox 1677 3685 1691 3719; x_wconf 92' lang='lat'>:</span> <span class='ocrx_word' id='word_1_423' title='bbox 1728 3668 1809 3717; x_wconf 86' lang='lat' dir='ltr'>An</span> <span class='ocrx_word' id='word_1_424' title='bbox 1831 3669 1949 3732; x_wconf 81' lang='lat' dir='ltr'>quia</span> <span class='ocrx_word' id='word_1_425' title='bbox 1974 3670 2184 3734; x_wconf 86' lang='lat' dir='ltr'>injurias</span> <span class='ocrx_word' id='word_1_426' title='bbox 2208 3686 2325 3720; x_wconf 83' lang='lat' dir='ltr'>suas</span> <span class='ocrx_word' id='word_1_427' title='bbox 2352 3673 2490 3722; x_wconf 88' lang='lat' dir='ltr'>ultus</span> 
     </span>
     <span class='ocr_line' id='line_1_69' title="bbox 1420 3743 2494 3811; baseline 0.002 -16"><span class='ocrx_word' id='word_1_428' title='bbox 1420 3753 1500 3795; x_wconf 88' lang='lat' dir='ltr'>est</span> <span class='ocrx_word' id='word_1_429' title='bbox 1521 3743 1848 3805; x_wconf 83' lang='lat' dir='ltr'>interfector,</span> <span class='ocrx_word' id='word_1_430' title='bbox 1876 3754 1931 3795; x_wconf 90' lang='lat' dir='ltr'>ut</span> <span class='ocrx_word' id='word_1_431' title='bbox 1956 3746 2162 3811; x_wconf 87' lang='lat' dir='ltr'>quidam</span> <span class='ocrx_word' id='word_1_432' title='bbox 2189 3746 2409 3811; x_wconf 84' lang='lat' dir='ltr'>fingunt,</span> <span class='ocrx_word' id='word_1_433' title='bbox 2426 3761 2494 3797; x_wconf 86' lang='lat' dir='ltr'>an</span> 
     </span>
     <span class='ocr_line' id='line_1_70' title="bbox 1420 3822 2494 3890; baseline 0.002 -18"><span class='ocrx_word' id='word_1_434' title='bbox 1420 3824 1542 3889; x_wconf 90' lang='lat' dir='ltr'>quia</span> <span class='ocrx_word' id='word_1_435' title='bbox 1564 3822 1629 3872; x_wconf 89' lang='lat' dir='ltr'>de</span> <span class='ocrx_word' id='word_1_436' title='bbox 1667 3833 1886 3887; x_wconf 84' lang='lat' dir='ltr'>paterna</span> <span class='ocrx_word' id='word_1_437' title='bbox 1909 3827 2126 3887; x_wconf 84' lang='lat' dir='ltr'>pecunia</span> <span class='ocrx_word' id='word_1_438' title='bbox 2152 3834 2494 3890; x_wconf 83' lang='lat' dir='ltr'>transegerat,</span> 
     </span>
     <span class='ocr_line' id='line_1_71' title="bbox 1420 3900 2492 3966; baseline 0.003 -17"><span class='ocrx_word' id='word_1_439' title='bbox 1420 3900 1866 3965; x_wconf 81' lang='lat' dir='ltr'>pronuntiabimus</span> <span class='ocrx_word' id='word_1_440' title='bbox 1904 3904 2041 3952; x_wconf 91' lang='lat' dir='ltr'>ultro</span> <span class='ocrx_word' id='word_1_441' title='bbox 2082 3903 2341 3953; x_wconf 89' lang='lat' dir='ltr'>dominum</span> <span class='ocrx_word' id='word_1_442' title='bbox 2365 3902 2492 3966; x_wconf 88' lang='lat' dir='ltr'>jure</span> 
     </span>
     <span class='ocr_line' id='line_1_72' title="bbox 1419 3979 1946 4041; baseline 0.008 -14"><span class='ocrx_word' id='word_1_443' title='bbox 1419 3994 1612 4029; x_wconf 85' lang='lat' dir='ltr'>caesum</span> <span class='ocrx_word' id='word_1_444' title='bbox 1639 3979 1825 4041; x_wconf 88' lang='lat' dir='ltr'>videri,</span> <span class='ocrx_word' id='word_1_445' title='bbox 1848 3984 1946 4031; x_wconf 77' lang='grc' dir='ltr'>διο.</span> 
     </span>
    </p>

    <p class='ocr_par' dir='ltr' id='par_1_27' title="bbox 1413 4054 2494 4428">
     <span class='ocr_line' id='line_1_73' title="bbox 1484 4054 2489 4126; baseline 0.005 -21"><span class='ocrx_word' id='word_1_446' title='bbox 1484 4054 1778 4105; x_wconf 82' lang='lat' dir='ltr'>Ordinatur</span> <span class='ocrx_word' id='word_1_447' title='bbox 1802 4056 1961 4106; x_wconf 85' lang='lat' dir='ltr'>etiam</span> <span class='ocrx_word' id='word_1_448' title='bbox 1987 4057 2049 4106; x_wconf 88' lang='lat' dir='ltr'>ad</span> <span class='ocrx_word' id='word_1_449' title='bbox 2088 4056 2489 4126; x_wconf 79' lang='lat' dir='ltr'>consequentia:</span> 
     </span>
     <span class='ocr_line' id='line_1_74' title="bbox 1419 4130 2492 4197; baseline 0.003 -17"><span class='ocrx_word' id='word_1_450' title='bbox 1419 4130 1825 4181; x_wconf 87' lang='lat' dir='ltr'>Pronuntiemus</span> <span class='ocrx_word' id='word_1_451' title='bbox 1872 4133 2007 4181; x_wconf 80' lang='lat' dir='ltr'>ultro</span> <span class='ocrx_word' id='word_1_452' title='bbox 2064 4132 2324 4182; x_wconf 88' lang='lat' dir='ltr'>domiuum</span> <span class='ocrx_word' id='word_1_453' title='bbox 2365 4133 2492 4197; x_wconf 76' lang='lat' dir='ltr'>jure</span> 
     </span>
     <span class='ocr_line' id='line_1_75' title="bbox 1418 4206 2494 4273; baseline 0.005 -16"><span class='ocrx_word' id='word_1_454' title='bbox 1418 4223 1610 4258; x_wconf 85' lang='lat' dir='ltr'>caesum</span> <span class='ocrx_word' id='word_1_455' title='bbox 1658 4209 1857 4268; x_wconf 89' lang='lat' dir='ltr'>videri;</span> <span class='ocrx_word' id='word_1_456' title='bbox 1914 4215 1968 4257; x_wconf 87' lang='lat' dir='ltr'>at</span> <span class='ocrx_word' id='word_1_457' title='bbox 2013 4206 2141 4257; x_wconf 89' lang='lat' dir='ltr'>libet</span> <span class='ocrx_word' id='word_1_458' title='bbox 2191 4221 2494 4273; x_wconf 66' lang='lat' dir='ltr'>argumenta</span> 
     </span>
     <span class='ocr_line' id='line_1_76' title="bbox 1414 4285 2489 4361; baseline 0.004 -25"><span class='ocrx_word' id='word_1_459' title='bbox 1414 4286 1719 4352; x_wconf 72' lang='lat' dir='ltr'>conquirere</span> <span class='ocrx_word' id='word_1_460' title='bbox 1742 4285 1794 4334; x_wconf 87' lang='lat' dir='ltr'>in</span> <span class='ocrx_word' id='word_1_461' title='bbox 1818 4299 1948 4351; x_wconf 81' lang='lat' dir='ltr'>rem,</span> <span class='ocrx_word' id='word_1_462' title='bbox 1964 4285 2111 4353; x_wconf 82' lang='lat' dir='ltr'>quasi</span> <span class='ocrx_word' id='word_1_463' title='bbox 2134 4292 2244 4340; x_wconf 87' lang='lat' dir='ltr'>tum</span> <span class='ocrx_word' id='word_1_464' title='bbox 2266 4288 2489 4361; x_wconf 58' lang='lat' dir='ltr'>primum</span> 
     </span>
     <span class='ocr_line' id='line_1_77' title="bbox 1413 4365 1901 4428; baseline -0.004 -14"><span class='ocrx_word' id='word_1_465' title='bbox 1413 4365 1779 4428; x_wconf 81' lang='lat' dir='ltr'>statueremus,</span> <span class='ocrx_word' id='word_1_466' title='bbox 1795 4365 1901 4415; x_wconf 62' lang='lat' dir='ltr'>occ.</span> 
     </span>
    </p>
   </div>
  </div>
 </body>
</html>
