3063 4952
1050 381 1462 433 summum
1512 380 1660 429 mu.
1712 378 1888 428 xm.
2396 366 2569 435 1401

334 537 661 605 aemulus:
706 537 774 599 et
821 530 1128 615 Augusto
1183 534 1484 615 promta¹
1526 547 1608 593 ac
1664 527 2021 610 profluenst,
2080 545 2233 610 quse
2299 525 2570 593 deceret

338 639 745 723 Principem,
777 635 1162 718 eloquentia
1200 633 1348 700 fuit.
1436 630 1749 695 Tiberius
1802 634 2009 693 artem
2054 647 2320 713 quoque
2369 630 2570 694 calle-

338 742 506 820 bat‚⁸
558 762 697 826 qua
743 741 949 807 verba
997 738 1422 823 expenderet,
1480 739 1623 798 tum
1686 731 1948 797 validus
2010 732 2365 811 sensibuS,²
2424 740 2568 801 aut⁸

345 846 651 915 consulto
684 843 1097 926 ambiguuS.¹¹
1185 841 1408 905 Etiam
1440 838 1520 904 C.
1555 836 1873 902 caesaris*
1917 836 2186 901 turbata
2213 854 2402 900 mens
2437 837 2573 904 vim

328 396 382 449 Jz
404 393 465 444 C.
490 391 604 456 δι]

348 1026 476 1077 ribus
495 1028 681 1091 ritulis,
720 1034 764 1076 ei
807 1027 906 1091 ipsi
929 1027 1144 1089 Augusto
1155 1025 1387 1087 facundia
1397 1025 1508 1087 fuit
1531 1024 1702 1084 facilis
1722 1040 1778 1073 ac
1813 1023 2064 1087 profluens,
2086 1026 2135 1071 et
2165 1038 2271 1086 quae
2291 1019 2573 1084 imperatori

345 1092 623 1147 conveniret.
696 1094 913 1142 Tiberius
950 1094 1094 1142 etiam
1136 1098 1288 1142 artem
1322 1097 1535 1153 noverat,
1571 1105 1662 1154 qua
1697 1089 1838 1139 verba
1866 1090 2168 1152 ponderaret,
2201 1094 2304 1138 tum
2321 1086 2576 1136 sententiis

348 1163 517 1209 sceret
538 1160 799 1225 vehemens,
817 1164 905 1209 aut
925 1159 1242 1209 deindusm'a
1277 1126 1536 1207 abemus.
1608 1156 1844 1218 Caligulae
1880 1169 2060 1219 quoque
2096 1158 2349 1204 commotus
2384 1153 2577 1203 unimus

1283 1298 1646 1321 θθθθθθθθθθθ

413 1390 443 1436 3
478 1387 565 1437 Ita
602 1388 882 1439 Rhenanus
918 1403 948 1437 e
988 1385 1093 1437 Ms.
1115 1386 1254 1437 Bud.
1286 1387 1425 1452 quod
1461 1382 1839 1436 recentioribus
1880 1380 2112 1433 omnibus
2148 1367 2442 1445 probatum.
2511 1379 2577 1430 In

351 1450 479 1503 Mss.
502 1454 679 1505 Vstic.
702 1453 874 1505 Oxou.
898 1452 1076 1504 Guelf.
1099 1460 1156 1503 et
1177 1405 1492 1503 editionibus
1517 1450 1801 1513 veteribus,
1835 1463 1909 1498 ac.
1977 1447 2094 1498 Nec
2118 1447 2192 1496 ita
2214 1446 2577 1512 spernendum.

1352 1637 1574 1689 NOTAE

355 1771 485 1819 rum,
526 1755 617 1821 qui
655 1757 779 1805 nihil
823 1755 966 1808 aliud
1005 1755 1264 1819 egerunt?
1309 1754 1423 1820 quis
1501 1759 1562 1805 ut
1587 1752 1852 1819 aliquanto
1871 1766 1938 1803 ex
1955 1758 2430 1816 tempore,quams
2449 1764 2579 1800 cura

354 1834 626 1885 sententiis
644 1841 733 1884 aut
751 1836 954 1885 acutior
976 1841 1067 1884 ιιιιι
1084 1831 1422 1898 elegantior?
1505 1831 1840 1897 praestantior
1878 1828 2189 1880 haberetur!
2256 1829 2406 1878 Idem
2427 1829 2579 1879 Suet.

356 1916 453 1963 &tc-
515 1912 533 1939 ‘
579 1912 947 1962 Pronuntissse
1003 1916 1180 1962 autem
1238 1909 1426 1960 dicitur
1504 1907 1641 1973 Aug.
1682 1912 1764 1958 86.

356 2003 479 2039 voce
517 1996 693 2052 scuta,
730 1989 937 2038 ardenti
973 1996 1134 2052 motu,
1169 1994 1424 2053 gestuque

354 2080 456 2115 non
497 2066 608 2117 sine
650 2072 943 2117 venustate.
1013 2066 1291 2116 Orationes
1334 2065 1426 2116 eli-

357 2159 484 2209 quas
508 2142 752 2209 reliquit,’
774 2147 873 2195 διο.

420 2227 442 2252 ¹
471 2222 694 2283 Augusto
740 2222 954 2285 promea]
1019 2222 1108 2273 Sic
1151 2222 1295 2273 Suet.
1341 2226 1425 2273 86.

355 2297 566 2347 ‘Genus
582 2298 857 2362 eloquendi
879 2306 1089 2349 secutus
1113 2308 1194 2349 est
1217 2299 1426 2363 elegans

358 2380 412 2425 et
436 2380 784 2438 temperatum
802 2391 818 2424 z
853 2374 1032 2427 vitatis
1055 2376 1429 2426 sententiarum

355 2451 587 2516 ineptiis,
610 2458 765 2518 atque
803 2452 1239 2518 inconcinnitate,
1259 2460 1317 2505 et
1351 2468 1430 2505 re-

356 2529 687 2582 conditorum
723 2531 1020 2595 verborum,
1051 2538 1112 2581 ut
1147 2532 1262 2596 ipse
1282 2532 1434 2595 dicit,

356 2604 667 2668 foetoribus3
751 2607 1179 2673 praecipuamque
1253 2622 1434 2659 curam

358 2683 531 2748 duxit,
542 2697 749 2733 sensum
764 2684 922 2734 animi
936 2699 1088 2750 quam
1108 2686 1433 2750 apertissime

362 2759 697 2823 exprimere-⁹

428 2838 500 2888 Et
520 2837 621 2888 hoc
645 2846 725 2888 est
747 2840 1059 2906 eloquentiae
1096 2854 1257 2906 genus
1293 2839 1432 2907 quod

363 2915 656 2980 principem
678 2917 868 2967 deceat
897 2925 953 2968 et
989 2926 1193 2982 patrem
1231 2918 1432 2983 patriae.

366 2992 487 3054 Nec
518 2993 620 3042 ebs
656 3008 714 3043 re
745 2994 928 3044 irridet
962 2996 1274 3046 Maecenatis
1297 3013 1433 3060 μυρο-

367 3072 560 3133 βρεχεῖε
603 3072 887 3136 cincinnos,
931 3080 988 3122 et
1021 3074 1253 3137 exagitat
1284 3074 1439 3123 Tibe·

368 3148 503 3198 rium
557 3146 798 3215 ambigue
854 3147 1137 3215 dicentem,
1181 3160 1237 3202 et
1280 3150 1442 3202 Anto-

371 3225 533 3289 nium,
555 3228 581 3284 ‘‚
595 3242 660 3277 ea
692 3230 1005 3280 scribentem
1036 3247 1153 3295 quae
1190 3231 1444 3281 mirentur

372 3303 549 3366 potius
571 3304 821 3368 homines,
844 3322 997 3369 quam
1020 3307 1355 3371 intelligant.’

442 3380 646 3430 Promta
684 3398 741 3431 ac
778 3382 1040 3447 profluens]
1099 3383 1290 3433 Facilis
1342 3382 1446 3434 fuit
1476 3381 1481 3386 ⁵

373 3456 672 3522 eloquentia
720 3458 964 3523 Augusti,
1010 3468 1066 3509 et
1112 3476 1230 3526 quae
1281 3460 1444 3511 libere

377 3536 694 3602 proflueret:
750 3548 811 3592 ut
856 3544 946 3606 qui
987 3558 1107 3592 non·
1131 3544 1449 3607 ponderaret

372 3621 469 3665 ιιι
512 3616 837 3679 expenderet
876 3620 1052 3682 verba,
1092 3629 1152 3670 ιιι
1187 3621 1447 3684 Tiberius,

370 3707 555 3757 neque
567 3703 782 3758 cogeret
813 3697 867 3745 in
889 3698 1266 3749 obscuritatem
1289 3698 1449 3751 affec—

372 3775 563 3832 tatam,
578 3777 637 3819 ut
662 3771 739 3820 M.
763 3772 1041 3825 Antonius.

448 3854 465 3882 ⁸
525 3847 743 3897 Tiberius
794 3856 946 3901 artem
997 3869 1176 3917 quoque
1226 3854 1450 3918 callebat]

379 3923 526 3974 Suet.
542 3925 656 3977 Tib.
674 3930 755 3977 70.
792 3929 806 3955 ‘
832 3928 990 3978 Artes
1006 3931 1245 3981 liberales
1263 3933 1453 3982 utrius·

379 4014 483 4063 que
507 4002 711 4063 generis
733 4005 1105 4056 studiosissime
1136 4008 1317 4058 coluit.
1387 4009 1449 4056 ln

376 4076 618 4127 oratione
635 4078 827 4129 Latina
844 4090 1049 4131 secutus
1068 4090 1151 4133 est
1166 4084 1451 4134 Corvinum

371 4153 701 4218 ‚Messallam
742 4171 895 4221 quem
941 4173 1117 4209 senem
1151 4161 1454 4212 adolescens

373 4230 795 4295 observaverau
851 4235 942 4284 sed
995 4234 1332 4287 affectatione
1398 4243 1455 4287 et

369 4308 689 4367 morositate
711 4309 863 4364 nimis
888 4312 1203 4366 obscurabat
1212 4316 1453 4384 mstylum

1820 1910 1835 1936 ‘
1868 1908 1974 1958 Sed
2018 1921 2114 1958 nec
2152 1907 2360 1957 Tiberio
2405 1905 2580 1972 parcit

1506 1984 1826 2053 (Augustus)
1860 1990 1918 2035 et
1955 1986 2188 2034 exoletas
2221 1984 2502 2047 interdum,
2526 1989 2584 2034 et

1506 2064 1802 2115 reconditas
1824 2077 1979 2112 voces
2000 2060 2317 2125 aucupanti?

1578 2144 1595 2175 ⁸
1625 2144 1746 2193 Tum
1766 2142 1951 2191 validus
1966 2139 2201 2201 sensibus]
2236 2140 2443 2202 Nempe
2461 2151 2581 2187 cum

1510 2222 1672 2273 verba
1715 2220 2039 2285 expenderet
2101 2233 2193 2268 seu
2246 2216 2588 2281 ponderaret,

1510 2306 1621 2350 tum
1655 2304 1747 2348 aut
1770 2297 1975 2348 validus
1996 2296 2251 2355 sensibus,
2274 2293 2326 2343 id
2348 2299 2448 2356 est,
2469 2308 2561 2344 sen

1509 2377 1687 2429 tentiis
1728 2391 1851 2426 acer
1889 2380 1947 2425 et
1983 2373 2298 2434 vehemens3
2332 2376 2427 2422 eut
2465 2384 2587 2421 con-

1513 2457 1653 2510 sulto
1675 2455 1966 2519 ambiguus,
1989 2452 2042 2503 id
2062 2459 2162 2515 est,
2177 2449 2445 2500 meditatis
2469 2463 2586 2499 ver·

1515 2537 1614 2600 bis,
1634 2541 1691 2586 et
1715 2535 1790 2585 sic
1814 2533 1971 2583 dubio
2010 2539 2167 2596 atque
2202 2530 2443 2594 ambiguo
2480 2543 2587 2579 ser»

1512 2628 1666 2665 mone
1689 2613 1757 2662 de
1797 2610 2055 2661 industria
2089 2613 2316 2658 mentem
2344 2620 2486 2656 suam
2510 2612 2588 2655 te·-

1514 2705 1662 2756 gens,
1683 2688 2008 2740 abstrudens.

1579 2777 1605 2803 ⁸¹
1651 2769 1757 2818 Aut
1794 2766 1999 2818 consulto
2036 2761 2304 2826 ambiguus]
2356 2761 2442 2813 Sic
2485 2760 2524 2810 1.
2547 2774 2590 2811 ι.

1511 2847 1527 2875 ‘
1550 2846 1867 2910 Tiberioque
1891 2844 2049 2893 etiam
2071 2840 2125 2889 in
2148 2839 2464 2904 rebus‚quas
2485 2851 2591 2887 non

1518 2926 1807 2985 occuleret,
1846 2937 1937 2973 seu
1984 2926 2172 2970 natura
2211 2918 2322 2967 sive
2360 2907 2593 2966 assuetu-

1519 3004 1664 3067 dine,
1706 3014 1961 3066 suspensa
2015 3011 2221 3060 semper
2275 3005 2328 3046 et
2373 2995 2596 3045 obscura

1521 3081 1716 3130 verba:
1756 3088 1882 3129 tunc
1919 3091 2042 3125 vero
2073 3075 2283 3136 nitenti,
2313 3081 2372 3124 ut
2410 3086 2593 3123 sensus

1522 3174 1646 3208 suos
1681 3156 1889 3221 penitus
1912 3154 2153 3213 abderet,
2175 3153 2224 3200 in
2249 3153 2503 3201 incertum
2540 3154 2597 3198 et

1527 3236 1824 3298 ambiguum
1848 3232 2009 3294 magis
2032 3225 2464 3293 implicabantur-⁹

1587 3310 1881 3374 Ambigatus]
1914 3309 2201 3367 Obscurus,
2221 3308 2296 3355 ita
2327 3311 2386 3354 ut
2420 3305 2474 3353 in
2508 3317 2598 3352 va-

1525 3390 1630 3440 rios
1654 3397 1709 3438 et
1733 3389 1965 3436 diversos
1988 3398 2167 3433 sensus
2199 3382 2316 3445 capi
2349 3378 2599 3445 flectique

1527 3473 1708 3531 posset
1728 3465 1865 3515 illius
1887 3463 2088 3512 oratio:
2127 3461 2178 3509 in
2196 3460 2403 3509 actione
2420 3465 2477 3508 et
2491 3471 2600 3507 ser·

1527 3558 1682 3594 moue
1703 3542 1859 3603 omni,
1882 3540 2153 3603 praecipua
2185 3553 2312 3587 cura
2345 3536 2601 3598 incubuit,

1528 3635 1594 3671 ne
1619 3621 1747 3670 satis
1765 3618 2178 3680 intelligeretur;
2209 3615 2400 3678 illeque
2416 3621 2603 3663 natura

1534 3701 1618 3750 vel
1657 3707 1790 3756 arte,
1833 3698 1918 3747 vel
1960 3697 2197 3759 utrisque
2238 3694 2410 3757 simul,
2448 3693 2505 3742 in
2545 3691 2601 3744 id

1529 3792 1723 3843 pronus
1741 3776 1862 3826 fuit.

1596 3864 1618 3890 '
1676 3858 1734 3905 G.
1784 3852 2011 3916 cmm-is]
2068 3850 2172 3905 Qui
2221 3852 2377 3901 etiam
2442 3848 2604 3899 libros

1531 3933 1745 3998 scripsit
1767 3933 1833 3982 de
1858 3937 1973 3981 arte
1996 3929 2222 3991 dicendi,
2252 3936 2327 3977 ut·
2348 3927 2462 3976 vult
2495 3925 2607 3976 Sui·

1534 4013 1660 4063 das:
1709 4013 1726 4039 ⁴
1751 4011 1906 4061 Caius
1947 4010 2144 4069 Caesar,
2190 4005 2276 4070 qui
2314 4004 2605 4067 appellatus

1535 4103 1618 4142 est
1641 4092 1893 4155 caligula,
1915 4090 1982 4139 de
2005 4095 2118 4137 arte
2142 4084 2364 4134 oratoris
2394 4081 2609 4147 scripsit

1540 4171 1771 4218 Romano
1790 4179 2062 4217 sermone:
2065 4163 2264 4228 'quem
2285 4167 2461 4211 tamen
2477 4165 2609 4224 puto

1538 4260 1639 4310 ego
1678 4243 1830 4306 falli3
1864 4255 2059 4307 eosque
2093 4237 2395 4290 Germanici
2427 4235 2607 4289 fuisse·

1524 4322 1752 4389 firma
