3063 4952
1256 402 1322 450 c.
1368 402 1728 452 commui
1776 384 2031 451 ‘racrri

566 384 745 457 1⁷88

568 556 690 617 tua
717 546 1110 627 moderatio,
1150 549 1210 613 si
1252 547 1615 613 reddideris
1647 549 2030 632 pecuniam3
2074 565 2200 613 nec
2250 549 2465 634 quies,
2516 552 2578 615 si
2621 552 2771 616 reli-

570 654 790 738 queris
821 651 1239 735 Principem3
1283 650 1399 714 sed
1442 669 1598 715 mea
1623 650 1958 727 avaritia‚¹²
1985 668 2152 714 meae
2182 650 2602 716 crudelitatis
2632 673 2771 717 me-

567 760 681 820 tus
708 758 777 819 in
808 774 917 818 ore
944 755 1238 818 omnium
1265 754 1660 819 versabitur.
1751 750 1953 830 Quod
1977 753 2036 816 si
2061 754 2350 816 maxime
2371 744 2776 820 continentia

569 864 689 924 tua
714 859 1035 934 laudetur,
1062 875 1196 919 non
1226 862 1443 920 tamen
1472 856 1758 939 sapienti
1804 856 1950 925 viro
1999 853 2307 920 decorum
2353 855 2572 935 fuerit,
2601 855 2774 922 unde

573 960 790 1026 amico
841 960 1173 1037 infamiam
1218 965 1425 1044 paret,
1427 967 1452 1007 ⁷
1499 958 1650 1022 inde
1699 959 1975 1043 gloriam
2026 958 2160 1022 sibi
2202 957 2545 1043 recipere?
2636 959 2772 1024 His

571 1061 805 1148 adjicit
848 1063 1275 1146 complexum
1303 1066 1371 1126 et
1399 1062 1684 1139 oscula,
1727 1061 1970 1126 factus⁸
2021 1067 2257 1125 natura
2305 1066 2369 1124 et
2413 1066 2774 1126 consuetu-

570 1165 719 1230 dine
746 1167 1103 1243 exercituS,
1132 1164 1352 1229 velare
1382 1163 1608 1228 odium
1636 1163 1990 1229 fallacibus
2014 1163 2380 1230 blanditiis,
2386 1171 2424 1198 '⁷
2511 1164 2775 1230 Seneca

569 1265 718 1353 (qui
763 1266 946 1330 finis*
1000 1268 1294 1331 omnium
1341 1285 1493 1329 cum
1551 1264 1955 1332 dominante⁹
2005 1264 2466 1351 sermonum)¹0
2521 1275 2774 1350 grates&

2451 407 2546 474 [A.
2567 410 2634 462 Π.
2654 410 2770 462 am.

569 1415 798 1468 curatius
812 1416 1109 1467 moderaris.
1145 1417 1194 1466 N
1200 1432 1263 1465 on
1284 1422 1374 1466 tna
1388 1417 1659 1480 modestia,
1672 1420 1716 1468 si
1735 1418 2023 1469 restitueris
2037 1433 2192 1481 opes3
2209 1433 2308 1467 nec
2319 1417 2502 1479 otium,
2521 1417 2564 1467 si
2585 1417 2778 1469 disces-

570 1483 695 1533 seris
710 1497 740 1532 a
758 1483 993 1544 Caesare;
1013 1482 1102 1531 sed
1119 1497 1232 1531 mea
1230 1482 1522 1559 cupiditas,
1536 1498 1665 1533 meae
1680 1484 1892 1533 saevitioe
1907 1482 2146 1547 formido,
2159 1484 2379 1533 omnium
2400 1498 2640 1533 sermone
2652 1499 2777 1533 exa-

569 1547 834 1625 gitabitur.
866 1549 1018 1600 Quod
1042 1547 1084 1596 si
1111 1546 1330 1596 maxime
1353 1548 1651 1597 celebretur
1672 1548 1990 1598 abstinentia
2013 1556 2121 1609 tua,
2142 1562 2241 1598 non
2268 1556 2437 1597 tamen
2458 1548 2774 1611 prudentem

565 1613 732 1662 virum
757 1612 959 1676 deceat,
979 1613 1096 1662 inde
1118 1613 1278 1661 decus
1303 1612 1401 1660 sibi
1425 1627 1674 1675 asserere,
1695 1613 1831 1663 unde
1853 1614 2017 1662 amico
2037 1613 2266 1663 dedecus
2290 1620 2456 1689 parat.
2513 1613 2617 1661 His
2636 1615 2774 1664 addit

564 1676 838 1736 blanditias,
858 1683 906 1727 et
927 1679 1101 1739 oscula,
1119 1679 1355 1726 exereitus
1388 1678 1580 1739 ingenio
1600 1684 1647 1727 et
1668 1679 1834 1727 habitu
1857 1680 2092 1727 occultare
2128 1678 2404 1727 inimicitias
2437 1677 2687 1727 insidiosis
2717 1695 2774 1729 ae

564 1741 769 1793 subdolis
798 1742 1144 1793 blandimentis.
1209 1742 1405 1805 Seneca,
1426 1743 1541 1805 (qur
1530 1742 1675 1808 fluis
1694 1752 1775 1794 est
1794 1744 2004 1794 omium
2022 1757 2130 1793 cam
2145 1743 2361 1808 principe
2386 1743 2774 1809 colloquiorum)

1488 1868 1523 1886 O.
1525 1866 1664 1886 “O“
1667 1866 1723 1886 00
1756 1866 1843 1886 000

566 1949 726 2002 nabat
751 1950 998 2014 Faernus,
1017 1951 1249 2001 innatam.
1252 1956 1347 2002 -7
1382 1951 1468 2001 Sic
1492 1952 1622 2001 Mss.
1646 1952 1782 2003 Flor.
1809 1951 1937 2017 Agr.
1960 1953 2193 2017 Ryckius
2214 1959 2271 2003 et
2306 1951 2640 2003 recentiores.
2703 1950 2772 2003 In

567 2015 674 2065 Ms.
698 2016 827 2080 Reg.
851 2024 907 2066 et
928 1986 1240 2066 editionibus
1266 2017 1550 2077 veteribus,
1568 2018 1718 2080 parit.
1784 2018 1847 2067 In
1871 2017 2603 2070 Mss.Bod1.Jes.Gue1f.et
2639 2018 2774 2068 Rhe-

564 2090 750 2141 nanus,
770 2086 927 2144 parat.
930 2085 1026 2130 -8
1060 2081 1121 2130 In
1162 2082 1289 2132 Mss.
1329 2082 1480 2132 Harl.
1522 2052 1675 2132 1'30d1.
1716 2082 1829 2134 Jes.
1869 2083 2002 2147 Reg.
2044 2092 2099 2134 et
2137 2082 2448 2133 editionibus
2486 2083 2774 2146 veteribus,

554 2143 761 2204 facetus.
762 2150 861 2195 ——9
885 2146 1009 2195 Mss.
1033 2146 1183 2196 Harl.
1210 2146 1360 2197 Bodl.
1376 2148 1487 2199 Jes.
1508 2148 1843 2201 dominatione.
1844 2154 1972 2199 —10
1995 2147 2276 2199 Semnonum
2284 2147 2483 2199 abesta
2505 2148 2615 2197 Ms.
2641 2149 2774 2213 Reg.

511 2249 525 2256 -
568 2214 624 2259 et
645 2210 873 2260 editione
897 2211 1150 2276 principe.

1554 2326 1766 2378 NOTAE

566 2448 575 2463 ›
606 2424 975 2491 romamque]
1070 2426 1278 2492 Nempe
1330 2425 1623 2491 juventam,

563 2517 715 2567 quam
771 2503 1042 2560 instituisti
1098 2510 1156 2554 et
1207 2504 1398 2554 ornasti
1457 2504 1626 2569 initio,

562 2579 778 2629 eandem
798 2581 928 2631 banc
957 2582 1232 2646 juventam
1257 2595 1393 2631 nunc
1427 2581 1623 2645 impen-

563 2655 667 2708 sius
703 2658 859 2721 regis,
890 2664 943 2708 et
977 2674 1130 2724 quam
1165 2657 1444 2722 praeceptis
1476 2672 1624 2709 orna·

562 2747 666 2796 ras,
705 2747 841 2783 nunc
886 2734 1086 2783 ratione
1129 2732 1511 2798 prudentiaque
1565 2739 1623 2783 et

563 2809 790 2862 consiliis
811 2808 976 2859 foves.

626 2891 651 2917 ⁸¹
683 2886 800 2935 Meo
830 2887 1060 2950 αυιινίιία]
1122 2887 1211 2937 Sic
1233 2888 1267 2937 1.
1293 2901 1369 2939 vr.
1407 2886 1503 2936 sub
1531 2887 1621 2936 Ti-

562 2959 726 3023 berio,
749 2977 864 3012 cum
886 2963 1018 3012 ultro
1041 2964 1220 3014 Nerva
1242 2965 1257 2992 ‘
1274 2964 1438 3014 omnis
1455 2962 1620 3012 divini

557 3033 867 3105 humanique
876 3041 1009 3103 juris
1032 3041 1222 3101 sciens,
1245 3044 1345 3091 διο.
1369 3040 1621 3091 moriendi

560 3114 829 3163 consilium
869 3116 1026 3178 cepit.
1110 3116 1262 3168 Quod
1307 3124 1366 3167 nt
1408 3116 1619 3166 Tiberio
1658 3128 1665 3132 ·

559 3189 840 3254 cognitum,
864 3191 1109 3253 assidere,
1132 3207 1312 3243 causas
1336 3193 1621 3259 requirere,

560 3267 752 3334 addere
775 3283 976 3333 preces,
994 3267 1144 3318 fateri
1165 3261 1443 3334 postremo,
1464 3284 1620 3334 grave

560 3345 909 3409 conscientiae,
921 3361 1078 3409 grave
1088 3345 1238 3397 famae
1253 3361 1379 3408 suae,
1391 3346 1435 3395 si
1452 3346 1622 3410 proxi·

557 3438 671 3473 mus
686 3424 982 3487 amicorum,
991 3425 1143 3475 nullis
1152 3424 1405 3476 moriendi
1418 3425 1624 3474 rationi·

556 3500 670 3563 bus,
685 3501 841 3550 vitam
856 3500 1100 3565 fugeret!
1134 3503 1252 3552 Hoc
1271 3502 1408 3551 idem
1422 3502 1623 3552 Seneca

488 3625 493 3634 ,
556 3578 876 3643 exprobrare
909 3578 1072 3628 tacite
1108 3579 1305 3628 Neroni
1329 3577 1619 3641 videbatur,

557 3653 646 3717 qui
653 3668 771 3704 mox
783 3654 986 3703 tandem
996 3669 1050 3703 se
1059 3669 1122 3705 ex
1135 3655 1248 3705 aula
1257 3663 1313 3706 et
1324 3653 1449 3704 urbe
1459 3654 1619 3718 prori-

557 3731 754 3796 puit‚ne
765 3733 1044 3796 sacrilegiis
1054 3734 1618 3785 Neronisconsentiret.

564 3863 565 3866 Ἴ
617 3813 642 3839 ’
671 3807 861 3867 Διϋίοἰι
880 3810 1167 3872 complexum
1188 3814 1235 3859 et
1255 3810 1433 3874 osenla]
1473 3811 1617 3861 Suet.

456 3931 463 3936 .
556 3877 688 3946 Ner.
710 3890 791 3936 35.
824 3884 1105 3936 ‘Senecam
1137 3894 1514 3951 preceptorem
1548 3886 1616 3937 ad

552 3977 736 4014 necem
760 3962 1039 4027 compulit:
1063 3965 1295 4029 quamvis
1317 3978 1458 4028 saepe
1481 3978 1618 4014 com-

553 4048 779 4094 meatum
822 4040 1043 4105 petenti,
1092 4040 1343 4105 bonisque
1390 4040 1617 4102 cedenti,

554 4122 844 4179 persancte
880 4117 1128 4180 jurasset,
1193 4122 1503 4181 suspectum*
1559 4129 1617 4166 se

553 4188 768 4256 frustra,
804 4191 1193 4257 periturumque
1234 4191 1428 4256 potius,
1462 4204 1618 4256 quam

553 4267 847 4320 nociturum
868 4268 951 4321 ei.'
1037 4270 1119 4342 En
1158 4268 1375 4332 fallaces
1392 4303 1397 4306 -
1415 4268 1617 4323 blandi·

1703 2430 1996 2476 mentorum
2019 2431 2159 2475 artes
2181 2425 2401 2491 promit;
2428 2421 2648 2489 sed-quo
2668 2436 2772 2472 ma-

1703 2505 1780 2568 gis
1821 2505 1987 2569 jurat,
2031 2517 2094 2554 eo
2144 2504 2311 2553 minus
2366 2499 2512 2552 credi
2567 2500 2773 2565 debuit,

1701 2580 1861 2631 Pueri
1884 2580 2170 2644 astragalis,
2206 2579 2305 2630 viri
2341 2577 2516 2628 verbis
2554 2576 2770 2641 capiun-

1703 2663 1820 2707 tur:
1846 2658 1933 2707 vix
1956 2664 2127 2707 tamen
2150 2656 2310 2707 dabat
2329 2655 2468 2706 verba
2487 2653 2608 2704 seni.
2662 2651 2768 2703 Sed

1701 2734 1969 2785 blanditiae
2024 2732 2333 2784 dominantis
2396 2746 2493 2796 pro
2547 2728 2769 2794 imperio

1702 2809 1869 2861 fuere.
1952 2809 2090 2863 Quid
2135 2809 2329 2860 faciat?
2362 2809 2404 2857 si
2444 2806 2622 2857 credit
2663 2805 2767 2855 Ne·

1701 2889 1833 2953 roni,
1877 2888 2032 2937 miser
2075 2893 2187 2948 est3
2248 2885 2288 2935 si
2329 2898 2431 2935 non
2473 2881 2670 2947 credit,
2712 2888 2767 2932 et

1699 2964 1948 3027 erumpit,
1964 2962 2199 3012 miserior
2220 2961 2340 3011 erit.

1763 3050 1795 3075 '¹
1829 3042 2097 3093 Fallacibas
2127 3038 2396 3102 blanditiis]
2460 3038 2667 3090 Multas
2695 3037 2769 3087 ibi

1700 3121 1915 3171 Senecae
1938 3119 2118 3169 laudes
2148 3116 2426 3182 congessit,
2466 3122 2529 3165 nt
2563 3114 2767 3164 facilius

1700 3212 1876 3248 senem
1896 3197 2163 3261 deciperet
2182 3209 2273 3244 suo
2294 3194 2407 3243 loco
2424 3198 2479 3241 et
2497 3198 2766 3256 tempore:

1701 3279 1847 3324 certe
1880 3273 2129 3337 pessimam
2161 3270 2459 3333 &micorum
2480 3282 2639 3330 genus
2671 3267 2767 3316 loa-

1700 3352 1880 3400 dantes.
1963 3350 2047 3397 De
2088 3346 2277 3398 talibus
2319 3344 2455 3395 Pliu.
2496 3345 2765 3408 Panegyr-

1698 3427 1950 3477 ‘Nullum
1992 3432 2104 3475 tam*
2140 3422 2355 3473 infidum
2396 3434 2561 3482 mare,
2614 3433 2765 3484 quam

1700 3511 1821 3554 suut
1873 3502 2140 3552 blanditiae
2187 3499 2480 3566 principum
2529 3497 2766 3558 istorum,

1701 3581 1884 3647 quibus
1919 3587 2068 3630 tanta
2104 3576 2265 3641 frans,
2300 3582 2362 3626 ut
2396 3572 2605 3624 facilius
2632 3578 2767 3623 esset

1693 3658 1853 3708 iratos
1873 3671 2026 3723 quam
2049 3654 2359 3720 propitiatos
2381 3649 2612 3714 babere.’

1759 3741 1787 3768 ¹
1821 3734 1920 3792 Quo·
1938 3733 2088 3800 finis]
2151 3732 2331 3781 Talem
2371 3728 2565 3794 qnippe
2609 3725 2762 3776 finem

1675 3803 1966 3876 ‘imponunt
1990 3825 2083 3861 suo
2105 3808 2345 3868 sermoni,
2367 3806 2456 3871 qui
2476 3819 2599 3854 cum
2623 3804 2761 3868 prin-

1697 3890 1815 3953 cipe
1844 3889 2226 3953 colloquuntur,
2257 3890 2320 3933 ut
2357 3880 2556 3932 ultimis
2590 3879 2762 3930 verbis

1696 3966 1745 4014 ei
1768 3979 1918 4014 omne
1951 3963 2271 4028 obsequium,
2301 3966 2356 4009 et
2379 3973 2436 4007 se
2457 3971 2579 4007 cum
2599 3957 2761 4006 multo

1694 4043 1884 4092 honore
1919 4041 2231 4101 devoveant,
2266 4051 2327 4087 ac
2362 4043 2536 4100 grates
2570 4041 2758 4098 agant:

1696 4124 1753 4169 et
1791 4126 1900 4167 tum
1944 4132 2002 4166 se
2043 4118 2229 4166 devotos
2266 4110 2489 4177 principi
2529 4110 2760 4176 appens-

1697 4200 1838 4255 runt,
1858 4192 1998 4243 forte
2011 4194 2122 4257 jam
2145 4191 2211 4240 ab
2234 4189 2485 4254 Augusto.
2595 4185 2598 4186 ⁷

1723 4274 1781 4336 ‚y
1796 4322 1801 4328 ,
1817 4267 2022 4332 Grates]
2089 4267 2266 4318 Graece
2284 4273 2341 4317 et
2360 4266 2498 4316 decus
2530 4262 2645 4316 fere
2664 4273 2756 4329 pro
