3063 4952
536 398 711 477 1900‘
1207 426 1275 477 ο.
1323 410 1690 476 CORNELH
1739 412 1999 477 uerri
2040 411 2049 423 '
2402 422 2589 499 [Assu.
2623 428 2743 490 sin

536 568 834 636 delectus
879 577 1148 650 esset,²¹
1172 573 1261 637 ob
1299 574 1686 638 memoriam
1730 558 2008 638 laetiori's
2055 559 2184 638 sibi
2227 573 2346 653 rei,
2377 594 2508 642 non
2552 564 2653 643 e'st
2696 595 2740 642 a

538 674 931 741 Corbulone³
957 675 1227 753 vitatuS‚
1257 680 1331 740 ut
1361 676 1834 741 dissimilitudo
1875 676 2161 742 fortunae
2210 676 2493 760 gloriam
2536 698 2738 762 auge-

532 780 684 840 ret.y
770 774 1012 860 Neque
1058 776 1329 842 infamia
1357 777 1534 843 Paeti
1566 780 1925 862 angebatur
1945 787 1995 846 :4
2015 787 2040 813 ⁸
2082 778 2261 863 quod
2316 800 2399 844 eo
2445 780 2748 845 maxime·

534 946 691 1010 Peto,
710 952 802 996 non
825 947 877 995 id
899 949 1130 998 recusavit
1158 949 1375 1013 Corbulo,
1395 950 1453 1000 ob
1472 953 1669 1016 speciest
1688 955 1977 1003 secundioris
2009 955 2103 1004 sibi
2125 944 2361 1017 sortiente,
2380 960 2434 1004 ut
2474 954 2743 1004 mutatione-

530 1013 690 1061 rer-m
708 1013 846 1061 decu
864 1013 1143 1065 intenderet.
1209 1016 1375 1079 Neque
1398 1017 1514 1067 ideo
1535 1020 1797 1080 ignominia
1818 1020 1948 1070 Poeti
1975 1019 2257 1084 augebatur,
2279 1023 2401 1084 quod
2431 1030 2496 1071 ex
2528 1036 2583 1070 eo
2608 1035 2737 1085 proe·

1452 1146 1807 1166 ΟΟΟΟΟΟΟΟΟΟΟ

529 1255 771 1303 nmmum,
792 1247 875 1290 aut
895 1242 1058 1305 quibus
1072 1244 1373 1307 proefectnris
1394 1245 1610 1295 inducias
1637 1246 1782 1309 petit.
1832 1247 2163 1297 Breuem—2
2194 1246 2280 1296 Sic
2315 1247 2450 1296 bene
2490 1247 2735 1298 Puteola-

529 1321 645 1355 nus.
712 1306 997 1371 Perperam
1019 1310 1148 1357 Mss.
1176 1311 1308 1373 Reg.
1333 1310 1486 1360 Corb.
1506 1318 1560 1360 et
1584 1312 1742 1361 editio
1777 1313 2039 1376 princeps„
2060 1329 2167 1361 cum
2189 1312 2401 1361 barbaris
2420 1314 2628 1362 delectus
2643 1318 2732 1362 est.

529 1369 757 1420 Brotier.
823 1379 923 1421 tum
947 1409 959 1423 .
982 1409 994 1420 .
1016 1408 1029 1422 .
1051 1408 1065 1421 .
1083 1376 1287 1423 delectus
1321 1380 1393 1424 est
1414 1376 1709 1426 Gronovius
1749 1378 1858 1426 vult
1877 1381 1990 1437 343
2024 1384 2081 1427 et
2115 1377 2322 1437 deinde,
2348 1377 2608 1426 Corbuloni
2637 1383 2745 1427 non*

526 1437 818 1485 vitatum—4
852 1438 937 1487 Sic
963 1439 1097 1488 bene
1121 1441 1413 1490 Rhenanus.
1480 1440 1544 1489 Iu
1568 1442 1698 1492 Mss.
1721 1449 1776 1492 et
1802 1441 2064 1491 veteribus
2095 1442 2427 1505 editionibus,
2448 1443 2729 1505 angebatur.

527 1499 625 1550 Vir
659 1501 890 1552 eruditus
930 1503 984 1552 in
1025 1503 1252 1555 editione
1276 1505 1519 1571 Giyphii,
1543 1521 1625 1556 an.
1665 1511 1810 1558 15433
1834 1507 2148 1574 corrigebat,
2185 1508 2434 1571 agebatur.
2494 1508 2726 1560 Brotier·

1523 1652 1738 1703 NOTAE

588 1766 615 1793 ¹
651 1762 771 1812 Cum
790 1780 820 1813 a
843 1765 1056 1816 barbaris
1074 1769 1279 1819 delectus
1298 1768 1440 1833 esset]
1473 1770 1582 1819 Dio
1663 1770 1750 1833 sit,
1774 1769 1894 1819 cum'
1913 1769 2015 1821 isto
2032 1768 2192 1821 tertio
2213 1768 2496 1835 bello,⁴quo
2513 1767 2725 1819 tandem

522 1838 559 1889 l.
582 1852 719 1891 an.
738 1845 754 1870 ‘
780 1843 842 1892 In
881 1846 1077 1909 oppido
1112 1846 1364 1898 Rhandea
1398 1863 1584 1899 conve·
1665 1860 1767 1911 pax
1792 1846 1924 1897 inita
1947 1856 2046 1898 est·
2291 1864 2297 1871 ·

522 1929 648 1965 nere
685 1919 910 1970 Corbulo
950 1931 1007 1972 et
1050 1924 1325 1990 Tiridates,
1367 1926 1500 1992 quod
1537 1926 1582 1975 is
1726 1924 1798 1973 Et
1822 1923 1937 1988 quis
1959 1923 2546 1988 credat,regemregnm
2563 1923 2729 1973 venis·

520 1992 666 2043 locus
684 1996 932 2048 ambobus
957 2000 1256 2067 placuisset,
1269 2004 1407 2063 huic,
1427 2019 1583 2070 prop·
1664 2016 1720 2051 se
1757 2002 1821 2051 ad
1846 2002 2189 2053 Corbulonem
2211 2003 2400 2053 ducem
2423 2003 2444 2052 ἓ
2472 2003 2745 2069 quasive··

521 2077 670 2121 terea
708 2075 843 2137 quod
889 2075 1008 2125 istic
1054 2077 1331 2145 intercepti
1358 2082 1580 2132 Romani

518 2159 616 2209 per
651 2153 1072 2214 compositionem
1109 2156 1301 2207 dimissi
1340 2157 1580 2223 fuissent,

519 2223 584 2273 ad
623 2228 1001 2280 ostendendum
1039 2232 1147 2283 illic
1170 2234 1224 2283 id
1253 2235 1578 2301 beneficium,

515 2301 653 2364 quod
691 2317 721 2350 a
744 2304 954 2354 Parthis
985 2309 1343 2373 accepissent:
1379 2312 1575 2362 Corbu·

515 2376 644 2440 loni,
687 2382 822 2443 quod
867 2381 1132 2435 infamiam
1177 2388 1413 2451 Romani,
1457 2404 1573 2454 qnae

515 2453 666 2517 prius
681 2456 802 2519 ipsis
823 2458 929 2508 illic
956 2462 1286 2527 contigisset,
1310 2480 1445 2517 nnnc
1478 2467 1573 2518 ibi-

515 2530 633 2581 dem
656 2534 896 2584 abolituri
921 2539 1132 2590 essent!
1187 2542 1377 2607 Itaque
1400 2543 1476 2594 sic
1498 2543 1573 2594 in-

511 2608 673 2672 famia
694 2612 830 2663 Paeti
864 2630 964 2665 nou
999 2619 1308 2684 augebatur,
1331 2622 1487 2673 immo
1521 2633 1579 2673 a·'

511 2685 789 2740 bolebatur
825 2697 974 2743 tanto
1009 2696 1152 2757 pacis
1184 2697 1391 2763 decore,
1424 2707 1483 2752 ut
1515 2707 1573 2752 et

507 2762 646 2814 infra
666 2768 888 2829 patebit.
1558 2779 1561 2782 ’

575 2840 824 2894 Attamen
846 2846 900 2896 in
924 2847 1122 2900 duobus
1139 2852 1224 2901 hic
1244 2867 1438 2905 errasse
1449 2856 1572 2907 Dio-

507 2929 625 2967 nem
652 2921 874 2983 reperio.
915 2924 1094 2976 Primo
1118 2929 1239 2992 quia
1260 2944 1362 2980 non
1385 2931 1569 2982 distin-

507 2993 622 3057 guit
643 2996 781 3046 inter
802 2999 1020 3061 primum
1042 3003 1354 3070 colloquium
1374 3009 1577 3058 Corbu-·

508 3070 638 3121 lonis
661 3073 1030 3141 ‘l'iridatisque‚
1074 3081 1125 3129 in
1167 3097 1268 3146 quo
1300 3086 1569 3150 pepigere,

505 3147 652 3213 quali·
664 3152 960 3203 caerimonia
992 3158 1382 3212 venerabundus
1420 3178 1568 3213 acce-

504 3225 655 3277 deret
677 3228 741 3277 ad
768 3229 1040 3295 imaginem
1063 3234 1306 3300 Neronis,
1335 3246 1391 3289 et
1423 3242 1588 3291 inter'

502 3311 834 3369 congressum
856 3309 946 3358 seu
968 3312 1289 3374 magnificam
1311 3331 1423 3366 eam
1445 3333 1562 3383 spe-

500 3380 652 3446 ciem,
666 3400 769 3448 qua
784 3385 1041 3437 Tiridates
1057 3389 1301 3453 deposuit
1321 3393 1561 3450 diadema

502 3456 572 3506 ad
602 3459 756 3521 signa·
782 3461 1041 3525 legionum
1073 3466 1128 3515 in
1167 3469 1352 3519 castris
1374 3471 1558 3521 Roma-

497 3548 594 3585 ms.
643 3555 644 3558 ¹

531 3615 537 3632 ³
562 3613 726 3662 Errat
757 3616 930 3681 etiam,
972 3634 1090 3670 cum
1132 3622 1266 3673 dicit
1307 3624 1555 3676 Monoba-

499 3702 627 3751 sem,
648 3699 704 3741 et
723 3693 1034 3748 v0102esem
1054 3699 1256 3748 venisse
1276 3701 1341 3749 ad
1362 3703 1555 3753 Corbu-

494 3765 683 3828 lonem,
706 3777 761 3819 et
783 3770 988 3822 obsides
1011 3775 1234 3824 dedisse.
1284 3779 1417 3827 Nam
1446 3789 1555 3829 tum

496 3844 632 3893 solus
655 3847 905 3898 Tiridati-s
938 3850 1168 3915 advenit,
1209 3861 1446 3919 tanquam
1484 3859 1550 3907 ad

494 3931 694 3983 pacem,
719 3933 773 3973 et
792 3927 996 3975 unicam
1024 3929 1255 3979 obsidem
1274 3932 1437 3996 dedit,
1457 3934 1549 3984 fili-

493 4012 576 4048 am
596 3992 801 4065 nempe,
816 4011 871 4053 et
891 4014 996 4053 tum
1022 4006 1249 4070 degebat
1269 4011 1551 4075 Vologeses

491 4074 769 4126 Ecbatanis
790 4083 971 4143 procul
996 4097 1027 4130 a
1053 4084 1203 4135 bello.
1377 4133 1382 4138 .

553 4152 837 4205 confundit
873 4160 1103 4221 primum
1118 4162 1308 4213 bellum
1332 4166 1550 4231 Vologe-

492 4227 556 4291 si,
578 4244 678 4294 quo
701 4235 971 4297 Tigranem
1009 4252 1198 4303 regem·
1221 4255 1270 4290 ert
1293 4246 1551 4304 Tigrano-

489 4311 634 4356 certa
652 4307 873 4378 obsedit,
885 4314 1005 4365 dein
1028 4324 1183 4380 pacto
1197 4318 1329 4371 inito
1347 4320 1550 4373 absces-

1662 2082 1752 2131 ro!

1725 2166 1748 2202 5
1783 2158 2000 2210 Gloriam
2017 2158 2239 2223 augeret]
2283 2158 2727 2210 Dissimilitndine

1660 2252 1832 2287 rernm
1854 2238 2010 2289 decus
2045 2254 2190 2288 suum
2230 2245 2287 2289 et
2311 2238 2534 2304 'gloriam
2560 2239 2726 2304 publi-

1657 2331 1771 2366 cam
1806 2318 2032 2381 angebat
2071 2318 2320 2380 Corbulo,
2340 2320 2416 2368 ita
2453 2325 2634 2368 tamen
2666 2323 2724 2368 ut

1653 2393 1983 2457 ignominiam
2011 2396 2148 2445 Pasti
2171 2410 2271 2445 non
2292 2402 2528 2459 augeret.

1716 2480 1738 2506 ²
1769 2473 1939 2536 Neque
1958 2471 2163 2534 infamio
2175 2473 2307 2523 Poeti
2321 2471 2614 2537 angebatur]
2637 2470 2727 2523 Sic'

1652 2550 1882 2601 correxit
1935 2551 2227 2602 Rhenanus.
2294 2552 2463 2616 Vulgo
2519 2552 2721 2615 augeba-

1651 2631 1750 2676 tur.

1715 2704 1907 2769 Neque]
1937 2705 2044 2756 Per
2062 2704 2121 2754 τὸ
2142 2720 2302 2770 neque,
2324 2705 2721 2758 indicare'vide-

1651 2786 1740 2832 tur
1782 2783 2013 2846 Tacitus,
2058 2797 2160 2833 non
2217 2784 2394 2848 augeri
2449 2782 2717 2834 infamiam

1650 2860 1808 2924 Paeti,
1827 2862 1973 2926 qnasi
2011 2861 2232 2925 diceret,
2250 2860 2590 2911 dissimilitudo
2614 2861 2719 2923 sor-

1649 2941 1779 2986 ttmae
1806 2938 2008 3001 augebat
2026 2940 2231 3002 gloriam
2256 2938 2553 2997 Corbulonis,
2575 2952 2718 3002 neque

1642 3020 1895 3080 propterea
1914 3015 2116 3077 infamia
2139 3016 2269 3065 Pati
2291 3015 2572 3079 augebatur.
2607 3013 2716 3066 Sic·

1648 3099 1755 3156 que·
1790 3107 1888 3157 per
1919 3092 2182 3157 egregiam
2228 3091 2528 3142 antithesim
2572 3092 2737 3142 Tuci-2

1649 3175 1751 3219 tus.

1706 3244 2005 3308 Augebatur]
2039 3246 2103 3295 In
2124 3245 2384 3295 veteribus
2407 3243 2555 3295 libris
2572 3260 2715 3309 ‹ruge-

1642 3322 1805 3386 batur,
1826 3330 1882 3373 et
1906 3331 2051 3374 certe
2075 3324 2279 3374 meliuS.
2348 3323 2536 3387 Neque
2575 3324 2719 3373 enim¹

1640 3399 1791 3450 fortis
1835 3407 1888 3449 et
1925 3401 2129 3451 honesti
2154 3400 2249 3449 viri
2285 3398 2406 3462 fuit,
2428 3415 2496 3449 ex
2538 3401 2719 3449 alieno

1640 3477 1899 3527 dedecore
1944 3493 2128 3527 vanam
2184 3477 2392 3527 laudem
2448 3476 2711 3542 aucupari.

1638 3552 1937 3603 sufficiebat
1981 3554 2161 3606 v'irtus,
2197 3553 2412 3617 propria
2461 3552 2707 3619 famaque

1638 3628 1786 3679 bouis
1808 3630 2010 3679 artibus
2035 3637 2189 3693 parta
2211 3628 2510 3679 Corbuloni.
2706 3695 2709 3696 ⁷
2732 3633 2735 3636 '

1701 3705 1839 3755 Quid
1885 3720 2013 3768 opus
2059 3706 2228 3754 aliena
2271 3705 2625 3768 contumelia,¹
2646 3709 2707 3755 ut

1635 3782 1990 3833 incresceret?
2017 3784 2188 3848 Supra
2200 3783 2265 3833 de
2275 3784 2501 3833 Seneca:
2519 3785 2535 3812 ‘
2548 3783 2701 3836 Quod

1636 3858 1678 3906 si
1713 3860 1935 3910 maxime
1974 3862 2305 3910 continentia>
2331 3872 2422 3910 tua
2444 3861 2704 3924 landetur,

1636 3952 1733 3986 non
1760 3945 1931 3987 tamen
1956 3940 2180 4003 sapienti
2221 3941 2325 3988 viro
2350 3940 2605 3989 decorum
2626 3938 2700 3989 fu·

1634 4016 1755 4077 erit,
1772 4017 1909 4065 unde
1927 4017 2094 4067 amico
2109 4016 2377 4066 infamiam
2391 4025 2564 4081 parat,
2582 4016 2699 4068 iudo

1634 4092 1847 4156 gloriam
1873 4094 1973 4142 sibi
1997 4094 2268 4158 recipere!

1699 4174 1770 4227 Et
1783 4173 1895 4236 jam
1920 4175 2198 4224 subversus
2223 4174 2600 4238 perculsusqne
2621 4173 2696 4239 ig.

1632 4246 1859 4299 nominia
1878 4252 2040 4301 cladis
2061 4252 2261 4301 Paetus.
2328 4253 2401 4301 Et
2433 4266 2501 4301 ea
2521 4252 2690 4309 verba,

1629 4328 1798 4393 Neque
1830 4326 2035 4389 wamia
2071 4329 2205 4381 Pati
2245 4328 2531 4395 angebatur,
2562 4335 2695 4395 puto·
