3063 4952
487 386 667 455 2040

1205 402 1291 453 ‘fl-
1337 402 1703 455 cominu
1751 407 2008 458 ‘mol'rl

2298 471 2319 502 ⁸
2378 418 2476 483 [A.
2494 420 2568 474 υ.
2591 417 2710 476 ἐισ.

489 549 631 615 vati
660 548 801 613 odii
828 547 1185 628 videretur,
1244 569 1374 615 neu
1420 553 1826 637 composita⁶
1860 558 2000 618 aut
2014 555 2380 624 ¹obliterata
2410 581 2717 629 mansue*

486 651 716 718 tudine
745 651 1081 737 Principis
1108 673 1348 719 novam
1377 655 1464 719 ad
1493 656 1852 724 saevitiam*
1889 660 2284 727 retraheret!
2326 709 2337 718 .

489 849 603 886 rum
622 835 1002 888 inimicitiarum
1025 845 1321 905 putaretur,
1336 849 1393 892 et
1415 859 1480 894 ne
1516 859 1633 908 quae
1665 851 1850 908 pacata
1866 844 1977 909 jam
2004 852 2059 895 et
2095 845 2295 896 abolita
2318 855 2467 900 erant
2487 850 2712 902 leuitate

486 901 855 967 imperitantis,
892 906 956 954 ad
998 920 1183 965 novam
1216 908 1585 959 crudelitatem
1617 919 1904 959 revocaret.

1413 1036 1767 1056 ‘eecce-toene

487 1113 612 1176 rint,
654 1129 769 1163 cnm
805 1115 918 1166 haec
953 1118 1207 1168 scriberet
1241 1120 1478 1173 Tacitus.
1548 1124 1707 1173 Certe
1732 1124 1909 1174 vivere
1930 1091 2233 1190 potuerunt.
2268 1128 2585 1179 Brutine-6
2618 1130 2710 1181 Sic

486 1178 622 1228 bene
645 1180 867 1243 Lipsius.
938 1182 1000 1232 In
1028 1185 1157 1234 Mss.
1195 1193 1252 1235 et
1290 1188 1551 1238 veteribus
1585 1188 1920 1252 editionibus,
1948 1192 2056 1241 Neu
2089 1196 2387 1257 compositum
2412 1199 2461 1243 et
2481 1195 2710 1246 oblitera-

482 1248 584 1292 tam
621 1248 1025 1323 monsuetudinem
1065 1252 1344 1328 Principis:
1380 1253 1516 1315 quod
1543 1253 1868 1333 abs-turdum..
1904 1257 2171 1333 Tentabat
2198 1261 2415 1336 quoque·
2434 1260 2711 1338 Ernesto&

482 1318 848 1427 Zsseffssiissffm
866 1315 2035 1452 iiiffqssssss‘ffssffiffimssffifflssil?
2070 1324 2711 1441 «ἓόῐὶῖῗῗέἴιΐέοὲῗὲῗὲῗζ

482 1454 653 1492 sensu.
691 1444 842 1494 Idem.

1473 1569 1695 1620 NOTAE

548 1673 651 1726 Qui
688 1681 860 1726 tamen
885 1691 914 1727 a
939 1678 1235 1730 melioribus
1259 1681 1551 1745 comprimi·

479 1757 568 1799 tur
589 1751 1036 1820 absterretnrque,
1074 1759 1088 1784 ‘
1107 1772 1173 1806 ne
1197 1758 1418 1820 publicis
1437 1775 1548 1809 ma-

475 1826 541 1875 lis
563 1827 709 1877 abuti
745 1831 809 1879 ad
855 1833 1175 1883 occasionem
1213 1836 1403 1898 privati
1442 1837 1549 1886 odii

477 1903 776 1954 videretur!

539 1987 558 2012 ¹
594 1983 705 2031 Neu
745 1986 999 2048 composita
1026 1992 1111 2036 aut
1142 1988 1395 2041 obliterata
1414 2007 1546 2042 man·

474 2061 723 2110 suetudine
746 2062 989 2128 Principis
1009 2082 1176 2117 novam
1206 2071 1269 2118 ad
1288 2071 1541 2135 soeuitiam,

475 2136 583 2200 isa]
616 2137 914 2189 Lectionem
963 2144 1098 2193 Flor.
1143 2150 1391 2210 reposui:
1431 2151 1541 2199 Neu

473 2216 773 2277 compositam
811 2224 895 2267 aut
937 2221 1237 2272 obliteratam
1276 2232 1542 2276 mumdu-

471 2289 630 2340 dinem
667 2295 900 2358 principis
924 2313 1090 2347 novom
1125 2302 1187 2349 ad
1213 2302 1446 2352 saevitiam
1467 2317 1542 2352 re-

471 2367 697 2420 traheret.
764 2373 994 2439 Vulgati,
1036 2381 1086 2425 et
1115 2378 1442 2438 obliteratam5
1474 2395 1537 2430 ac

477 2440 682 2510 deinde,
705 2448 933 2500 traheret.

541 2520 782 2572 Fortasse
808 2526 953 2575 locus
977 2528 1051 2578 sic
1074 2532 1305 2582 construi
1327 2540 1503 2598 potest
1525 2553 1540 2586 ε

468 2594 595 2647 Neu
624 2604 1068 2655 mansuetudinem
1114 2608 1359 2675 principis
1382 2618 1542 2663 retra-

470 2669 623 2722 heret
636 2675 700 2723 ad
719 2691 901 2727 novam
919 2682 1189 2746 saevitiam,
1203 2689 1544 2750 compositam

465 2747 600 2813 jam,
640 2758 730 2802 aut
747 2754 1112 2811 obliteratam:
1149 2761 1242 2811 sed
1272 2762 1452 2828 inepta
1487 2771 1544 2815 et

471 2829 699 2881 absurda
720 2838 1057 2889 constructio.

535 2904 620 2955 An
669 2909 998 2976 *legenduuis
1033 2917 1542 2974 immansuetudinem?

470 2994 650 3032 sensus
683 2993 826 3033 certe
863 2989 1057 3052 aliquid
1090 2995 1196 3043 tale
1220 2996 1407 3061 exigit,
1421 3012 1540 3050 cum

471 3055 618 3108 dicat
633 3075 802 3109 novam
823 3065 886 3111 ud
906 3066 1156 3118 soevitiam.
1193 3071 1440 3124 Pielieua.

536 3135 646 3186 Neu
664 3139 986 3205 compositam,
1017 3144 1126 3207 ὅπη]
1182 3147 1355 3198 Prave
1377 3152 1539 3217 scrip·

469 3216 599 3275 tum,
649 3221 706 3262 et
771 3215 823 3264 in
878 3222 1243 3273 contumeliam
1295 3227 1538 3283 Neronis.

467 3288 637 3339 Valde
677 3293 880 3345 scilicet
918 3299 1208 3364 principem
1238 3304 1470 3370 laudent,
1491 3309 1534 3357 si

465 3364 763 3419 obliteratam
800 3373 1133 3427 clementiam
1166 3380 1282 3444 ejus
1313 3381 1528 3436 dicant:

466 3441 523 3493 id
546 3452 645 3509 est,
668 3448 911 3499 abolitam
930 3460 987 3501 et
1004 3458 1281 3519 sepultam.

532 3523 616 3572 Ne
651 3526 835 3577 dubita
876 3532 1137 3584 scribere:
1190 3539 1447 3602 composita
1483 3545 1531 3590 et

464 3597 718 3651 obliterata
749 3611 1103 3660 mausuetudine
1119 3613 1370 3677 principis.
1411 3616 1533 3667 Hoc

464 3676 676 3727 volunt:
713 3681 797 3729 Ne
833 3696 916 3745 ea,
955 3700 1072 3749 quae
1119 3681 1397 3742 obliterata
1424 3693 1536 3757 jam

466 3762 656 3817 essent,
678 3762 734 3805 et
753 3764 957 3810 tantum
969 3777 1069 3813 non
1098 3766 1275 3818 deleta
1285 3785 1350 3818 ex
1365 3771 1535 3823 animo

463 3831 731 3897 principis,
750 3835 840 3886 ille
864 3850 1156 3907 renovaret,
1177 3853 1232 3895 et
1254 3861 1400 3897 novae
1442 3864 1536 3900 sae·

461 3909 604 3959 vitiae
627 3916 893 3965 materiem
916 3928 1242 3983 suggereret,
1274 3923 1482 3988 Lipsius.

527 3987 721 4055 Sensus
741 3991 825 4041 hic
849 4008 1035 4056 verus3
1077 3998 1167 4046 sed
1205 4007 1376 4049 tamen
1409 4001 1531 4051 reti-

462 4066 636 4115 nenda
676 4070 837 4120 verba
889 4072 1075 4139 Taciti,
1122 4081 1182 4125 ut
1219 4083 1357 4140 sunt,
1407 4078 1529 4143 quia

463 4140 595 4191 Mss.
616 4143 775 4195 lectio
792 4147 921 4197 baec,

531 4217 642 4264 Neu
676 4224 1002 4289 compositam]
1049 4227 1157 4277 Pro
1181 4230 1359 4293 palato
1389 4232 1530 4294 vulgi

467 4293 700 4360 mallent,
739 4313 830 4350 neu
862 4303 1118 4367 composita
1144 4307 1531 4378 autobliterata,

1631 1687 1712 1748 ᾅτ.
1753 1684 1842 1734 sed
1872 1700 1965 1749 pro
2001 1686 2151 1751 genio
2184 1685 2354 1736 Taciti
2376 1684 2710 1750 praeferimus

1629 1761 1911 1812 lectionem
1955 1765 2092 1813 Mss.
2130 1766 2243 1814 Neu
2291 1766 2602 1827 compositam
2663 1770 2712 1815 et

1628 1837 1928 1889 obliteratam
1974 1843 2378 1892 monsuetudinem
2449 1843 2712 1907 principis,

1625 1918 1710 1979 &⁶³-
1747 1919 1869 1982 quia
1900 1918 2098 1982 justior
2144 1920 2407 1983 oppositio
2444 1934 2541 1969 seu
2574 1921 2715 1970 anti-

1625 1990 1784 2043 thesis
1799 1994 1935 2044 inter
1961 1996 2051 2044 illa
2073 1995 2196 2059 duo,
2215 1998 2631 2047 mansuetudinem
2657 2006 2715 2049 et

1621 2070 1874 2133 mettium,
1888 2072 2190 2122 obliteratam
2215 2081 2270 2123 et
2287 2089 2474 2124 novam.

1688 2149 1804 2198 Nec
1850 2150 2296 2212 contumeliosum,
2335 2150 2474 2215 quod
2500 2152 2711 2201 clemen-

1620 2227 1692 2276 tia
1732 2228 1982 2292 principis
2028 2231 2283 2292 composita
2331 2217 2562 2293 dicatur,
2602 2232 2708 2280 isto

1620 2320 1807 2368 nempe
1833 2320 2006 2367 sensu,
2049 2322 2151 2370 quo
2176 2307 2396 2371 intelligi
2416 2308 2580 2357 verba
2609 2309 2708 2358 Ta-

1620 2382 1713 2431 citi
1736 2382 1965 2432 debent:
2003 2385 2115 2432 Neu
2127 2384 2390 2447 principem
2419 2400 2449 2432 a
2471 2385 2706 2448 composi-

1621 2464 1674 2509 ta
1695 2460 2012 2523 etpbliterota
2045 2461 2402 2511 mansuetudine
2436 2464 2501 2511 ad
2533 2479 2706 2513 novam

1621 2538 1858 2589 soevitiam
1878 2539 2159 2588 retraheret.
2211 2539 2423 2589 Dicitur
2446 2539 2706 2596 obliterato

1623 2621 1681 2665 et
1699 2615 1847 2680 quasi
1869 2622 2085 2665 vetusta
2100 2618 2406 2666 marauetudo
2444 2618 2703 2681 principis,

1624 2707 1727 2742 non
1751 2693 1873 2758 quia
1897 2693 1967 2743 sit
1990 2693 2185 2743 abolita
2227 2700 2317 2743 aut
2356 2695 2586 2758 sepulta,
2607 2695 2704 2744 sed

1626 2785 1723 2836 per
1760 2771 2147 2835 oppositionem
2187 2771 2253 2822 ad
2288 2787 2475 2823 novam
2505 2787 2703 2837 nempe

1624 2855 1680 2897 et
1702 2849 1960 2899 irritatam
1978 2849 2166 2898 iterum
2190 2849 2426 2899 soevitiam
2446 2849 2613 2914 illam,
2631 2849 2702 2900 ad

1621 2941 1775 2992 quam
1791 2928 2157 2978 retrahebatur
2171 2929 2336 2978 Nero.

1685 3006 1795 3054 Neu
1812 3006 2131 3070 compositam,
2154 3008 2236 3058 ἅτ.
2259 3005 2700 3069 mansuetudinem]

1619 3082 1690 3132 Et
1728 3082 1909 3146 quidni
1935 3083 2041 3132 dici
2078 3078 2248 3146 possit
2280 3083 2539 3146 composito
2570 3098 2704 3132 man-

1615 3163 1811 3210 suetudo
1832 3175 1898 3211 ex
1923 3161 2002 3210 ira
2024 3167 2080 3210 et
2120 3167 2238 3224 post
2274 3161 2421 3224 iram,
2455 3167 2519 3210 ut
2541 3167 2596 3210 et
2619 3161 2704 3211 ira

1616 3237 1807 3287 dicitur
1827 3237 2056 3301 componi,
2068 3237 2318 3301 mitigari,
2338 3242 2431 3286 aut
2452 3236 2658 3300 placari
2681 3238 2702 3287 ?

1613 3312 1727 3363 haec
1752 3314 1946 3378 quippe
1976 3323 2119 3363 certe
2143 3315 2564 3377 reciprocantur.

1680 3391 1868 3440 Nonne
1906 3390 2146 3441 irritatur
2178 3394 2484 3441 mansuetudo
2512 3393 2702 3457 priuci-

1606 3465 1723 3531 pis?
1757 3469 1937 3535 quidni
1970 3478 2027 3519 et
2072 3470 2315 3533 componi
2358 3485 2418 3520 ac
2439 3473 2703 3535 composita

1609 3549 1917 3596 mansuetudo
1960 3547 2070 3610 ejus
2091 3546 2197 3597 dici
2221 3547 2426 3610 possit?
2494 3548 2702 3602 Quidni

1618 3627 1674 3673 et
1694 3622 1965 3687 obliterata,
2003 3629 2063 3672 ut
2093 3622 2190 3687 ira,
2209 3624 2284 3673 ita
2307 3630 2364 3674 et
2385 3629 2704 3678 mansuetudo

1617 3688 1721 3747 dici
1742 3699 2055 3763 possit,cum
2069 3714 2149 3749 res
2167 3714 2356 3765 nempe
2381 3709 2438 3751 et
2459 3703 2551 3751 irae
2574 3717 2704 3752 cau-

1613 3789 1707 3838 sae,
1753 3783 1807 3825 et
1854 3777 2026 3826 omnia
2078 3792 2197 3843 quae
2237 3779 2698 3829 mansuetudinem

1612 3850 1913 3916 irritabant,
1953 3852 2149 3902 abolita
2188 3854 2300 3918 jam
2340 3860 2399 3905 et
2439 3854 2700 3906 obliterato

1615 3936 1756 3989 sunt,
1779 3936 1837 3978 ut
1854 3930 1953 3979 hoc
1972 3944 2099 3980 casu
2119 3931 2137 3978 ?

1675 4007 1742 4057 Id
1772 4014 1949 4072 &genus
1994 4008 2241 4072 loquendi
2293 4008 2698 4061 condonandum

1609 4083 1764 4148 genio
1784 4084 1950 4134 Taciti
1975 4083 2094 4148 fuit,
2117 4085 2204 4149 qui
2220 4085 2434 4149 gravior
2450 4092 2512 4136 ac
2536 4088 2696 4138 vehe-

1607 4162 1864 4222 mentior;
1889 4171 1945 4212 et
1967 4162 2057 4227 qui
2092 4176 2179 4213 res
2208 4177 2306 4227 pro
2330 4164 2505 4213 verbis
2539 4164 2696 4228 ipsis,

1607 4239 1696 4304 qui
1709 4254 1890 4290 sensus
1906 4239 2081 4290 verbis
2111 4240 2377 4306 rebusque
2408 4241 2541 4305 ipsis
2562 4242 2696 4292 vali·

1607 4315 1779 4371 diores
1795 4331 2036 4384 promere
2068 4317 2238 4375 solet:
2276 4318 2367 4384 qui
2386 4333 2611 4386 semus,
2632 4319 2696 4372 li·
