3063 4952
493 358 672 431 {902

494 527 736 611 patuit,
766 525 930 611 quia
986 525 1127 591 filio
1184 525 1357 610 ejuS,
1379 522 1704 601 Tribuno,
1761 518 2003 588 ducere
2047 519 2457 606 manipulos*
2498 525 2708 608 atque

498 629 780 719 operire⁵
802 629 1113 712 reliquias
1143 628 1340 692 malae
1365 646 1614 710 pugnae
1644 625 2019 708 imperavit.
2109 624 2240 690 Die
2267 631 2474 715 pacta
2500 625 2712 690 Tibe-

495 729 637 793 ‘riu‘s
663 727 1108 807 ·A.lexander‚⁸’
1155 728 1429 793 illustris
1470 725 1696 812 Eques
1748 726 2120 807 RomanuS,
2166 728 2493 793 minister⁶
2524 727 2707 794 bello

1208 364 1280 429 e:
1315 362 1682 428 coenem
1727 372 1985 424 uerri
2386 364 2479 446 [Α.
2498 380 2568 432 o.
2591 374 2712 433 sir.

496 919 662 981 sertim
678 919 1093 983 conmortuus-ait,
1114 898 1478 985 quodpraecepit
1500 921 1604 981 ejus
1618 920 1731 986 filio
1761 918 1969 982 tribuno,
1987 919 2156 969 ducere
2176 919 2400 981 uelitum,
2423 924 2472 968 et
2493 916 2714 983 obtem

497 987 719 1051 reliquias
739 985 943 1046 infelicis
956 987 1137 1050 proelie'.
1205 987 1478 1038 connitum
1510 986 1589 1036 die
1616 985 1833 1035 Tiberius
1849 986 2146 1049 Alexander,
2163 984 2369 1048 insignis
2385 999 2525 1053 eques
2547 985 2712 1057 Rom„

500 1185 596 1231 -5
632 1179 719 1231 Ita
742 1181 868 1234 Mas.
886 1186 941 1261 et
964 1188 1169 1233 veteres
1195 1182 1467 1234 editiones.
1536 1180 1788 1232 Mendose
1833 1180 1887 1230 in
1930 1181 2097 1246 Lipsii
2129 1178 2469 1243 editionibus,
2487 1175 2719 1244 oppertus.

1491 1304 1704 1356 NOTAE

1642 1420 1728 1463 tor
1751 1398 1954 1464 Judieae
1977 1417 2096 1477 post
2118 1411 2365 1476 cuspium
2385 1411 2603 1462 Fadiun.
2660 1409 2718 1462 B·

1644 1488 1760 1538 dem
1805 1496 1959 1538 antea
2001 1488 2329 1538 Alexandria»,
2374 1487 2718 1539 Alabarchesz

499 1420 618 1461 eum
640 1388 1032 1476 ignominiosum
1054 1413 1337 1479 legionibus
1360 1427 1464 1463 nou
1487 1413 1561 1462 vi-

497 1487 652 1550 tavit,
674 1495 731 1537 ut
754 1489 1115 1539 dissimilitudo
1149 1487 1371 1540 fortunae
1398 1503 1459 1539 eo
1483 1490 1562 1553 ip-

500 1580 559 1617 so
581 1569 716 1630 loco,
740 1569 953 1633 gloriam
978 1569 1126 1619 Rom.
1152 1576 1387 1631 augeret.
1419 1570 1435 1596 ‘
1454 1569 1563 1619 Ne-

499 1643 619 1708 qne'
647 1652 819 1694 tamen
854 1650 1134 1708 propterea
1155 1648 1170 1673 ‘
1188 1643 1400 1693 iufamia
1427 1645 1563 1694 Paeti

498 1722 831 1784 angebatnr3’
863 1738 982 1772 nam
1015 1724 1032 1751 ‘
1055 1723 1162 1773 filio
1201 1724 1312 1788 ejus
1353 1722 1562 1772 tribuno

499 1795 690 1847 ducere
711 1798 1012 1863 manipulos,
1044 1806 1199 1865 atque
1224 1799 1427 1863 operire
1448 1799 1564 1848 reli-

500 1873 649 1942 quias
672 1875 820 1923 malae
845 1890 1030 1939 pugnae
1056 1875 1366 1940 imperavit!

567 1951 775 2014 Nempe
815 1952 864 2001 id
900 1953 1178 2017 imperavit
1201 1954 1314 2020 filio
1348 1953 1462 2015 qius,
1496 1964 1563 2004 ne

500 2036 692 2090 angere
716 2026 827 2090 ipse
845 2026 1068 2077 dedecus
1094 2030 1256 2092 patris
1279 2029 1562 2079 videretur.

500 2100 565 2151 Id
587 2104 844 2167 praeeepit
859 2103 987 2166 filio,
1002 2111 1060 2154 ut
1083 2107 1263 2156 melius
1290 2114 1348 2157 et
1366 2107 1565 2170 impen-

501 2180 606 2228 sius
632 2181 808 2243 gloriae
841 2183 1004 2246 patris
1028 2183 1105 2232 sui
1129 2185 1452 2234 consuleret:
1487 2184 1565 2234 id-

502 2272 603 2323 que
638 2259 733 2323 sio,
754 2266 814 2310 nt
848 2261 1087 2325 privatim
1110 2269 1167 2313 et
1198 2262 1403 2325 publice
1425 2262 1562 2312 filius

500 2335 712 2398 gloriam
737 2338 903 2401 patris
935 2354 1065 2389 novo
1089 2339 1277 2389 decore
1301 2347 1563 2391 assereret

499 2412 910 2479 vindicer-etque.
952 2417 1135 2482 Neque
1156 2423 1313 2481 auget
1336 2417 1562 2468 Corbulo

498 2488 763 2541 infamiam
801 2493 959 2555 Paeti,
985 2496 1069 2558 qui
1108 2495 1317 2558 operire
1352 2501 1405 2544 et
1442 2495 1562 2545 abo·

495 2569 609 2618 iere
635 2570 876 2635 reliquias
900 2573 1061 2621 eladis
1074 2572 1249 2636 jubet.

566 2646 637 2694 Et
658 2654 803 2696 certe
827 2647 926 2696 fuit
951 2649 1315 2712 sapientissimi
1353 2655 1409 2699 et
1447 2664 1562 2714 gra·

499 2721 695 2772 vissimi
717 2724 828 2785 viri,
850 2726 1015 2788 qualis
1039 2732 1150 2775 erat
1169 2726 1414 2789 Corbulo,
1440 2741 1564 2790 ope·

500 2796 603 2847 rire
629 2805 684 2848 et
707 2801 1157 2852 abolere‘dedecus
1173 2810 1338 2870 atque
1361 2803 1563 2854 infami-

501 2888 583 2923 am
605 2875 748 2925 ducis
780 2878 932 2928 Rom.
954 2880 1283 2945 omniumque
1306 2883 1562 2932 Romano-

502 2963 632 3011 rum,
656 2959 900 3015 quantum
931 2955 983 3003 in
1016 2956 1129 3019 ipso
1152 2956 1272 3019 fuit,
1308 2958 1560 3020 hocloco,

497 3034 557 3075 et
580 3027 828 3079 adversus
853 3032 985 3080 tales
1005 3033 1214 3095 hostes;
1248 3049 1352 3084 non
1385 3041 1561 3083 autem

498 3115 708 3166 augere.
766 3105 835 3155 Et
854 3113 1056 3157 tantum
1079 3109 1245 3172 abest,
1267 3119 1323 3159 ut
1347 3125 1449 3160 non
1473 3125 1562 3160 an-

499 3187 707 3244 geretur
721 3183 943 3234 Corbulo
965 3184 1056 3233 tali
1079 3184 1290 3235 infamia
1311 3186 1563 3248 Romana,

500 3256 624 3321 quin
665 3259 839 3321 potius
877 3261 992 3323 angi
1014 3276 1336 3326 summopere
1360 3262 1556 3326 debuit,

499 3341 565 3382 ne
608 3344 822 3397 augeret
859 3338 1018 3400 illam,
1046 3347 1102 3388 et
1145 3354 1207 3389 eo
1241 3340 1419 3405 magis,
1437 3341 1561 3405 quia

497 3409 721 3462 desierat
743 3416 1006 3466 aemulatio
1028 3416 1167 3466 inter
1187 3416 1363 3467 duces.

562 3488 798 3553 Namque
819 3491 999 3542 Paetus
1031 3493 1285 3557 imperare
1308 3494 1560 3557 desierat,

500 3568 556 3613 et
580 3563 632 3612 in
655 3566 866 3615 exitium
892 3583 1053 3632 usque
1070 3567 1180 3618 fere
1206 3572 1485 3633 perculsus,
1503 3578 1560 3621 et

498 3640 769 3703 provincia
793 3643 1045 3709 rebusque
1063 3652 1261 3695 amotus
1285 3652 1416 3707 erat,
1436 3657 1558 3695 con-¹

499 3717 673 3765 tentus
710 3718 1015 3770 submittere
1046 3720 1225 3782 filium,
1265 3722 1351 3785 qui
1382 3736 1556 3772 comes

496 3793 553 3843 et
595 3797 981 3846 contubernalis
1024 3798 1154 3847 tanti
1211 3797 1371 3861 ducis,
1404 3799 1557 3847 simul

496 3870 772 3921 vindicatae
815 3874 991 3937 glornae
1023 3881 1250 3937 paternae
1287 3884 1467 3925 auctor
1502 3887 1558 3927 et

496 3943 643 3996 testis
666 3957 822 4010 esset,
858 3950 993 4012 quod
1017 3958 1072 3999 et
1105 3950 1282 4000 honori
1305 3951 1404 4001 fuit
1434 3955 1553 4002 Cor-

497 4022 692 4073 buloni.

503 4105 517 4116 ⁴
560 4107 584 4133 ⁸
616 4101 804 4150 Ducere
824 4102 1104 4165 manipulos]
1138 4103 1341 4153 Ducere
1376 4106 1558 4155 cohor-

497 4181 600 4227 tem
625 4180 707 4242 cuj
717 4195 773 4229 us
795 4181 1030 4231 tribunus
1050 4186 1196 4231 eratss

560 4251 585 4287 ¹²
620 4254 840 4305 Tiberius
859 4256 1157 4321 Alexander]
1191 4258 1293 4311 Qui
1317 4274 1558 4325 procura·

1641 1567 1897 1631 Joseplms
1922 1569 1956 1617 l.
1981 1582 2070 1617 xx.
2106 1566 2315 1631 Lipsius.

1709 1643 1926 1694 Tiberius
1946 1645 2245 1709 Alexander]
2279 1643 2384 1697 Qui
2417 1659 2542 1694 mox
2579 1655 2718 1709 prn-

1642 1719 1816 1771 feetus
1863 1722 2096 1787 AEgypti‚
2140 1721 2282 1786 (nam
2357 1721 2457 1771 soli
2511 1720 2721 1784 equites

1645 1798 1793 1846 Rom.
1817 1798 1937 1847 huic
1962 1798 2239 1862 provinciae
2275 1794 2585 1860 praesu-anu)
2610 1794 2721 1860 pri-

1642 1889 1753 1923 mns
1778 1874 1955 1938 adegit
1978 1889 2111 1937 suas,
2147 1875 2199 1923 id
2246 1881 2346 1935 est,
2370 1873 2716 1938 AEgyptiaeas

1644 1951 1872 2014 legiones
1899 1954 1952 2000 in
1979 1952 2136 2001 verba
2156 1949 2492 2014 Vespasiani,
2519 1955 2579 1999 et
2600 1948 2719 1999 dies

1645 2027 1734 2077 ille
1770 2029 1963 2092 primus
1995 2027 2200 2092 imperii
2224 2025 2457 2076 Flaviani
2480 2025 2722 2076 celebra·-

1646 2111 1730 2154 tus
1753 2111 1849 2155 est.

1715 2180 1951 2245 Tiberim]
1983 2182 2085 2235 Qui
2123 2187 2307 2246 postea
2331 2180 2550 2246 AEgypti
2583 2194 2718 2246 prae·

1643 2256 1832 2320 sectus,
1870 2259 2064 2322 primus
2106 2273 2224 2308 suas
2268 2257 2498 2321 legiones
2543 2273 2717 2308 sacra·

1642 2343 1821 2386 monto
1841 2335 2149 2399 Vespasiani
2173 2335 2366 2399 adegit.
2403 2334 2546 2385 Hist.
2566 2349 2606 2387 1.
2630 2338 2717 2388 lla

1645 2419 1660 2443 ⁴
1678 2415 1960 2481 AEgyptum
1983 2415 2280 2480 copiasque,
2301 2412 2487 2478 quibus
2504 2412 2715 2467 coerce—

1644 2498 1803 2556 retur,
1831 2492 1945 2556 jam
1984 2491 2106 2541 inde
2150 2507 2182 2541 a
2213 2490 2356 2540 Divo
2380 2488 2716 2553 Angusto‚e·

1644 2570 1814 2635 quites
1837 2568 2057 2620 Romani
2077 2567 2319 2618 obtinent
2356 2567 2471 2616 ioco
2495 2564 2715 2631 regum?

1643 2646 1713 2697 Et
1751 2648 1787 2696 l.
1812 2659 1879 2696 n.
1901 2649 1983 2696 79.
2017 2645 2033 2674 ⁴
2060 2643 2299 2708 Regebat
2332 2649 2447 2694 tum
2470 2644 2714 2695 Tiberius

1642 2722 1937 2772 Alexander
1953 2720 2188 2786 ejusdem
2212 2719 2474 2770 nationis?

1706 2806 1728 2834 e
1763 2799 2013 2862 Minister]
2045 2799 2222 2848 Datus
2265 2810 2296 2845 a
2335 2796 2551 2847 Nerone
2590 2798 2715 2849 Cor-

1642 2877 1835 2929 buloni.
1871 2881 1987 2930 Nec
2013 2878 2206 2929 frustra
2229 2878 2357 2926 tales
2382 2876 2609 2926 ministri
2629 2877 2716 2927 ad·

1642 2953 1740 3005 diti
1763 2954 2012 3017 ducibus;
2047 2968 2255 3019 nempe,
2290 2959 2349 3003 ut
2370 2952 2571 3002 bellum
2597 2966 2714 3017 pro-

1643 3039 1910 3081 moverent
1926 3032 2279 3096 juvarentque
2311 3029 2520 3079 acribus
2545 3029 2716 3080 minis·

1643 3111 1804 3174 teriis,
1841 3116 1897 3160 et
1934 3124 2035 3159 non
2057 3108 2209 3159 modo
2233 3123 2315 3158 res
2337 3107 2584 3171 hostium,
2618 3105 2711 3158 sed

1644 3187 1802 3237 etiam
1825 3186 1983 3250 ipsius
2004 3186 2148 3235 ducis
2167 3186 2512 3235 observarent
2530 3197 2711 3248 specu·

1638 3264 1988 3327 latenturque,
2032 3261 2263 3325 ingenita
2301 3260 2598 3310 hominibus
2644 3275 2714 3310 ae.

1640 3340 1920 3389 mulatione
1951 3340 2005 3388 in
2045 3338 2464 3403 praeeminentes,
2504 3344 2562 3387 et
2594 3337 2709 3388 libi·

1640 3416 1760 3465 dine
1813 3415 2056 3465 adulandi
2129 3414 2437 3479 principem.
2503 3414 2710 3464 Invidia

1642 3509 1781 3558 saepe
1818 3500 1874 3544 et
1911 3493 2071 3557 ipsius
2094 3491 2404 3542 dominantis
2439 3492 2491 3540 in
2527 3491 2707 3551 duces,

1641 3572 1727 3635 qui
1748 3570 1942 3642 validos
1976 3569 2236 3620 exereitus
2274 3575 2330 3618 et
2358 3581 2549 3632 magna
2570 3567 2709 3617 bella

1639 3656 1902 3711 gererent.

1705 3726 1936 3775 Minister
1957 3725 2072 3775 bello
2099 3725 2262 3787 datus]
2292 3724 2417 3773 Fuit
2453 3722 2543 3772 ine
2577 3722 2706 3774 alius

1639 3814 1669 3849 a
1711 3800 1961 3850 nebulone
1995 3814 2163 3860 servo,
2183 3798 2270 3864 qui
2296 3804 2498 3847 tantam
2522 3797 2622 3847 vim
2648 3812 2706 3847 o·

1640 3892 1761 3939 pum
1786 3876 2111 3940 dispensator
2128 3875 2440 3925 Armeniaco
2462 3874 2599 3924 bello
2621 3881 2706 3924 cn*

1639 3954 1875 4016 mulavit,
1891 3955 1956 4002 de
1981 3969 2079 4018 quo
2099 3953 2316 4001 Plinius.
2362 3953 2487 4001 Fuit
2507 3951 2596 4001 ille
2615 3950 2704 4000 nsi·

1635 4033 1805 4088 nister,
1853 4040 1907 4081 et
1950 4031 2163 4094 fastigio
2210 4032 2440 4093 equestri
2493 4030 2661 4080 clarus
2684 4044 2703 4090 ς

1636 4109 1737 4158 iste
1762 4116 1934 4158 autem
1957 4123 2136 4157 servus
2168 4114 2223 4156 et
2246 4107 2594 4170 dispensator,
2615 4105 2701 4172 qui

1635 4200 1754 4235 mox
1780 4185 2002 4235 redemit
2035 4184 2335 4233 libertatem
2369 4198 2515 4233 suam
2540 4198 2571 4233 a
2596 4182 2700 4234 Ne·

1634 4276 1760 4313 rone
1783 4262 1987 4328 ingenti
2008 4262 2200 4329 pretio.
2631 4283 2679 4327 ρ
