3063 4952
535 342 714 431 loek
804 412 809 416 .

512 516 909 585 ’ίίιιιιανθιίι.
997 513 1323 597 Ceterum,
1354 536 1488 602 quo
1535 522 1835 601 gravaret
1876 516 2199 583 invidiam
2248 520 2505 599 matris»,
2533 537 2751 606 eaque

532 620 826 701 demota,
877 624 1149 686 auctam
1195 621 1529 685 lenitatem
1574 618 1793 686 suamd
1819 621 2295 704 testificaretur,
2323 620 2660 688 foeminas
2673 618 2753 687 il-

521 724 799 804 lustres,
849 723 1144 789 Juniam·
1191 729 1257 788 et
1286 721 1745 807 Calpurniam,
1778 723 2214 789 Praefectura⁴
2242 714 2509 790 functos
2537 724 2750 792 Vale·
2820 740 2826 744 ’

534 830 710 895 rium
761 826 1158 912 Capitonem
1215 832 1283 892 et
1335 827 1668 894 Licinium
1727 823 2114 908 Gabolum}
2179 828 2451 895 sedibus
2473 822 2752 914 patriis

1248 371 1316 420 c.
1361 367 1725 439 connum
1770 368 2034 427 'uum
2421 360 2520 443 ts.
2533 374 2611 430 n.
2634 376 2751 447 sis.

531 1011 727 1074 flagitia
746 1010 1014 1061 retinuerit.
1082 1011 1299 1061 Ceterum
1330 1016 1385 1061 ut
1426 1014 1622 1074 augeret
1657 1010 1817 1061 odium
1856 1008 2157 1074 Agrippina,
2192 1024 2334 1086 eaque
2367 1008 2579 1074 depulsa,
2602 1010 2756 1062 ἑποιτ-
2800 1050 2807 1057 ,

533 1078 658 1127 visse
677 1077 970 1127 clementium
1006 1091 1141 1126 suam
1176 1076 1489 1143 significaret,
1519 1077 1694 1140 patrie
1725 1075 1937 1125 restituit
1958 1080 2198 1124 matronas
2214 1073 2442 1138 insigna,
2476 1077 2696 1129 Junim-
2703 1082 2753 1128 et

540 1143 865 1207 Calpurniam,
889 1142 1129 1193 Valerium
1174 1143 1448 1219 Capitonem
1477 1146 1526 1191 et
1569 1140 1808 1192 Licinium
1845 1139 2099 1226 Gabolum,
2119 1141 2199 1204 qui
2231 1145 2494 1205 proeturum
2514 1141 2755 1213 obierunt,

1456 1271 1752 1292 O‘OOW
1756 1271 1813 1291 O&

537 1386 771 1437 egressus
796 1378 896 1433 est,
937 1387 1055 1423 cum
1085 1372 1152 1422 de
1174 1371 1464 1450 Agrippina
1487 1370 1807 1421 referretur.
1842 1371 2057 1421 Brotier.
2060 1374 2158 1419 —4
2193 1369 2415 1419 Mallent
2454 1371 2668 1434 Lipsius
2703 1376 2760 1422 et

536 1438 1078 1503 Gruterus,praetura,·
1111 1446 1168 1488 et
1189 1439 1394 1488 merito.
1440 1437 1597 1488 Haud
1622 1437 1757 1486 enim
1780 1436 2093 1487 crediderim
2117 1435 2293 1499 Urbis,
2315 1448 2554 1498 annonae,
2578 1436 2757 1486 aliam-

534 1517 601 1552 ve
615 1503 880 1553 Urbanam
902 1503 1273 1599 praefecturam
1305 1503 1390 1552 hic
1423 1502 1722 1567 significari.
1790 1502 2085 1566 Lipsianam
2120 1502 2500 1550 correctionem
2537 1509 2753 1552 secutus

534 1574 619 1620 est
639 1567 1022 1671 cl.Gord0r1‚‘
1042 1569 1285 1619 Valerius
1323 1569 1510 1634 Capito
1554 1569 1655 1619 and
1699 1567 1931 1620 Licinius
1955 1566 2209 1630 Gabolus,
2232 1581 2352 1616 men
2368 1565 2431 1616 of
2447 1566 2752 1617 Praetorian

1529 1714 1636 1766 No
1640 1713 1750 1764 1·AE

539 1821 651 1872 curi
688 1822 887 1873 hortos.

603 1900 721 1951 Sine
741 1915 853 1950 curu
875 1898 1057 1963 Deum]
1096 1901 1252 1965 Puto,
1272 1915 1377 1951 non
1407 1899 1601 1964 Epicu·

536 1990 682 2026 reum
706 1977 836 2040 agit,
870 1977 964 2026 sed
997 1977 1225 2041 loquitur
1256 1978 1308 2027 in
1342 1977 1603 2029 sententia

535 2054 843 2119 plebeculae,
865 2061 921 2103 et
942 2069 1034 2118 pro
1057 2062 1216 2121 captu
1244 2055 1385 2119 vulgi
1410 2072 1424 2105 ι
1460 2054 1600 2121 quod

535 2127 712 2180 facere
735 2129 895 2179 debet
911 2130 1203 2197 historicus,
1242 2139 1297 2182 et
1327 2132 1462 2197 quod
1486 2147 1602 2197 gra-

536 2205 692 2271 phice
732 2206 922 2272 ubique
954 2206 1192 2259 Tacitus.
1256 2209 1388 2257 Sane
1420 2211 1605 2258 tollen·

533 2283 659 2334 dum
677 2283 850 2334 statim
867 2283 1140 2334 videbatur
1163 2285 1266 2335 tale
1282 2292 1601 2349 portentum,

536 2375 605 2411 ne
625 2361 760 2411 ultra
784 2368 1143 2426 prorumperet
1163 2362 1216 2410 in
1254 2362 1453 2412 scelera
1471 2378 1486 2423 ;
1506 2360 1601 2411 sed

534 2440 703 2491 multa
746 2444 938 2505 praeter
969 2440 1263 2504 opinionem
1298 2438 1440 2504 vulgi
1463 2440 1601 2490 acci-

504 2513 698 2578 gaunt:
756 2532 893 2582 sero,
947 2516 1042 2568 sed
1085 2517 1315 2582 graviter
1367 2516 1601 2567 vindicat

533 2595 723 2646 Deus.
996 2613 999 2620 >

597 2669 623 2705 ⁴¹
632 2670 858 2724 ductum
910 2670 1154 2723 imitatem
1197 2671 1355 2735 suam]
1426 2668 1600 2733 Igitur

533 2731 688 2797 valde
730 2748 912 2812 miror,
981 2748 1116 2814 quod
1169 2748 1329 2798 habet
1381 2747 1599 2798 Sueten.

535 2822 667 2874 Ner.
682 2828 766 2874 34.
820 2827 836 2853 ‘
856 2825 1147 2889 Junxitque
1185 2824 1464 2890 parricidio
1495 2841 1600 2875 ma-

537 2899 634 2949 tris
655 2900 826 2951 amitae
861 2915 1061 2965 necem,
1100 2917 1255 2966 quam
1279 2916 1394 2951 cum
1419 2916 1485 2950 ex
1508 2903 1600 2951 du-

534 2976 657 3026 ritia
699 2977 806 3026 alvi
858 2978 1137 3027 cubantem
1192 2977 1450 3043 visitaret,
1501 2982 1601 3030 διο.

535 3054 895 3120 praecepitque
919 3055 1156 3120 medicis,
1191 3063 1252 3106 ut
1272 3056 1463 3120 largius
1485 3069 1605 3121 pur-

532 3138 726 3195 garent
747 3131 981 3196 aegram.'·
1040 3133 1104 3183 Id
1138 3141 1239 3197 est,
1259 3149 1460 3184 veneno
1483 3150 1603 3185 con-

535 3207 776 3261 ficerent.

600 3289 738 3339 Nam
768 3294 969 3353 contra,
989 3297 1156 3340 morte
1175 3289 1354 3339 matris
1376 3289 1604 3354 placabi-

531 3367 632 3417 lior
654 3365 847 3431 factuS,
874 3366 1100 3417 maxima
1121 3367 1399 3417 clementia
1420 3368 1473 3416 in
1496 3382 1601 3417 om-

532 3457 626 3493 nes
646 3459 764 3494 usus
784 3450 888 3506 est,
919 3450 976 3493 et
999 3444 1261 3508 praecipue
1281 3444 1337 3493 in
1354 3459 1442 3494 eos
1474 3443 1600 3509 quos

462 3565 467 3568 .
526 3522 618 3570 vvel
657 3521 836 3571 oderat
871 3521 955 3570 vel
989 3522 1324 3571 subverterat
1358 3520 1601 3585 Agrippi·

534 3609 631 3657 na3
685 3611 800 3659 quae
844 3610 958 3645 cum
1004 3595 1233 3646 Domitia
1285 3596 1601 3645 simultatem

534 3672 840 3724 muliebrem
855 3674 1179 3738 potissimum
1193 3671 1488 3737 exercebat,
1496 3679 1600 3723 tes·

535 3755 592 3800 te
607 3749 804 3799 Tacito.

599 3815 753 3897 Unde
794 3824 973 3876 inferri
1014 3825 1196 3891 possit,
1216 3841 1320 3875 non
1343 3823 1595 3875 oc'cidisse

535 3902 743 3955 amitam
798 3903 1105 3966 Domitiam,
1159 3904 1268 3951 sive
1312 3902 1430 3956 duae
1487 3903 1596 3952 sive

535 3994 639 4030 una
663 3977 864 4030 tantum
886 3979 1047 4029 amita
1064 3980 1112 4027 ei
1126 3977 1305 4029 fuerit.

558 4084 563 4089 ·
594 4062 623 4089 θ
651 4045 872 4119 daniam]
905 4054 1190 4118 Calvinum,
1230 4051 1297 4104 de
1318 4054 1469 4120 qual.
1491 4068 1596 4105 xu.

535 4131 624 4181 De
663 4123 964 4196 Calpurnia,
1007 4130 1194 4180 eodem
1226 4132 1388 4181 etiam
1425 4130 1598 4181 l.x11.

534 4206 725 4258 Statim
775 4209 1001 4259 Praetura
1039 4207 1254 4303 functus,
1306 4209 1601 4283 legendum.

536 4281 808 4373 urm.

1740 1819 1761 1854 ἲ
1787 1821 2089 1883 Proefectura
2114 1821 2311 1882 functos
2338 1818 2446 1872 Vat.
2468 1821 2753 1885 Capitonem

1676 1904 1726 1950 et
1745 1899 1855 1950 Lic-
1894 1898 2150 1964 Gabolum]
2182 1899 2355 1963 Vulgo
2373 1903 2621 1962 praetura:
2657 1898 2752 1949 sed

1677 1972 1806 2028 nibil
1826 1977 2017 2040 reperi.
2084 1976 2202 2027 Nisi
2231 1975 2369 2026 forte
2393 1975 2513 2025 Val.
2540 1976 2754 2041 Capito,

1675 2053 2016 2119 Cossutianus
2030 2055 2119 2105 ille
2138 2055 2223 2117 sit,
2240 2067 2393 2124 quem
2409 2053 2545 2102 dixit
2562 2054 2599 2103 l.
2626 2067 2752 2127 xug.

1682 2133 1980 2183 damnatum
2031 2132 2085 2181 in
2126 2131 2357 2193 exilium,
2393 2145 2511 2180 cum
2559 2129 2751 2185 Cilices

1680 2209 2085 2274 repetundarum
2130 2209 2476 2257 detulissent:
2528 2207 2599 2259 de
2649 2222 2751 2273 quo

1681 2287 1816 2337 infra
1858 2287 2040 2337 eodem
2078 2286 2171 2336 lib.
2214 2287 2323 2335 ait:
2376 2285 2546 2335 ‘Exin
2571 2301 2602 2337 a
2628 2287 2758 2337 Cos-

1681 2365 1883 2414 sutiano
1925 2363 2202 2428 Capitone,
2236 2364 2323 2428 qui
2356 2379 2524 2428 nuper
2546 2366 2752 2414 senato·

1679 2440 1814 2492 rium
1851 2441 2084 2491 ordinem
2127 2440 2372 2505 precibus
2406 2440 2651 2509 Tigellini
2667 2455 2753 2502 so·

1679 2519 1788 2568 ceri
1809 2518 1885 2568 sui
1909 2516 2221 2584 receperat?
2286 2516 2360 2567 At
2389 2518 2621 2576 Licinius
2645 2518 2750 2582 Ga-

1681 2595 1828 2645 bolus
1859 2610 2109 2661 nusquam
2143 2602 2490 2661 praeterquam
2509 2596 2622 2647 hoc
2631 2583 2750 2648 loco
2783 2607 2786 2610 “

1678 2680 2009 2723 memoratur.

1746 2751 1913 2799 Recte
1939 2754 2155 2813 proetura
2182 2710 2415 2806 sunt-tos,-
2456 2761 2557 2796 nec
2595 2713 2757 2799 aliter

1678 2825 1902 2875 Tacitus.
1968 2824 2104 2874 Nam
2149 2840 2251 2890 qua
2283 2821 2753 2888 proefecturusuncii

1675 2903 1752 2951 sic
1776 2917 1873 2966 per
1908 2901 2304 2951 excellentiam?
2337 2900 2518 2964 inepta
2551 2900 2749 2952 lectiot

1681 2973 1863 3030 melius
1896 2986 2113 3044 praeturu
2130 2979 2345 3040 sanctos,
2383 2992 2511 3041 quos
2532 2976 2677 3036 inter
2696 2983 2754 3029 et

1682 3057 1957 3121 praetorios
1977 3055 2255 3119 distinguit
2273 3054 2507 3104 Tacitus.
2543 3093 2544 3098 ¹
2729 3047 2732 3050 ’

1749 3132 2042 3192 Proefectura
2083 3130 2269 3193 functi]
2338 3131 2620 3194 Nunquam
2676 3129 2754 3181 sic
2813 3131 2814 3134 ’

1577 3235 1584 3240 ›
1683 3210 1894 3273 scripsit
1924 3209 2166 3259 Tacitus·
2207 3209 2325 3271 lege
2356 3213 2575 3271 praetura
2606 3207 2753 3272 sunc-

1682 3292 1789 3336 los:
1844 3286 2088 3336 audacior
2139 3285 2227 3350 qui
2283 3284 2459 3350 vertit,
2501 3283 2755 3350 proefectos

1679 3364 1829 3413 urbis.
1896 3362 1976 3412 Ad
2024 3363 2075 3411 id
2115 3361 2253 3427 quod
2283 3360 2481 3425 dicunt,
2501 3376 2606 3410 non
2629 3349 2752 3422 ante

1682 3446 1989 3490 memoratos
2028 3454 2141 3489 esse
2164 3438 2303 3489 inter
2325 3439 2524 3501 exules,
2559 3456 2751 3491 vanum

1682 3514 1826 3566 illud.
1892 3516 2028 3566 Nam
2060 3514 2270 3564 Tacitus
2307 3529 2410 3563 non
2441 3517 2756 3569 memoravit

1680 3608 1862 3654 omues
1896 3594 2159 3658 perculsos
2203 3593 2269 3642 ab
2311 3591 2625 3658 Agrippina,
2671 3596 2753 3656 vel

1683 3669 1749 3719 ob
1788 3678 1980 3719 sortem
2017 3668 2243 3718 infimam
2265 3684 2463 3733 eorum,
2479 3665 2755 3735 qui'pelle·

1682 3752 1884 3809 rentur,
1921 3746 2003 3795 vel
2035 3741 2156 3809 quia
2187 3760 2289 3794 non
2322 3744 2460 3793 forte
2476 3738 2754 3814 vulgatum

1680 3829 1780 3886 est,
1822 3838 1924 3888 quo
1961 3822 2193 3887 crimine,
2226 3829 2314 3887 aut
2336 3820 2526 3900 quibus
2552 3823 2754 3888 artibus

1678 3901 2017 3965 pellerentur.

1741 3977 1877 4027 Nam
1902 3977 1990 4025 alii
2020 3975 2157 4026 forte
2179 3982 2324 4027 metu
2346 3982 2549 4028 tantum
2575 3959 2752 4037 exula-

1677 4054 1822 4118 bant,
1856 4069 1923 4104 ne
1953 4053 2129 4104 durius
2150 4055 2536 4118 adverteretur,
2559 4072 2751 4124 nempe

1677 4136 1735 4179 et
1771 4130 1848 4180 illi
1902 4132 2021 4180 aula
2074 4130 2324 4195 prohibiti
2378 4137 2435 4180 et
2491 4133 2753 4200 exterriti,

1679 4208 2105 4280 quemadmodum
2123 4208 2473 4272 Vespasianus
2487 4226 2502 4271 3
2520 4211 2611 4261 alii
2627 4226 2748 4270 vero

1571 4345 1580 4364 ς
1678 4286 1896 4361 sepositi
1938 4293 1994 4336 et
2027 4285 2246 4351 relegati
2269 4292 2363 4364 323
2395 4285 2507 4352 ipse
2536 4287 2745 4369 Tacitus
