3063 4952
304 440 351 516 j.
375 440 434 514 ’0.
459 448 607 525 σο.’]ῗ

1007 441 1418 498 ᾉᾸΝΝΛΒΙΠΜ
1469 434 1835 494 1211322X111.

2325 420 2501 488 1523

300 590 524 685 incipi,
557 618 839 685 quorum
868 594 1050 661 obvii
1074 588 1299 658 'testes
1343 591 1547 653 erant.
1633 572 1755 665 Ii,⁴
1784 589 1804 620 ‘
1827 583 2187 649 acerbitate
2219 587 2503 646 accusa·
2529 604 2542 611 ·

298 705 499 770 tionis
518 703 609 784 Q.
629 693 1093 787 Pomponiumi
1115 695 1201 760 ad
1219 693 1684 757 necessitatem
1705 688 1864 755 belli
1891 686 2111 753 civilis
2134 685 2499 750 detrusum:

295 903 493 951 MP?

488 891 688 937 oesentes
719 888 862 935 testes
889 885 1113 933 aderant.-
1148 878 1231 928 Illi
1264 874 1543 939 arg-nebant,
1575 875 1818 925 adactum
1843 873 1911 926 Q.
1935 871 2279 936 Pomponium
2306 867 2505 919 saevitia

297 969 355 1004 ac
380 952 629 1002 violentia
671 950 942 1000 delationis
978 947 1126 1011 ipsius
1163 942 1227 992 ad
1265 941 1631 991 necessitatem
1666 946 1836 990 motus
1875 937 2058 988 civici:
2108 937 2301 989 Juliam
2343 932 2499 985 Drusi

1222 1053 1426 1073 ΜΝ
1428 1053 1573 1073 OOOOO

704 1169 737 1214 4
774 1165 901 1214 Mss.
935 1161 1087 1212 Harl.
1120 1160 1229 1212 Jes.
1269 1155 1446 1206 Guelf.
1470 1163 1527 1207 et
1562 1155 1722 1206 editio
1739 1154 1997 1221 princeps,
2019 1151 2088 1202 hi.

1297 1298 1512 1353 No'rAE

294 1458 303 1463 .
361 1415 721 1482 Inquisitionem
773 1413 997 1477 annuam]
1063 1411 1355 1478 Aliquando

298 1495 517 1545 multum
575 1493 823 1558 temporis
873 1491 939 1541 ad
1001 1488 1357 1555 inquirendum

299 1572 602 1635 poscebant.
671 1571 858 1620 Cicero
908 1569 959 1617 in
980 1569 1220 1629 Verrem,
1252 1582 1358 1616 cen-

298 1653 398 1697 tum
429 1652 479 1698 et
505 1649 663 1696 decem
692 1649 793 1696 dies
828 1646 1068 1696 obtinuit.
1136 1646 1206 1694 Et
1240 1644 1359 1709 quia

298 1727 527 1777 hocloco
543 1726 718 1776 Taciti
742 1726 992 1790 agebatur
1015 1725 1079 1774 de
1101 1722 1225 1773 Asia
1244 1737 1361 1787 spo·

297 1804 439 1864 liata,
481 1818 600 1868 quae
641 1805 822 1866 procul
865 1801 1044 1851 dissita
1078 1799 1360 1865 provincia,

295 1881 430 1933 forte
452 1888 738 1947 propterea
769 1895 954 1930 annum
992 1880 1247 1943 integrum
1271 1876 1359 1927 ob-

295 1959 581 2008 tinuerunt.

357 2038 430 2086 Et
471 2034 531 2083 τὸ
583 2036 954 2099 impetraverant
1013 2031 1247 2097 intelligo
1289 2028 1355 2079 de

290 2115 545 2179 utrisque,
569 2113 635 2162 de
658 2112 1059 2174 accusatoribus,
1082 2115 1136 2161 et
1158 2110 1220 2160 de
1240 2125 1355 2173 reo;

291 2192 425 2243 forte
450 2193 504 2242 id
531 2199 736 2257 tempus
758 2192 898 2255 prior
920 2205 1038 2240 reus
1061 2188 1361 2254 postulavit,

295 2277 347 2321 et
368 2274 703 2320 accusatores
736 2284 838 2318 non
872 2268 1063 2318 acriter
1096 2266 1361 2327 restitere,

294 2349 412 2415 quia
430 2354 492 2397 ut
507 2349 562 2397 s'e
581 2347 706 2396 satis
727 2345 943 2395 testibus
962 2350 1052 2395 aut
1070 2344 1257 2394 tabulis
1276 2341 1358 2392 fir-

289 2433 516 2490 marent,
556 2439 659 2473 non
703 2422 909 2473 modico
952 2428 1188 2487 tempore
1228 2435 1356 2485 opus

287 2505 411 2567 fuit,
437 2511 497 2554 et
521 2504 783 2569 praecipue
805 2502 1050 2551 adversus
1073 2500 1357 2550 terribilem

286 2591 341 2633 et
363 2581 573 2632 vafrum
605 2580 910 2642 delatorem,
942 2578 1030 2643 qui
1066 2576 1355 2627 facinorum

286 2659 518 2725 vestigia
565 2656 891 2708 disturbandi
945 2654 1357 2719 discutiendique

285 2753 449 2802 sagax
475 2736 754 2787 admodum
774 2732 906 2783 fuit:
949 2731 1037 2798 qui
1071 2738 1126 2781 et
1158 2739 1358 2780 terrere

286 2823 473 2878 testes,
507 2820 565 2863 et
587 2814 747 2877 ipsam
771 2811 949 2862 Asiam
984 2815 1147 2878 totam
1183 2806 1359 2872 potuit

288 2893 498 2960 opibus,
523 2891 723 2956 amicis,
753 2895 809 2939 et
831 2889 938 2939 acri
959 2887 1358 2952 vehementique

285 2970 540 3022 facundia
565 2984 675 3019 sua.

348 3058 375 3093 ⁸
393 3047 608 3100 Brevitas
623 3046 797 3111 visum]
832 3042 1236 3094 Accusatoribus
1248 3041 1359 3091 Sui·

287 3127 339 3177 lii

283 3284 492 3334 scelera
525 3278 792 3346 intelligit,
829 3291 942 3341 quae
976 3290 1078 3323 non
1112 3276 1275 3324 solum
1303 3274 1355 3324 in

283 3360 433 3423 urbe,
467 3356 561 3408 sed
587 3356 743 3405 etiam
766 3368 929 3419 prope
953 3353 1135 3402 urbem
1169 3367 1354 3418 perpe-

282 3442 494 3499 trasset,
526 3440 587 3483 ut
618 3448 684 3483 ea
706 3432 780 3482 sic
808 3430 1095 3495 distinguat
1117 3429 1182 3480 ab
1206 3427 1355 3479 Asia-

283 3516 402 3565 ticis
429 3511 755 3564 criminibus.

286 3591 293 3596 ’
347 3593 429 3643 Ex
467 3607 572 3657 quo
612 3597 846 3652 tempore
866 3586 1127 3636 Valerium
1161 3583 1353 3634 Asiati-

283 3687 400 3723 cum
434 3668 667 3736 perculit
701 3667 888 3717 Suilius
911 3666 963 3715 in
985 3663 1182 3729 palatio
1205 3664 1354 3714 Clau·

282 3749 376 3812 dii,
399 3759 577 3798 coram
602 3744 920 3805 Messallina,
947 3742 1031 3792 cui
1066 3743 1194 3792 tales
1216 3756 1353 3791 mac-

281 3827 432 3876 tabat
467 3825 759 3875 victimas.
802 3820 957 3871 Haud
1003 3819 1162 3869 dubie
1206 3820 1354 3882 plura

281 3905 385 3972 alia
420 3902 626 3952 scelera
658 3898 1004 3963 perpetravit,
1053 3911 1155 3945 non
1192 3896 1372 3945 solum'

281 3981 335 4031 in
372 3980 537 4045 regia,
579 3982 669 4026 aut
704 3975 864 4035 curia,
896 3974 988 4023 sed
1023 3974 1181 4022 etiam
1214 3972 1354 4022 circa

278 4058 488 4121 urbem„
523 4056 575 4103 in
612 4052 872 4118 praetoriis
905 4065 1092 4115 nempe
1116 4050 1353 4113 villisque

280 4137 459 4201 regiis,
483 4141 574 4185 aut
596 4133 653 4182 in
672 4131 900 4181 finitimis
924 4129 1128 4194 oppidis
1152 4144 1211 4178 ac
1237 4143 1352 4192 pro-

277 4214 485 4264 vinciis.
1304 4247 1305 4250 ,

347 4291 538 4355 Itaque
579 4302 676 4355 per
706 4286 972 4336 suburbana
1009 4284 1238 4349 crimina,
1276 4285 1350 4335 in·

279 4370 465 4437 telligo
487 4382 709 4437 quaeque
731 4371 1083 4433 perpetrasset
1117 4364 1350 4416 facinora

347 3163 371 3237 l·
412 3200 638 3263 Urbana]
678 3200 851 3264 Vulgo
882 3197 1162 3258 suburbana,
1195 3202 1250 3246 et
1283 3197 1367 3245 sic-

1434 1383 1626 1461 Snilius
1646 1410 1699 1459 in
1723 1408 1868 1469 urbe,
1897 1405 2073 1468 Italia,
2104 1409 2158 1454 et
2182 1400 2361 1451 vicinis
2387 1412 2502 1463 pro-

1435 1489 1639 1549 vinciis,
1663 1483 1970 1550 opponendo
1994 1476 2366 1539 transmarinis,
2384 1490 2498 1540 quae

1436 1567 1622 1632 procul
1644 1570 1848 1629 amotae,
1881 1568 1941 1613 ut
1963 1560 2106 1624 Asia,
2137 1572 2287 1623 qnam
2317 1553 2503 1618 spolia·

1437 1650 1784 1771 νοὲἶιῖιιτὺαηα
1816 1719 1976 1784 igitur
2017 1718 2154 1776 sunt,
2187 1726 2303 1778 quae
2337 1720 2502 1774 prope

1438 1800 1622 1851 urbem
1644 1798 2016 1858 committeret,
2040 1798 2095 1843 et
2116 1803 2331 1857 quorum
2352 1784 2503 1836 vesti·

1439 1878 1525 1943 gia
1557 1884 1611 1927 et
1646 1876 1941 1927 testimonia
1978 1874 2262 1937 potuerunt
2298 1866 2352 1915 in
2387 1878 2504 1929 pro-

1438 1956 1629 2021 pinquo
1670 1960 1726 2004 et
1767 1954 1940 2003 statim
1981 1946 2297 2012 investigari,
2337 1949 2399 1992 ut
2433 1955 2504 2006 ‚ea

1437 2039 1670 2098 opponat
1701 2030 1985 2095 longinquis
2005 2024 2323 2087 criminibus,
2352 2021 2502 2072 Asia-

1439 2109 1555 2159 ticis
1587 2123 1791 2173 nempe.
1856 2107 1943 2156 Sic
1983 2104 2179 2163 Sicilia,
2217 2101 2292 2150 sic
2326 2096 2503 2149 Gallia

1438 2186 1792 2237 Narbonensis
1817 2182 2095 2234 subur-bane
2125 2175 2405 2245 provinciae
2431 2173 2504 2222 di·

1439 2265 1707 2316 cebantur.

1504 2342 1782 2391 Submbana
1803 2336 2027 2400 crimina]
2061 2336 2191 2389 Quae
2226 2343 2413 2393 nempe
2445 2327 2500 2377 in

1439 2419 1587 2483 urbe,
1608 2419 1742 2480 aula,
1762 2415 1938 2474 Italia,
1955 2421 2009 2463 et
2031 2410 2278 2478 proximis
2298 2406 2502 2471 provin-

1439 2497 1552 2557 ciis,
1585 2510 1698 2561 quae
1729 2491 2009 2542 suburbanoe
2039 2488 2401 2545 censebantur,
2440 2487 2501 2530 ut

1437 2572 1631 2634 Sicilia,
1674 2567 1940 2635 provincia
1980 2560 2364 2620 Narbonensis;
2409 2564 2500 2607 aut

1435 2639 1698 2700 suburbana
1718 2646 1873 2696 latius
1906 2644 2062 2694 etiam
2085 2644 2273 2699 sumta,
2297 2649 2502 2700 respec-

1439 2739 1494 2779 tu
1519 2725 1995 2785 transmarinarum,
2018 2725 2074 2769 et
2095 2718 2499 2766 ultramontana-

1438 2822 1549 2857 rum
1573 2805 1854 2869 regionum.

1501 2882 1515 2917 ¹
1550 2884 1612 2940 Q.
1645 2876 1976 2945 Pomponium]
2031 2874 2175 2926 Nihil
2219 2869 2355 2937 legi:
2409 2867 2500 2933 qui

1438 2966 1740 3028 sequuntur,
1775 2958 1811 3007 ii
1844 2957 1955 3006 fere
1977 2952 2229 3005 nominati
2262 2951 2313 2999 in
2347 2947 2497 2999 Ludo

1436 3041 1668 3091 Seuecae.
1725 3037 1935 3101 Lipsius.

1506 3120 1569 3176 Q.
1599 3112 1927 3180 Pomponium]
1962 3109 2120 3162 Multi
2139 3105 2501 3170 conspirarunt

1436 3197 1681 3247 adversus
1706 3191 1994 3253 Claudium,
2026 3187 2120 3238 sed
2157 3185 2333 3236 statim
2362 3197 2498 3232 com-

1438 3275 1604 3341 pressi
1657 3273 1734 3322 illi
1790 3277 1974 3327 mqtus.
2062 3267 2135 3316 Et
2176 3259 2497 3324 Pomponius

1434 3353 1570 3404 forte
1593 3353 1645 3401 in
1668 3348 1904 3415 partibus
1924 3343 2064 3395 Galli
2088 3338 2276 3399 Asinii,
2293 3336 2376 3385 ve'l
2400 3335 2499 3384 Ca-

1432 3431 1579 3495 milli,
1604 3441 1815 3496 quorum
1833 3424 1951 3490 quia
1967 3420 2134 3484 majus
2155 3429 2358 3479 nomen,
2377 3413 2496 3463 hinc

1435 3510 1501 3561 ab
1526 3508 1640 3558 aliis
1664 3502 1962 3555 auctoribus
1985 3513 2066 3549 res
2089 3496 2258 3547 obiter
2296 3497 2496 3542 tantum

1435 3605 1501 3640 ex
1524 3583 1874 3653 sequentibuS,
1897 3571 2234 3642 Pomponius,
2254 3578 2313 3623 ut
2336 3570 2496 3620 mino·

1435 3668 1504 3717 ris
1539 3671 1695 3724 notae,
1729 3657 1934 3710 silentio
1970 3653 2311 3704 transmissus.
2377 3648 2496 3699 Nec

1433 3744 1523 3795 ille
1567 3742 1672 3791 dux
1708 3738 1789 3790 vel
1822 3740 2005 3786 auctor
2043 3728 2361 3791 rebellionis,
2403 3725 2496 3778 sed

1437 3818 1603 3872 affinis
1624 3826 1681 3869 et
1702 3815 1871 3865 socius
1895 3817 2114 3862 tantumz

1502 3898 1587 3947 Sic
1604 3897 1817 3945 Sueton.
1833 3893 1849 3919 ⁸
1870 3888 2305 3950 Conspiraverant
2321 3887 2496 3931 autem

1435 3977 1499 4028 ad
1524 3992 1604 4025 res
1629 3975 1784 4023 novas
1802 3970 1985 4021 Gallus
2010 3965 2239 4026 Asinius,
2264 3968 2320 4013 et
2340 3962 2499 4011 Stati-

1432 4056 1531 4105 lius
1556 4050 1825 4111 Corvinus,
1859 4043 2108 4096 Pollionis
2141 4056 2202 4091 ac
2236 4038 2498 4089 Messalla

1435 4139 1696 4182 oratorum
1737 4127 1984 4190 nepotes,’
2017 4126 2115 4170 διο.
2182 4118 2386 4167 Bellum
2424 4115 2497 4166 ci-
2544 4125 2568 4138 ··

1435 4205 1748 4260 vile‘movit
1786 4203 1971 4253 Furius
2007 4198 2253 4248 Camillus
2289 4194 2496 4247 Scribo-

1428 4288 1613 4337 nianus
1631 4278 1902 4332 Dalmatiae
1926 4278 2144 4340 legatus,
2162 4288 2341 4323 verum
2359 4273 2500 4323 intra·

1430 4364 1667 4431 quintum
1688 4359 1826 4409 diem
1846 4366 2125 4420 oppressus
2145 4348 2264 4402 est.’
2331 4393 2334 4396 ,
