<?xml version="1.0" encoding="UTF-8"?>
<!DOCTYPE html PUBLIC "-//W3C//DTD XHTML 1.0 Transitional//EN"
    "http://www.w3.org/TR/xhtml1/DTD/xhtml1-transitional.dtd">
<html xmlns="http://www.w3.org/1999/xhtml" xml:lang="en" lang="en">
 <head>
  <title>
</title>
<meta http-equiv="Content-Type" content="text/html;charset=utf-8" />
  <meta name='ocr-system' content='tesseract 3.04.00' />
  <meta name='ocr-capabilities' content='ocr_page ocr_carea ocr_par ocr_line ocrx_word'/>
</head>
<body>
  <div class='ocr_page' id='page_1' title='image "./operaomniavolum00tacigoog_0279.png"; bbox 0 0 3063 4952; ppageno 0'>
   <div class='ocr_carea' id='block_1_1' title="bbox 344 375 2576 1247">
    <p class='ocr_par' dir='ltr' id='par_1_1' title="bbox 344 375 2576 1247">
     <span class='ocr_line' id='line_1_1' title="bbox 354 375 2576 475; baseline -0.002 -13"><span class='ocrx_word' id='word_1_1' title='bbox 354 398 497 463; x_wconf 55' lang='lat' dir='ltr'><strong><em>tc.</em></strong></span> <span class='ocrx_word' id='word_1_2' title='bbox 517 375 679 475; x_wconf 58' lang='lat' dir='ltr'><strong><em>ars</em></strong></span> <span class='ocrx_word' id='word_1_3' title='bbox 1050 382 1461 455; x_wconf 50' lang='lat' dir='ltr'><strong><em>*numum*</em></strong></span> <span class='ocrx_word' id='word_1_4' title='bbox 1511 402 1660 458; x_wconf 75' lang='lat' dir='ltr'><strong><em>mn.</em></strong></span> <span class='ocrx_word' id='word_1_5' title='bbox 1699 398 1872 454; x_wconf 63' lang='lat' dir='ltr'><strong><em>xiv.</em></strong></span> <span class='ocrx_word' id='word_1_6' title='bbox 2388 382 2576 459; x_wconf 71' lang='grc'><strong><em>1668</em></strong></span> 
     </span>
     <span class='ocr_line' id='line_1_2' title="bbox 353 544 2570 636; baseline 0 -19"><span class='ocrx_word' id='word_1_7' title='bbox 353 545 621 617; x_wconf 68' lang='grc' dir='ltr'><strong><em>Ιίιωειὶ“““</em></strong></span> <span class='ocrx_word' id='word_1_8' title='bbox 639 550 871 628; x_wconf 81' lang='lat' dir='ltr'><strong><em>inerat,</em></strong></span> <span class='ocrx_word' id='word_1_9' title='bbox 916 553 984 614; x_wconf 82' lang='lat' dir='ltr'><strong><em>et</em></strong></span> <span class='ocrx_word' id='word_1_10' title='bbox 1030 544 1419 615; x_wconf 80' lang='lat' dir='ltr'><strong><em>ancillarum</em></strong></span> <span class='ocrx_word' id='word_1_11' title='bbox 1456 570 1637 617; x_wconf 81' lang='lat' dir='ltr'><strong><em>una:</em></strong></span> <span class='ocrx_word' id='word_1_12' title='bbox 1677 549 1918 635; x_wconf 81' lang='lat' dir='ltr'><strong><em>&#39;magis&#39;</em></strong></span> <span class='ocrx_word' id='word_1_13' title='bbox 1971 570 2054 617; x_wconf 81' lang='lat' dir='ltr'><strong><em>ac</em></strong></span> <span class='ocrx_word' id='word_1_14' title='bbox 2102 550 2316 636; x_wconf 82' lang='lat' dir='ltr'><strong><em>magis</em></strong></span> <span class='ocrx_word' id='word_1_15' title='bbox 2362 554 2570 618; x_wconf 76' lang='lat' dir='ltr'><strong><em>anxia</em></strong></span> 
     </span>
     <span class='ocr_line' id='line_1_3' title="bbox 352 644 2566 740; baseline 0.003 -24"><span class='ocrx_word' id='word_1_16' title='bbox 352 644 760 738; x_wconf 78' lang='lat' dir='ltr'><strong><em>Agrippina,</em></strong></span> <span class='ocrx_word' id='word_1_17' title='bbox 816 652 995 737; x_wconf 80' lang='lat' dir='ltr'><strong><em>quod</em></strong></span> <span class='ocrx_word' id='word_1_18' title='bbox 1042 671 1235 717; x_wconf 90' lang='lat' dir='ltr'><strong><em>nemo</em></strong></span> <span class='ocrx_word' id='word_1_19' title='bbox 1279 674 1322 718; x_wconf 81' lang='lat' dir='ltr'>a</span> <span class='ocrx_word' id='word_1_20' title='bbox 1376 649 1566 733; x_wconf 76' lang='lat' dir='ltr'><strong><em>tilio,¹</em></strong></span> <span class='ocrx_word' id='word_1_21' title='bbox 1611 662 1700 719; x_wconf 80' lang='lat' dir='ltr'><strong><em>‘ac</em></strong></span> <span class='ocrx_word' id='word_1_22' title='bbox 1747 674 1830 718; x_wconf 90' lang='lat' dir='ltr'><strong><em>ne</em></strong></span> <span class='ocrx_word' id='word_1_23' title='bbox 1877 653 2207 737; x_wconf 79' lang='lat' dir='ltr'>Agerinus</span> <span class='ocrx_word' id='word_1_24' title='bbox 2259 653 2566 740; x_wconf 77' lang='lat' dir='ltr'><strong><em>quidem:</em></strong></span> 
     </span>
     <span class='ocr_line' id='line_1_4' title="bbox 351 755 2568 843; baseline 0.002 -24"><span class='ocrx_word' id='word_1_25' title='bbox 351 755 611 820; x_wconf 70' lang='lat' dir='ltr'><strong><em>aliamm</em></strong></span> <span class='ocrx_word' id='word_1_26' title='bbox 660 756 797 821; x_wconf 87' lang='lat' dir='ltr'><strong><em>fere</em></strong></span> <span class='ocrx_word' id='word_1_27' title='bbox 824 757 1075 820; x_wconf 81' lang='lat' dir='ltr'><strong><em>littore⁵</em></strong></span> <span class='ocrx_word' id='word_1_28' title='bbox 1105 755 1344 820; x_wconf 82' lang='lat' dir='ltr'><strong><em>faciem</em></strong></span> <span class='ocrx_word' id='word_1_29' title='bbox 1372 776 1569 836; x_wconf 84' lang='lat' dir='ltr'><strong><em>nunc,</em></strong></span> <span class='ocrx_word' id='word_1_30' title='bbox 1601 758 2050 822; x_wconf 86' lang='lat' dir='ltr'><strong><em>solitudinem¹¹</em></strong></span> <span class='ocrx_word' id='word_1_31' title='bbox 2078 778 2161 822; x_wconf 82' lang='lat' dir='ltr'><strong><em>ac</em></strong></span> <span class='ocrx_word' id='word_1_32' title='bbox 2187 758 2568 843; x_wconf 81' lang='lat' dir='ltr'><strong><em>repentinos</em></strong></span> 
     </span>
     <span class='ocr_line' id='line_1_5' title="bbox 351 855 2566 942; baseline 0.002 -21"><span class='ocrx_word' id='word_1_33' title='bbox 351 860 681 942; x_wconf 82' lang='lat' dir='ltr'><strong><em>strepitus</em></strong></span> <span class='ocrx_word' id='word_1_34' title='bbox 702 865 768 924; x_wconf 85' lang='lat' dir='ltr'><strong><em>et</em></strong></span> <span class='ocrx_word' id='word_1_35' title='bbox 794 855 1098 922; x_wconf 83' lang='lat' dir='ltr'><strong><em>extremi⁶</em></strong></span> <span class='ocrx_word' id='word_1_36' title='bbox 1125 858 1285 923; x_wconf 84' lang='lat' dir='ltr'><strong><em>mali</em></strong></span> <span class='ocrx_word' id='word_1_37' title='bbox 1335 859 1608 925; x_wconf 81' lang='lat' dir='ltr'><strong><em>indicia.</em></strong></span> <span class='ocrx_word' id='word_1_38' title='bbox 1699 858 2005 924; x_wconf 82' lang='lat' dir='ltr'><strong><em>Abeunte</em></strong></span> <span class='ocrx_word' id='word_1_39' title='bbox 2036 859 2268 924; x_wconf 87' lang='lat' dir='ltr'><strong><em>dehinc</em></strong></span> <span class='ocrx_word' id='word_1_40' title='bbox 2298 858 2566 939; x_wconf 80' lang='lat' dir='ltr'><strong><em>ancilla,</em></strong></span> 
     </span>
     <span class='ocr_line' id='line_1_6' title="bbox 347 956 2564 1046; baseline 0.001 -22"><span class='ocrx_word' id='word_1_41' title='bbox 347 956 381 991; x_wconf 68' lang='lat'><strong><em>&#39;³&#39;</em></strong></span> <span class='ocrx_word' id='word_1_42' title='bbox 424 965 499 1024; x_wconf 87' lang='lat' dir='ltr'><strong><em>tu</em></strong></span> <span class='ocrx_word' id='word_1_43' title='bbox 563 982 832 1046; x_wconf 90' lang='lat' dir='ltr'><strong><em>quoque</em></strong></span> <span class='ocrx_word' id='word_1_44' title='bbox 886 981 992 1024; x_wconf 89' lang='lat' dir='ltr'><strong><em>me</em></strong></span> <span class='ocrx_word' id='word_1_45' title='bbox 1049 960 1339 1040; x_wconf 81' lang='lat' dir='ltr'><strong><em>deseriS,’</em></strong></span> <span class='ocrx_word' id='word_1_46' title='bbox 1395 963 1771 1046; x_wconf 85' lang='lat' dir='ltr'><strong><em>prolocuta,</em></strong></span> <span class='ocrx_word' id='word_1_47' title='bbox 1851 962 2129 1045; x_wconf 85' lang='lat' dir='ltr'>respicit</span> <span class='ocrx_word' id='word_1_48' title='bbox 2184 960 2564 1046; x_wconf 81' lang='lat' dir='ltr'><strong>Anicetum,</strong></span> 
     </span>
     <span class='ocr_line' id='line_1_7' title="bbox 344 1057 2565 1145; baseline 0.002 -20"><span class='ocrx_word' id='word_1_49' title='bbox 344 1063 716 1129; x_wconf 72' lang='lat' dir='ltr'><strong><em>trierarcho</em></strong></span> <span class='ocrx_word' id='word_1_50' title='bbox 776 1057 1162 1142; x_wconf 69' lang='lat' dir='ltr'><strong><em>Herc&#39;uleO,o</em></strong></span> <span class='ocrx_word' id='word_1_51' title='bbox 1217 1070 1283 1129; x_wconf 88' lang='lat' dir='ltr'><strong><em>et</em></strong></span> <span class='ocrx_word' id='word_1_52' title='bbox 1341 1063 1672 1145; x_wconf 86' lang='lat' dir='ltr'><strong><em>Oloarito,</em></strong></span> <span class='ocrx_word' id='word_1_53' title='bbox 1734 1064 2140 1131; x_wconf 85' lang='lat' dir='ltr'><strong><em>Centurione</em></strong></span> <span class='ocrx_word' id='word_1_54' title='bbox 2198 1065 2565 1145; x_wconf 77' lang='lat' dir='ltr'><strong><em>classiariO,</em></strong></span> 
     </span>
     <span class='ocr_line' id='line_1_8' title="bbox 348 1158 2563 1247; baseline 0.002 -19"><span class='ocrx_word' id='word_1_55' title='bbox 348 1158 784 1232; x_wconf 69' lang='lat' dir='ltr'><strong><em>&#39;comitatumz</em></strong></span> <span class='ocrx_word' id='word_1_56' title='bbox 832 1162 987 1244; x_wconf 68' lang='lat' dir='ltr'><strong><em>ac,“</em></strong></span> <span class='ocrx_word' id='word_1_57' title='bbox 1019 1167 1078 1231; x_wconf 89' lang='lat' dir='ltr'><strong><em>si</em></strong></span> <span class='ocrx_word' id='word_1_58' title='bbox 1129 1166 1216 1231; x_wconf 86' lang='lat' dir='ltr'><strong><em>ad</em></strong></span> <span class='ocrx_word' id='word_1_59' title='bbox 1256 1168 1605 1233; x_wconf 84' lang='lat' dir='ltr'><strong><em>visendum</em></strong></span> <span class='ocrx_word' id='word_1_60' title='bbox 1656 1171 1970 1247; x_wconf 86' lang='lat' dir='ltr'><strong><em>venisset,</em></strong></span> <span class='ocrx_word' id='word_1_61' title='bbox 2024 1169 2300 1233; x_wconf 83' lang='lat' dir='ltr'><strong>refotam</strong></span> <span class='ocrx_word' id='word_1_62' title='bbox 2344 1167 2563 1233; x_wconf 82' lang='lat' dir='ltr'><strong><em>nunti-</em></strong></span> 
     </span>
    </p>
   </div>
   <div class='ocr_carea' id='block_1_2' title="bbox 338 1270 2566 1355">
    <p class='ocr_par' dir='ltr' id='par_1_2' title="bbox 338 1270 2566 1355">
     <span class='ocr_line' id='line_1_9' title="bbox 338 1270 2566 1355; baseline 0.002 -23"><span class='ocrx_word' id='word_1_63' title='bbox 338 1272 534 1333; x_wconf 71' lang='lat' dir='ltr'><strong><em>aret:</em></strong></span> <span class='ocrx_word' id='word_1_64' title='bbox 584 1271 688 1334; x_wconf 87' lang='lat' dir='ltr'><strong><em>sin</em></strong></span> <span class='ocrx_word' id='word_1_65' title='bbox 723 1270 984 1334; x_wconf 87' lang='lat' dir='ltr'><strong><em>facinus</em></strong></span> <span class='ocrx_word' id='word_1_66' title='bbox 1029 1276 1433 1355; x_wconf 81' lang='lat' dir='ltr'><strong><em>patraturus,</em></strong></span> <span class='ocrx_word' id='word_1_67' title='bbox 1460 1272 1626 1336; x_wconf 88' lang='lat' dir='ltr'><strong><em>nihil</em></strong></span> <span class='ocrx_word' id='word_1_68' title='bbox 1653 1291 1724 1336; x_wconf 89' lang='lat' dir='ltr'><strong><em>se</em></strong></span> <span class='ocrx_word' id='word_1_69' title='bbox 1778 1271 1862 1337; x_wconf 88' lang='lat' dir='ltr'><strong><em>de</em></strong></span> <span class='ocrx_word' id='word_1_70' title='bbox 1906 1271 2043 1336; x_wconf 89' lang='lat' dir='ltr'><strong><em>filio</em></strong></span> <span class='ocrx_word' id='word_1_71' title='bbox 2087 1271 2390 1352; x_wconf 87' lang='lat' dir='ltr'><strong><em>credere;</em></strong></span> <span class='ocrx_word' id='word_1_72' title='bbox 2431 1289 2566 1336; x_wconf 84' lang='lat' dir='ltr'><strong><em>non</em></strong></span> 
     </span>
    </p>
   </div>
   <div class='ocr_carea' id='block_1_3' title="bbox 336 1458 2564 1854">
    <p class='ocr_par' dir='ltr' id='par_1_3' title="bbox 336 1458 2564 1854">
     <span class='ocr_line' id='line_1_10' title="bbox 340 1458 2562 1527; baseline -0.001 -16"><span class='ocrx_word' id='word_1_73' title='bbox 340 1458 443 1511; x_wconf 71' lang='lat' dir='ltr'><strong><em>&#39;cita</em></strong></span> <span class='ocrx_word' id='word_1_74' title='bbox 463 1461 758 1526; x_wconf 78' lang='lat' dir='ltr'><strong><em>Agrippina,</em></strong></span> <span class='ocrx_word' id='word_1_75' title='bbox 777 1464 898 1527; x_wconf 82' lang='lat' dir='ltr'><strong><em>quod</em></strong></span> <span class='ocrx_word' id='word_1_76' title='bbox 916 1478 1049 1512; x_wconf 79' lang='lat' dir='ltr'><strong><em>nemo</em></strong></span> <span class='ocrx_word' id='word_1_77' title='bbox 1073 1463 1272 1513; x_wconf 81' lang='lat' dir='ltr'><strong><em>veniret</em></strong></span> <span class='ocrx_word' id='word_1_78' title='bbox 1303 1477 1334 1511; x_wconf 90' lang='lat' dir='ltr'><strong><em>a</em></strong></span> <span class='ocrx_word' id='word_1_79' title='bbox 1367 1464 1577 1525; x_wconf 81' lang='lat' dir='ltr'><strong><em>Nerone,</em></strong></span> <span class='ocrx_word' id='word_1_80' title='bbox 1611 1478 1667 1511; x_wconf 84' lang='lat' dir='ltr'><strong><em>ac</em></strong></span> <span class='ocrx_word' id='word_1_81' title='bbox 1690 1476 1747 1510; x_wconf 80' lang='lat' dir='ltr'><strong><em>ne</em></strong></span> <span class='ocrx_word' id='word_1_82' title='bbox 1767 1462 2012 1523; x_wconf 65' lang='lat' dir='ltr'><strong><em>Agerinus</em></strong></span> <span class='ocrx_word' id='word_1_83' title='bbox 2026 1459 2212 1523; x_wconf 78' lang='lat' dir='ltr'><strong><em>quidem</em></strong></span> <span class='ocrx_word' id='word_1_84' title='bbox 2233 1475 2250 1508; x_wconf 92' lang='lat'><strong><em>.·</em></strong></span> <span class='ocrx_word' id='word_1_85' title='bbox 2283 1459 2429 1509; x_wconf 75' lang='lat' dir='ltr'><strong><em>aliam</em></strong></span> <span class='ocrx_word' id='word_1_86' title='bbox 2449 1459 2562 1518; x_wconf 81' lang='lat' dir='ltr'><strong><em>sere</em></strong></span> 
     </span>
     <span class='ocr_line' id='line_1_11' title="bbox 336 1525 2563 1592; baseline -0.001 -17"><span class='ocrx_word' id='word_1_87' title='bbox 336 1528 469 1590; x_wconf 62' lang='grc' dir='ltr'><strong><em>τίμα]</em></strong></span> <span class='ocrx_word' id='word_1_88' title='bbox 499 1529 702 1592; x_wconf 75' lang='lat' dir='ltr'><strong><em>speciem</em></strong></span> <span class='ocrx_word' id='word_1_89' title='bbox 739 1544 880 1590; x_wconf 73' lang='lat' dir='ltr'><strong><em>nnnc,</em></strong></span> <span class='ocrx_word' id='word_1_90' title='bbox 917 1529 1187 1577; x_wconf 73' lang='lat' dir='ltr'><strong><em>uastitatem</em></strong></span> <span class='ocrx_word' id='word_1_91' title='bbox 1228 1544 1283 1577; x_wconf 86' lang='lat' dir='ltr'><strong><em>ac</em></strong></span> <span class='ocrx_word' id='word_1_92' title='bbox 1315 1528 1491 1577; x_wconf 72' lang='lat' dir='ltr'><strong><em>subitos</em></strong></span> <span class='ocrx_word' id='word_1_93' title='bbox 1510 1530 1754 1586; x_wconf 77' lang='lat' dir='ltr'><strong><em>clamores,</em></strong></span> <span class='ocrx_word' id='word_1_94' title='bbox 1776 1531 1826 1574; x_wconf 83' lang='lat' dir='ltr'><strong><em>ct</em></strong></span> <span class='ocrx_word' id='word_1_95' title='bbox 1855 1527 2016 1575; x_wconf 72' lang='lat' dir='ltr'><strong><em>ultimi</em></strong></span> <span class='ocrx_word' id='word_1_96' title='bbox 2038 1525 2178 1574; x_wconf 72' lang='lat' dir='ltr'><strong><em>exitii</em></strong></span> <span class='ocrx_word' id='word_1_97' title='bbox 2193 1525 2349 1586; x_wconf 69' lang='lat' dir='ltr'><strong><em>signa.</em></strong></span> <span class='ocrx_word' id='word_1_98' title='bbox 2413 1526 2563 1586; x_wconf 86' lang='lat' dir='ltr'><strong><em>Dein,</em></strong></span> 
     </span>
     <span class='ocr_line' id='line_1_12' title="bbox 345 1589 2564 1657; baseline -0.001 -16"><span class='ocrx_word' id='word_1_99' title='bbox 345 1593 623 1642; x_wconf 74' lang='lat' dir='ltr'><strong><em>abscedente</em></strong></span> <span class='ocrx_word' id='word_1_100' title='bbox 633 1592 841 1654; x_wconf 82' lang='lat' dir='ltr'><strong><em>famula,</em></strong></span> <span class='ocrx_word' id='word_1_101' title='bbox 863 1609 967 1642; x_wconf 80' lang='lat' dir='ltr'><strong><em>cam</em></strong></span> <span class='ocrx_word' id='word_1_102' title='bbox 1003 1595 1205 1643; x_wconf 66' lang='lat' dir='ltr'><strong><em>divisset</em></strong></span> <span class='ocrx_word' id='word_1_103' title='bbox 1226 1592 1535 1657; x_wconf 84' lang='lat' dir='ltr'><strong><em>Agrippina,</em></strong></span> <span class='ocrx_word' id='word_1_104' title='bbox 1555 1594 1631 1641; x_wconf 88' lang='lat' dir='ltr'><strong><em>Tu</em></strong></span> <span class='ocrx_word' id='word_1_105' title='bbox 1649 1592 1848 1655; x_wconf 78' lang='lat' dir='ltr'><strong><em>pariter</em></strong></span> <span class='ocrx_word' id='word_1_106' title='bbox 1865 1606 1945 1641; x_wconf 88' lang='lat' dir='ltr'><strong><em>me</em></strong></span> <span class='ocrx_word' id='word_1_107' title='bbox 1965 1590 2226 1655; x_wconf 86' lang='lat' dir='ltr'><strong><em>relinquis,</em></strong></span> <span class='ocrx_word' id='word_1_108' title='bbox 2248 1590 2377 1638; x_wconf 75' lang='lat' dir='ltr'><strong><em>videt</em></strong></span> <span class='ocrx_word' id='word_1_109' title='bbox 2393 1589 2564 1639; x_wconf 79' lang='lat' dir='ltr'><strong><em>Anice-</em></strong></span> 
     </span>
     <span class='ocr_line' id='line_1_13' title="bbox 342 1654 2562 1722; baseline -0 -17"><span class='ocrx_word' id='word_1_110' title='bbox 342 1663 449 1706; x_wconf 78' lang='lat' dir='ltr'><strong><em>tum</em></strong></span> <span class='ocrx_word' id='word_1_111' title='bbox 484 1661 715 1722; x_wconf 81' lang='lat' dir='ltr'><strong><em>stipatam</em></strong></span> <span class='ocrx_word' id='word_1_112' title='bbox 749 1659 985 1708; x_wconf 77' lang='lat' dir='ltr'><strong><em>Herculeo</em></strong></span> <span class='ocrx_word' id='word_1_113' title='bbox 1006 1659 1284 1719; x_wconf 72' lang='lat' dir='ltr'><strong><em>trierarcho,</em></strong></span> <span class='ocrx_word' id='word_1_114' title='bbox 1315 1666 1361 1707; x_wconf 82' lang='lat' dir='ltr'><strong><em>et</em></strong></span> <span class='ocrx_word' id='word_1_115' title='bbox 1401 1659 1615 1708; x_wconf 76' lang='lat' dir='ltr'><strong><em>Otoarito</em></strong></span> <span class='ocrx_word' id='word_1_116' title='bbox 1644 1657 1914 1707; x_wconf 77' lang='lat' dir='ltr'><strong><em>centurione</em></strong></span> <span class='ocrx_word' id='word_1_117' title='bbox 1950 1656 2209 1706; x_wconf 68' lang='lat' dir='ltr'><strong><em>classiario.</em></strong></span> <span class='ocrx_word' id='word_1_118' title='bbox 2276 1654 2375 1704; x_wconf 88' lang='lat' dir='ltr'><strong><em>Cui</em></strong></span> <span class='ocrx_word' id='word_1_119' title='bbox 2410 1654 2562 1715; x_wconf 83' lang='lat' dir='ltr'>dixit,</span> 
     </span>
     <span class='ocr_line' id='line_1_14' title="bbox 346 1720 2562 1788; baseline -0.001 -18"><span class='ocrx_word' id='word_1_120' title='bbox 346 1722 390 1770; x_wconf 83' lang='lat' dir='ltr'><strong><em>si</em></strong></span> <span class='ocrx_word' id='word_1_121' title='bbox 408 1725 620 1773; x_wconf 81' lang='lat' dir='ltr'><strong><em>veniret</em></strong></span> <span class='ocrx_word' id='word_1_122' title='bbox 657 1725 737 1772; x_wconf 83' lang='lat' dir='ltr'><strong><em>ille</em></strong></span> <span class='ocrx_word' id='word_1_123' title='bbox 767 1723 831 1772; x_wconf 81' lang='lat' dir='ltr'><strong><em>ad</em></strong></span> <span class='ocrx_word' id='word_1_124' title='bbox 867 1724 1208 1782; x_wconf 87' lang='lat' dir='ltr'><strong><em>invisendum,</em></strong></span> <span class='ocrx_word' id='word_1_125' title='bbox 1245 1721 1468 1773; x_wconf 82' lang='lat' dir='ltr'><strong><em>referret</em></strong></span> <span class='ocrx_word' id='word_1_126' title='bbox 1487 1724 1714 1788; x_wconf 75' lang='lat' dir='ltr'><strong><em>principi,</em></strong></span> <span class='ocrx_word' id='word_1_127' title='bbox 1738 1739 1786 1773; x_wconf 79' lang='lat' dir='ltr'><strong><em>se</em></strong></span> <span class='ocrx_word' id='word_1_128' title='bbox 1810 1720 2061 1771; x_wconf 81' lang='lat' dir='ltr'><strong><em>refectam</em></strong></span> <span class='ocrx_word' id='word_1_129' title='bbox 2090 1736 2151 1770; x_wconf 75' lang='lat' dir='ltr'><strong><em>ex</em></strong></span> <span class='ocrx_word' id='word_1_130' title='bbox 2172 1721 2393 1776; x_wconf 78' lang='lat' dir='ltr'><strong><em>vulnere,·</em></strong></span> <span class='ocrx_word' id='word_1_131' title='bbox 2424 1720 2562 1783; x_wconf 84' lang='lat' dir='ltr'><strong><em>quod</em></strong></span> 
     </span>
     <span class='ocr_line' id='line_1_15' title="bbox 346 1786 2560 1854; baseline -0.001 -18"><span class='ocrx_word' id='word_1_132' title='bbox 346 1787 391 1836; x_wconf 81' lang='lat' dir='ltr'><strong><em>si</em></strong></span> <span class='ocrx_word' id='word_1_133' title='bbox 416 1788 482 1837; x_wconf 86' lang='lat' dir='ltr'><strong><em>ad</em></strong></span> <span class='ocrx_word' id='word_1_134' title='bbox 515 1789 929 1854; x_wconf 68' lang='lat' dir='ltr'><strong><em>perpetiundam</em></strong></span> <span class='ocrx_word' id='word_1_135' title='bbox 950 1791 1136 1853; x_wconf 88' lang='lat' dir='ltr'><strong><em>scelus,</em></strong></span> <span class='ocrx_word' id='word_1_136' title='bbox 1157 1789 1281 1838; x_wconf 88' lang='lat' dir='ltr'><strong><em>nihil</em></strong></span> <span class='ocrx_word' id='word_1_137' title='bbox 1316 1803 1371 1839; x_wconf 88' lang='lat' dir='ltr'><strong><em>se</em></strong></span> <span class='ocrx_word' id='word_1_138' title='bbox 1392 1790 1487 1838; x_wconf 78' lang='lat' dir='ltr'><strong><em>tale</em></strong></span> <span class='ocrx_word' id='word_1_139' title='bbox 1511 1790 1577 1838; x_wconf 87' lang='lat' dir='ltr'><strong><em>de</em></strong></span> <span class='ocrx_word' id='word_1_140' title='bbox 1605 1788 1713 1838; x_wconf 78' lang='lat' dir='ltr'><strong><em>filio</em></strong></span> <span class='ocrx_word' id='word_1_141' title='bbox 1749 1787 1991 1848; x_wconf 79' lang='lat' dir='ltr'><strong><em>credere3</em></strong></span> <span class='ocrx_word' id='word_1_142' title='bbox 2023 1801 2118 1836; x_wconf 87' lang='lat' dir='ltr'><strong><em>nec</em></strong></span> <span class='ocrx_word' id='word_1_143' title='bbox 2146 1786 2344 1849; x_wconf 81' lang='lat' dir='ltr'><strong><em>jussam</em></strong></span> <span class='ocrx_word' id='word_1_144' title='bbox 2383 1786 2560 1835; x_wconf 77' lang='lat' dir='ltr'><strong><em>matris</em></strong></span> 
     </span>
    </p>
   </div>
   <div class='ocr_carea' id='block_1_4' title="bbox 1279 1919 1637 1940">
    <p class='ocr_par' dir='ltr' id='par_1_4' title="bbox 1279 1919 1637 1940">
     <span class='ocr_line' id='line_1_16' title="bbox 1279 1919 1637 1940; baseline -0.003 0"><span class='ocrx_word' id='word_1_145' title='bbox 1279 1919 1637 1940; x_wconf 59' lang='lat' dir='ltr'><strong><em>OOONNOOO‘O</em></strong></span> 
     </span>
    </p>
   </div>
   <div class='ocr_carea' id='block_1_5' title="bbox 333 1999 2561 2524">
    <p class='ocr_par' dir='ltr' id='par_1_5' title="bbox 333 1999 2561 2524">
     <span class='ocr_line' id='line_1_17' title="bbox 350 1999 2560 2068; baseline 0 -18"><span class='ocrx_word' id='word_1_146' title='bbox 350 2031 357 2039; x_wconf 92' lang='lat'>-</span> <span class='ocrx_word' id='word_1_147' title='bbox 413 2005 442 2050; x_wconf 81' lang='lat'>5</span> <span class='ocrx_word' id='word_1_148' title='bbox 479 2000 544 2050; x_wconf 89' lang='lat' dir='ltr'><strong><em>In</em></strong></span> <span class='ocrx_word' id='word_1_149' title='bbox 579 2002 820 2052; x_wconf 87' lang='lat' dir='ltr'><strong><em>Ms.Flor.</em></strong></span> <span class='ocrx_word' id='word_1_150' title='bbox 849 2002 978 2065; x_wconf 81' lang='lat' dir='ltr'><strong><em>Reg.</em></strong></span> <span class='ocrx_word' id='word_1_151' title='bbox 1013 2010 1070 2052; x_wconf 87' lang='lat' dir='ltr'><strong><em>et</em></strong></span> <span class='ocrx_word' id='word_1_152' title='bbox 1092 2002 1322 2053; x_wconf 85' lang='lat' dir='ltr'><strong><em>editione</em></strong></span> <span class='ocrx_word' id='word_1_153' title='bbox 1345 2003 1606 2068; x_wconf 81' lang='lat' dir='ltr'><strong><em>principe,</em></strong></span> <span class='ocrx_word' id='word_1_154' title='bbox 1640 2002 1907 2064; x_wconf 74' lang='lat' dir='ltr'><strong><em>aliarnforc</em></strong></span> <span class='ocrx_word' id='word_1_155' title='bbox 1928 2004 2098 2053; x_wconf 76' lang='lat' dir='ltr'><strong><em>lateret</em></strong></span> <span class='ocrx_word' id='word_1_156' title='bbox 2123 2000 2321 2062; x_wconf 81' lang='lat' dir='ltr'><strong><em>facicm.</em></strong></span> <span class='ocrx_word' id='word_1_157' title='bbox 2356 1999 2419 2048; x_wconf 91' lang='lat' dir='ltr'><strong><em>In</em></strong></span> <span class='ocrx_word' id='word_1_158' title='bbox 2454 1999 2560 2052; x_wconf 68' lang='lat' dir='ltr'><strong><em>Ma.</em></strong></span> 
     </span>
     <span class='ocr_line' id='line_1_18' title="bbox 351 2065 2555 2130; baseline 0 -16"><span class='ocrx_word' id='word_1_159' title='bbox 351 2066 514 2117; x_wconf 86' lang='lat' dir='ltr'><strong><em>Corb.</em></strong></span> <span class='ocrx_word' id='word_1_160' title='bbox 541 2069 706 2118; x_wconf 80' lang='lat' dir='ltr'><strong><em>latere.</em></strong></span> <span class='ocrx_word' id='word_1_161' title='bbox 745 2068 812 2117; x_wconf 88' lang='lat' dir='ltr'><strong><em>In</em></strong></span> <span class='ocrx_word' id='word_1_162' title='bbox 834 2069 963 2118; x_wconf 84' lang='lat' dir='ltr'><strong><em>Mss.</em></strong></span> <span class='ocrx_word' id='word_1_163' title='bbox 990 2067 1137 2118; x_wconf 73' lang='lat' dir='ltr'><strong><em>Harl.</em></strong></span> <span class='ocrx_word' id='word_1_164' title='bbox 1160 2069 1312 2118; x_wconf 89' lang='lat' dir='ltr'><strong><em>Bodl.</em></strong></span> <span class='ocrx_word' id='word_1_165' title='bbox 1336 2068 1606 2130; x_wconf 83' lang='lat' dir='ltr'><strong><em>Jes.fore.·</em></strong></span> <span class='ocrx_word' id='word_1_166' title='bbox 1644 2080 1695 2120; x_wconf 80' lang='lat' dir='ltr'><strong><em>at</em></strong></span> <span class='ocrx_word' id='word_1_167' title='bbox 1715 2071 1766 2119; x_wconf 88' lang='lat' dir='ltr'><strong><em>in</em></strong></span> <span class='ocrx_word' id='word_1_168' title='bbox 1794 2070 1895 2118; x_wconf 86' lang='lat' dir='ltr'><strong><em>Ms.</em></strong></span> <span class='ocrx_word' id='word_1_169' title='bbox 1918 2069 2069 2120; x_wconf 80' lang='lat' dir='ltr'><strong><em>Harl.</em></strong></span> <span class='ocrx_word' id='word_1_170' title='bbox 2094 2065 2555 2122; x_wconf 82' lang='lat' dir='ltr'><strong><em>emendatumsere.</em></strong></span> 
     </span>
     <span class='ocr_line' id='line_1_19' title="bbox 336 2131 2556 2198; baseline 0 -19"><span class='ocrx_word' id='word_1_171' title='bbox 336 2131 669 2182; x_wconf 79' lang='lat' dir='ltr'><strong><em>-Puteolanus</em></strong></span> <span class='ocrx_word' id='word_1_172' title='bbox 703 2135 955 2195; x_wconf 81' lang='lat' dir='ltr'><strong><em>correxit,</em></strong></span> <span class='ocrx_word' id='word_1_173' title='bbox 974 2134 1121 2183; x_wconf 71' lang='lat' dir='ltr'><strong><em>aliem</em></strong></span> <span class='ocrx_word' id='word_1_174' title='bbox 1142 2133 1254 2195; x_wconf 74' lang='lat' dir='ltr'><strong><em>fere</em></strong></span> <span class='ocrx_word' id='word_1_175' title='bbox 1286 2135 1449 2183; x_wconf 78' lang='lat' dir='ltr'><strong><em>littore</em></strong></span> <span class='ocrx_word' id='word_1_176' title='bbox 1459 2135 1658 2196; x_wconf 84' lang='lat' dir='ltr'><strong><em>faciem.</em></strong></span> <span class='ocrx_word' id='word_1_177' title='bbox 1706 2134 1964 2198; x_wconf 75' lang='lat' dir='ltr'><strong><em>,Ryckius</em></strong></span> <span class='ocrx_word' id='word_1_178' title='bbox 2007 2132 2280 2196; x_wconf 78' lang='lat' dir='ltr'><strong><em>legendum</em></strong></span> <span class='ocrx_word' id='word_1_179' title='bbox 2321 2131 2556 2194; x_wconf 79' lang='lat' dir='ltr'><strong><em>conjicit,</em></strong></span> 
     </span>
     <span class='ocr_line' id='line_1_20' title="bbox 340 2195 2558 2264; baseline -0 -19"><span class='ocrx_word' id='word_1_180' title='bbox 340 2199 488 2246; x_wconf 84' lang='lat' dir='ltr'><strong><em>aliam</em></strong></span> <span class='ocrx_word' id='word_1_181' title='bbox 516 2204 630 2247; x_wconf 81' lang='lat' dir='ltr'><strong><em>ante</em></strong></span> <span class='ocrx_word' id='word_1_182' title='bbox 650 2198 783 2258; x_wconf 79' lang='lat' dir='ltr'><strong><em>fores</em></strong></span> <span class='ocrx_word' id='word_1_183' title='bbox 805 2198 1003 2257; x_wconf 82' lang='lat' dir='ltr'><strong><em>faciem.</em></strong></span> <span class='ocrx_word' id='word_1_184' title='bbox 1074 2198 1155 2248; x_wconf 86' lang='lat' dir='ltr'><strong><em>Ad</em></strong></span> <span class='ocrx_word' id='word_1_185' title='bbox 1179 2214 1383 2250; x_wconf 87' lang='lat' dir='ltr'><strong><em>sensnm</em></strong></span> <span class='ocrx_word' id='word_1_186' title='bbox 1407 2207 1461 2250; x_wconf 88' lang='lat' dir='ltr'><strong><em>et</em></strong></span> <span class='ocrx_word' id='word_1_187' title='bbox 1483 2209 1715 2251; x_wconf 84' lang='lat' dir='ltr'><strong><em>veterem</em></strong></span> <span class='ocrx_word' id='word_1_188' title='bbox 1751 2200 2064 2264; x_wconf 83' lang='lat' dir='ltr'><strong><em>scripturam</em></strong></span> <span class='ocrx_word' id='word_1_189' title='bbox 2088 2198 2407 2261; x_wconf 77' lang='lat' dir='ltr'><strong><em>aptissimum</em></strong></span> <span class='ocrx_word' id='word_1_190' title='bbox 2432 2195 2558 2244; x_wconf 88' lang='lat' dir='ltr'><strong><em>mihi</em></strong></span> 
     </span>
     <span class='ocr_line' id='line_1_21' title="bbox 340 2261 2558 2331; baseline -0 -22"><span class='ocrx_word' id='word_1_191' title='bbox 340 2262 576 2325; x_wconf 69' lang='lat' dir='ltr'><strong><em>videtur,</em></strong></span> <span class='ocrx_word' id='word_1_192' title='bbox 602 2265 749 2313; x_wconf 77' lang='lat' dir='ltr'><strong><em>aliam</em></strong></span> <span class='ocrx_word' id='word_1_193' title='bbox 769 2263 906 2325; x_wconf 81' lang='lat' dir='ltr'><strong><em>fores</em></strong></span> <span class='ocrx_word' id='word_1_194' title='bbox 941 2269 1053 2313; x_wconf 81' lang='lat' dir='ltr'><strong><em>ante</em></strong></span> <span class='ocrx_word' id='word_1_195' title='bbox 1086 2280 1245 2314; x_wconf 80' lang='lat' dir='ltr'><strong><em>rerum</em></strong></span> <span class='ocrx_word' id='word_1_196' title='bbox 1266 2266 1478 2326; x_wconf 75' lang='lat' dir='ltr'><strong><em>faciem5</em></strong></span> <span class='ocrx_word' id='word_1_197' title='bbox 1503 2266 1640 2331; x_wconf 69' lang='lat' dir='ltr'><strong><em>qpod</em></strong></span> <span class='ocrx_word' id='word_1_198' title='bbox 1666 2267 1786 2315; x_wconf 88' lang='lat' dir='ltr'><strong><em>olim</em></strong></span> <span class='ocrx_word' id='word_1_199' title='bbox 1811 2263 1949 2314; x_wconf 83' lang='lat' dir='ltr'><strong><em>forte</em></strong></span> <span class='ocrx_word' id='word_1_200' title='bbox 1980 2263 2055 2312; x_wconf 83' lang='lat' dir='ltr'><strong><em>ita</em></strong></span> <span class='ocrx_word' id='word_1_201' title='bbox 2098 2261 2260 2311; x_wconf 81' lang='lat' dir='ltr'><strong><em>fuerit</em></strong></span> <span class='ocrx_word' id='word_1_202' title='bbox 2289 2261 2558 2324; x_wconf 85' lang='lat' dir='ltr'><strong><em>scriptum,</em></strong></span> 
     </span>
     <span class='ocr_line' id='line_1_22' title="bbox 333 2327 2559 2394; baseline 0 -19"><span class='ocrx_word' id='word_1_203' title='bbox 333 2327 555 2386; x_wconf 70' lang='lat' dir='ltr'><strong><em>fomute</em></strong></span> <span class='ocrx_word' id='word_1_204' title='bbox 574 2329 668 2378; x_wconf 86' lang='lat' dir='ltr'><strong><em>rcr’</em></strong></span> <span class='ocrx_word' id='word_1_205' title='bbox 679 2328 1037 2390; x_wconf 85' lang='lat' dir='ltr'><strong><em>faciem,·unde</em></strong></span> <span class='ocrx_word' id='word_1_206' title='bbox 1071 2330 1193 2379; x_wconf 89' lang='lat' dir='ltr'><strong><em>oriri</em></strong></span> <span class='ocrx_word' id='word_1_207' title='bbox 1219 2335 1389 2394; x_wconf 86' lang='lat' dir='ltr'><strong><em>potuit</em></strong></span> <span class='ocrx_word' id='word_1_208' title='bbox 1417 2331 1740 2380; x_wconf 81' lang='lat' dir='ltr'><strong><em>librariorum</em></strong></span> <span class='ocrx_word' id='word_1_209' title='bbox 1765 2345 1931 2380; x_wconf 83' lang='lat' dir='ltr'><strong><em>error.</em></strong></span> <span class='ocrx_word' id='word_1_210' title='bbox 1999 2327 2338 2388; x_wconf 82' lang='lat' dir='ltr'><strong><em>Intersacicm</em></strong></span> <span class='ocrx_word' id='word_1_211' title='bbox 2360 2334 2415 2376; x_wconf 84' lang='lat' dir='ltr'><strong><em>et</em></strong></span> <span class='ocrx_word' id='word_1_212' title='bbox 2437 2341 2559 2375; x_wconf 80' lang='lat' dir='ltr'><strong><em>nanc</em></strong></span> 
     </span>
     <span class='ocr_line' id='line_1_23' title="bbox 340 2393 2561 2458; baseline 0.001 -19"><span class='ocrx_word' id='word_1_213' title='bbox 340 2393 726 2458; x_wconf 79' lang='lat' dir='ltr'><strong><em>interpungunt</em></strong></span> <span class='ocrx_word' id='word_1_214' title='bbox 751 2402 952 2443; x_wconf 82' lang='lat' dir='ltr'><strong><em>veteres</em></strong></span> <span class='ocrx_word' id='word_1_215' title='bbox 970 2395 1242 2446; x_wconf 84' lang='lat' dir='ltr'><strong><em>editiones.</em></strong></span> <span class='ocrx_word' id='word_1_216' title='bbox 1309 2396 1371 2445; x_wconf 88' lang='lat' dir='ltr'><strong><em>ln</em></strong></span> <span class='ocrx_word' id='word_1_217' title='bbox 1395 2397 1773 2446; x_wconf 80' lang='lat' dir='ltr'><strong><em>recentioribus</em></strong></span> <span class='ocrx_word' id='word_1_218' title='bbox 1786 2410 1885 2444; x_wconf 87' lang='lat' dir='ltr'><strong><em>uon</em></strong></span> <span class='ocrx_word' id='word_1_219' title='bbox 1909 2395 1984 2444; x_wconf 85' lang='lat' dir='ltr'><strong><em>ita</em></strong></span> <span class='ocrx_word' id='word_1_220' title='bbox 2000 2394 2133 2442; x_wconf 88' lang='lat' dir='ltr'><strong><em>bene</em></strong></span> <span class='ocrx_word' id='word_1_221' title='bbox 2155 2394 2561 2457; x_wconf 80' lang='lat' dir='ltr'><strong><em>conjunguntur.</em></strong></span> 
     </span>
     <span class='ocr_line' id='line_1_24' title="bbox 348 2458 2556 2524; baseline -0 -17"><span class='ocrx_word' id='word_1_222' title='bbox 348 2458 664 2510; x_wconf 60' lang='lat' dir='ltr'><strong><em>&amp;otim—6</em></strong></span> <span class='ocrx_word' id='word_1_223' title='bbox 697 2461 800 2510; x_wconf 86' lang='lat' dir='ltr'><strong><em>Ms.</em></strong></span> <span class='ocrx_word' id='word_1_224' title='bbox 837 2461 993 2512; x_wconf 87' lang='lat' dir='ltr'><strong><em>Corb.</em></strong></span> <span class='ocrx_word' id='word_1_225' title='bbox 1016 2466 1343 2513; x_wconf 78' lang='lat' dir='ltr'><strong><em>extrema.-—⁷</em></strong></span> <span class='ocrx_word' id='word_1_226' title='bbox 1378 2462 1465 2512; x_wconf 89' lang='lat' dir='ltr'><strong><em>Sic</em></strong></span> <span class='ocrx_word' id='word_1_227' title='bbox 1502 2462 1604 2514; x_wconf 85' lang='lat' dir='ltr'><strong><em>Ms.</em></strong></span> <span class='ocrx_word' id='word_1_228' title='bbox 1640 2463 1777 2524; x_wconf 81' lang='lat' dir='ltr'><strong><em>Flor.</em></strong></span> <span class='ocrx_word' id='word_1_229' title='bbox 1799 2460 1956 2512; x_wconf 86' lang='lat' dir='ltr'><strong><em>editio</em></strong></span> <span class='ocrx_word' id='word_1_230' title='bbox 1994 2459 2239 2524; x_wconf 86' lang='lat' dir='ltr'><strong><em>princeps</em></strong></span> <span class='ocrx_word' id='word_1_231' title='bbox 2281 2464 2338 2508; x_wconf 85' lang='lat' dir='ltr'><strong><em>et</em></strong></span> <span class='ocrx_word' id='word_1_232' title='bbox 2375 2470 2556 2507; x_wconf 87' lang='lat' dir='ltr'><strong><em>recen·</em></strong></span> 
     </span>
    </p>
   </div>
   <div class='ocr_carea' id='block_1_6' title="bbox 1339 2625 1554 2677">
    <p class='ocr_par' dir='ltr' id='par_1_6' title="bbox 1339 2625 1554 2677">
     <span class='ocr_line' id='line_1_25' title="bbox 1339 2625 1554 2677; baseline 0.009 -3"><span class='ocrx_word' id='word_1_233' title='bbox 1339 2625 1554 2677; x_wconf 83' lang='lat' dir='ltr'><strong>NOTAE</strong></span> 
     </span>
    </p>
   </div>
   <div class='ocr_carea' id='block_1_7' title="bbox 310 2728 1415 4267">
    <p class='ocr_par' dir='ltr' id='par_1_7' title="bbox 319 2728 1415 3322">
     <span class='ocr_line' id='line_1_26' title="bbox 347 2728 1411 2798; baseline 0.004 -20"><span class='ocrx_word' id='word_1_234' title='bbox 347 2728 433 2762; x_wconf 52' lang='lat'><strong><em>“¹¹</em></strong></span> <span class='ocrx_word' id='word_1_235' title='bbox 466 2730 713 2780; x_wconf 77' lang='lat' dir='ltr'><strong><em>Modicum</em></strong></span> <span class='ocrx_word' id='word_1_236' title='bbox 753 2732 930 2795; x_wconf 78' lang='lat' dir='ltr'><strong><em>lumen]</em></strong></span> <span class='ocrx_word' id='word_1_237' title='bbox 997 2731 1186 2798; x_wconf 82' lang='lat' dir='ltr'><strong><em>Itaque</em></strong></span> <span class='ocrx_word' id='word_1_238' title='bbox 1228 2732 1411 2782; x_wconf 82' lang='lat' dir='ltr'><strong><em>eadem</em></strong></span> 
     </span>
     <span class='ocr_line' id='line_1_27' title="bbox 319 2806 1415 2873; baseline 0.002 -18"><span class='ocrx_word' id='word_1_239' title='bbox 319 2813 499 2868; x_wconf 29' lang='lat' dir='ltr'><strong><em>,nocte</em></strong></span> <span class='ocrx_word' id='word_1_240' title='bbox 521 2808 735 2871; x_wconf 83' lang='lat' dir='ltr'><strong><em>epulata</em></strong></span> <span class='ocrx_word' id='word_1_241' title='bbox 760 2806 1044 2872; x_wconf 83' lang='lat' dir='ltr'><strong><em>Agrippina</em></strong></span> <span class='ocrx_word' id='word_1_242' title='bbox 1078 2808 1219 2872; x_wconf 78' lang='lat' dir='ltr'><strong><em>apud</em></strong></span> <span class='ocrx_word' id='word_1_243' title='bbox 1242 2810 1415 2873; x_wconf 85' lang='lat' dir='ltr'><strong><em>Baias,</em></strong></span> 
     </span>
     <span class='ocr_line' id='line_1_28' title="bbox 346 2884 1411 2946; baseline 0.002 -13"><span class='ocrx_word' id='word_1_244' title='bbox 346 2899 405 2933; x_wconf 78' lang='lat' dir='ltr'><strong><em>ac</em></strong></span> <span class='ocrx_word' id='word_1_245' title='bbox 451 2884 717 2934; x_wconf 81' lang='lat' dir='ltr'><strong><em>submersa</em></strong></span> <span class='ocrx_word' id='word_1_246' title='bbox 760 2885 908 2946; x_wconf 81' lang='lat' dir='ltr'><strong><em>mari,</em></strong></span> <span class='ocrx_word' id='word_1_247' title='bbox 953 2900 1073 2935; x_wconf 88' lang='lat' dir='ltr'><strong><em>cum</em></strong></span> <span class='ocrx_word' id='word_1_248' title='bbox 1116 2885 1411 2935; x_wconf 79' lang='lat' dir='ltr'><strong><em>machinoso</em></strong></span> 
     </span>
     <span class='ocr_line' id='line_1_29' title="bbox 341 2961 1411 3027; baseline 0.003 -18"><span class='ocrx_word' id='word_1_249' title='bbox 341 2961 430 3024; x_wconf 76' lang='lat' dir='ltr'><strong><em>illo</em></strong></span> <span class='ocrx_word' id='word_1_250' title='bbox 473 2962 681 3026; x_wconf 78' lang='lat' dir='ltr'><strong><em>navigio</em></strong></span> <span class='ocrx_word' id='word_1_251' title='bbox 728 2962 1084 3026; x_wconf 86' lang='lat' dir='ltr'><strong><em>reveheretur,</em></strong></span> <span class='ocrx_word' id='word_1_252' title='bbox 1126 2962 1411 3027; x_wconf 83' lang='lat' dir='ltr'><strong><em>eademqne</em></strong></span> 
     </span>
     <span class='ocr_line' id='line_1_30' title="bbox 343 3036 1407 3101; baseline 0.003 -16"><span class='ocrx_word' id='word_1_253' title='bbox 343 3043 499 3087; x_wconf 86' lang='lat' dir='ltr'><strong><em>nocte</em></strong></span> <span class='ocrx_word' id='word_1_254' title='bbox 554 3037 719 3086; x_wconf 87' lang='lat' dir='ltr'><strong><em>mittit</em></strong></span> <span class='ocrx_word' id='word_1_255' title='bbox 764 3036 1071 3101; x_wconf 85' lang='lat' dir='ltr'><strong><em>Agerinum,</em></strong></span> <span class='ocrx_word' id='word_1_256' title='bbox 1126 3045 1181 3088; x_wconf 90' lang='lat' dir='ltr'><strong><em>et</em></strong></span> <span class='ocrx_word' id='word_1_257' title='bbox 1225 3040 1407 3088; x_wconf 84' lang='lat' dir='ltr'><strong><em>eadem</em></strong></span> 
     </span>
     <span class='ocr_line' id='line_1_31' title="bbox 340 3114 1408 3180; baseline 0.003 -18"><span class='ocrx_word' id='word_1_258' title='bbox 340 3115 495 3163; x_wconf 82' lang='lat' dir='ltr'><strong><em>&#39;nocte</em></strong></span> <span class='ocrx_word' id='word_1_259' title='bbox 518 3114 831 3164; x_wconf 85' lang='lat' dir='ltr'><strong><em>interficitur</em></strong></span> <span class='ocrx_word' id='word_1_260' title='bbox 865 3114 931 3165; x_wconf 87' lang='lat' dir='ltr'><strong><em>ab</em></strong></span> <span class='ocrx_word' id='word_1_261' title='bbox 952 3114 1195 3180; x_wconf 88' lang='lat' dir='ltr'><strong><em>Aniceto,</em></strong></span> <span class='ocrx_word' id='word_1_262' title='bbox 1216 3130 1408 3166; x_wconf 85' lang='lat' dir='ltr'><strong><em>crema-</em></strong></span> 
     </span>
     <span class='ocr_line' id='line_1_32' title="bbox 341 3194 1408 3259; baseline 0.002 -17"><span class='ocrx_word' id='word_1_263' title='bbox 341 3201 529 3258; x_wconf 87' lang='lat' dir='ltr'><strong><em>turque</em></strong></span> <span class='ocrx_word' id='word_1_264' title='bbox 575 3194 831 3243; x_wconf 80' lang='lat' dir='ltr'><strong><em>convivali</em></strong></span> <span class='ocrx_word' id='word_1_265' title='bbox 873 3196 1032 3258; x_wconf 84' lang='lat' dir='ltr'><strong><em>lecto,</em></strong></span> <span class='ocrx_word' id='word_1_266' title='bbox 1076 3201 1130 3243; x_wconf 87' lang='lat' dir='ltr'><strong><em>et</em></strong></span> <span class='ocrx_word' id='word_1_267' title='bbox 1170 3195 1408 3259; x_wconf 79' lang='lat' dir='ltr'><strong><em>&#39;exequiis</em></strong></span> 
     </span>
     <span class='ocr_line' id='line_1_33' title="bbox 324 3261 971 3322; baseline 0.002 -1"><span class='ocrx_word' id='word_1_268' title='bbox 324 3261 546 3322; x_wconf 62' lang='lat' dir='ltr'><strong><em>“vilibus.</em></strong></span> <span class='ocrx_word' id='word_1_269' title='bbox 967 3286 971 3289; x_wconf 52' lang='lat'><strong>&gt;</strong></span> 
     </span>
    </p>

    <p class='ocr_par' dir='ltr' id='par_1_8' title="bbox 310 3351 1410 4267">
     <span class='ocr_line' id='line_1_34' title="bbox 403 3351 1410 3417; baseline 0 -16"><span class='ocrx_word' id='word_1_270' title='bbox 403 3352 648 3402; x_wconf 82' lang='lat' dir='ltr'><strong><em>Modicum</em></strong></span> <span class='ocrx_word' id='word_1_271' title='bbox 670 3351 846 3416; x_wconf 85' lang='lat' dir='ltr'><strong><em>lumen]</em></strong></span> <span class='ocrx_word' id='word_1_272' title='bbox 883 3352 984 3402; x_wconf 88' lang='lat' dir='ltr'><strong><em>Vel</em></strong></span> <span class='ocrx_word' id='word_1_273' title='bbox 1003 3352 1122 3417; x_wconf 86' lang='lat' dir='ltr'><strong><em>quia</em></strong></span> <span class='ocrx_word' id='word_1_274' title='bbox 1143 3351 1410 3417; x_wconf 75' lang='lat' dir='ltr'><strong><em>quiescere</em></strong></span> 
     </span>
     <span class='ocr_line' id='line_1_35' title="bbox 337 3428 1410 3498; baseline -0.001 -21"><span class='ocrx_word' id='word_1_275' title='bbox 337 3435 450 3495; x_wconf 77' lang='lat' dir='ltr'><strong><em>tum</em></strong></span> <span class='ocrx_word' id='word_1_276' title='bbox 476 3429 660 3494; x_wconf 86' lang='lat' dir='ltr'><strong><em>voluit,</em></strong></span> <span class='ocrx_word' id='word_1_277' title='bbox 678 3429 763 3478; x_wconf 83' lang='lat' dir='ltr'><strong><em>vel</em></strong></span> <span class='ocrx_word' id='word_1_278' title='bbox 787 3430 852 3478; x_wconf 87' lang='lat' dir='ltr'><strong><em>ob</em></strong></span> <span class='ocrx_word' id='word_1_279' title='bbox 872 3444 1164 3498; x_wconf 84' lang='lat' dir='ltr'><strong><em>moerorem,</em></strong></span> <span class='ocrx_word' id='word_1_280' title='bbox 1187 3428 1268 3477; x_wconf 89' lang='lat' dir='ltr'><strong><em>vel</em></strong></span> <span class='ocrx_word' id='word_1_281' title='bbox 1287 3428 1410 3493; x_wconf 81' lang='lat' dir='ltr'><strong><em>quia</em></strong></span> 
     </span>
     <span class='ocr_line' id='line_1_36' title="bbox 330 3506 1407 3571; baseline -0.001 -16"><span class='ocrx_word' id='word_1_282' title='bbox 330 3506 442 3571; x_wconf 86' lang='lat' dir='ltr'><strong><em>jam</em></strong></span> <span class='ocrx_word' id='word_1_283' title='bbox 479 3507 737 3558; x_wconf 82' lang='lat' dir='ltr'><strong><em>destituta</em></strong></span> <span class='ocrx_word' id='word_1_284' title='bbox 768 3507 1054 3557; x_wconf 83' lang='lat' dir='ltr'><strong><em>ministerio</em></strong></span> <span class='ocrx_word' id='word_1_285' title='bbox 1101 3506 1407 3556; x_wconf 82' lang='lat' dir='ltr'><strong><em>domestico-</em></strong></span> 
     </span>
     <span class='ocr_line' id='line_1_37' title="bbox 314 3573 1406 3650; baseline 0.001 -18"><span class='ocrx_word' id='word_1_286' title='bbox 314 3573 468 3650; x_wconf 70' lang='lat' dir='ltr'><strong><em>rum,</em></strong></span> <span class='ocrx_word' id='word_1_287' title='bbox 508 3594 568 3634; x_wconf 90' lang='lat' dir='ltr'><strong><em>ut</em></strong></span> <span class='ocrx_word' id='word_1_288' title='bbox 609 3586 688 3635; x_wconf 82' lang='lat' dir='ltr'><strong><em>fit.</em></strong></span> <span class='ocrx_word' id='word_1_289' title='bbox 756 3585 818 3634; x_wconf 90' lang='lat' dir='ltr'><strong><em>In</em></strong></span> <span class='ocrx_word' id='word_1_290' title='bbox 859 3592 1004 3633; x_wconf 79' lang='lat' dir='ltr'><strong><em>tanta</em></strong></span> <span class='ocrx_word' id='word_1_291' title='bbox 1049 3582 1262 3633; x_wconf 83' lang='lat' dir='ltr'><strong><em>fortuna</em></strong></span> <span class='ocrx_word' id='word_1_292' title='bbox 1307 3598 1406 3633; x_wconf 79' lang='lat' dir='ltr'><strong><em>una</em></strong></span> 
     </span>
     <span class='ocr_line' id='line_1_38' title="bbox 337 3659 1404 3725; baseline 0 -16"><span class='ocrx_word' id='word_1_293' title='bbox 337 3661 520 3712; x_wconf 79' lang='lat' dir='ltr'><strong><em>aderat</em></strong></span> <span class='ocrx_word' id='word_1_294' title='bbox 541 3662 746 3722; x_wconf 75' lang='lat' dir='ltr'><strong><em>ancilla,</em></strong></span> <span class='ocrx_word' id='word_1_295' title='bbox 770 3676 884 3725; x_wconf 84' lang='lat' dir='ltr'><strong><em>quae</em></strong></span> <span class='ocrx_word' id='word_1_296' title='bbox 921 3659 1097 3710; x_wconf 83' lang='lat' dir='ltr'><strong><em>statim</em></strong></span> <span class='ocrx_word' id='word_1_297' title='bbox 1130 3660 1287 3708; x_wconf 85' lang='lat' dir='ltr'><strong><em>talem</em></strong></span> <span class='ocrx_word' id='word_1_298' title='bbox 1324 3675 1404 3709; x_wconf 88' lang='lat' dir='ltr'><strong><em>re·</em></strong></span> 
     </span>
     <span class='ocr_line' id='line_1_39' title="bbox 336 3738 1404 3804; baseline 0.001 -17"><span class='ocrx_word' id='word_1_299' title='bbox 336 3739 504 3802; x_wconf 82' lang='lat' dir='ltr'><strong><em>giuam</em></strong></span> <span class='ocrx_word' id='word_1_300' title='bbox 544 3739 790 3802; x_wconf 83' lang='lat' dir='ltr'><strong><em>reliquit:</em></strong></span> <span class='ocrx_word' id='word_1_301' title='bbox 827 3740 842 3765; x_wconf 96' lang='lat'>‘</span> <span class='ocrx_word' id='word_1_302' title='bbox 865 3740 940 3787; x_wconf 84' lang='lat' dir='ltr'><strong><em>Tu</em></strong></span> <span class='ocrx_word' id='word_1_303' title='bbox 961 3753 1164 3804; x_wconf 88' lang='lat' dir='ltr'><strong><em>quoque</em></strong></span> <span class='ocrx_word' id='word_1_304' title='bbox 1191 3752 1275 3786; x_wconf 90' lang='lat' dir='ltr'><strong><em>me</em></strong></span> <span class='ocrx_word' id='word_1_305' title='bbox 1317 3738 1404 3788; x_wconf 87' lang='lat' dir='ltr'><strong><em>de-</em></strong></span> 
     </span>
     <span class='ocr_line' id='line_1_40' title="bbox 333 3807 1401 3880; baseline -0.001 -15"><span class='ocrx_word' id='word_1_306' title='bbox 333 3807 501 3880; x_wconf 63' lang='lat' dir='ltr'><strong><em>seris!</em></strong></span> <span class='ocrx_word' id='word_1_307' title='bbox 570 3818 715 3865; x_wconf 86' lang='lat' dir='ltr'><strong><em>Unus</em></strong></span> <span class='ocrx_word' id='word_1_308' title='bbox 749 3815 970 3864; x_wconf 87' lang='lat' dir='ltr'><strong><em>libertus</em></strong></span> <span class='ocrx_word' id='word_1_309' title='bbox 1004 3816 1242 3864; x_wconf 84' lang='lat' dir='ltr'><strong><em>Mnester</em></strong></span> <span class='ocrx_word' id='word_1_310' title='bbox 1261 3814 1401 3876; x_wconf 85' lang='lat' dir='ltr'><strong><em>ferro</em></strong></span> 
     </span>
     <span class='ocr_line' id='line_1_41' title="bbox 333 3891 1403 3956; baseline 0 -14"><span class='ocrx_word' id='word_1_311' title='bbox 333 3909 381 3943; x_wconf 84' lang='lat' dir='ltr'><strong><em>se</em></strong></span> <span class='ocrx_word' id='word_1_312' title='bbox 404 3894 669 3956; x_wconf 80' lang='lat' dir='ltr'><strong><em>transegit:</em></strong></span> <span class='ocrx_word' id='word_1_313' title='bbox 692 3891 902 3942; x_wconf 74' lang='lat' dir='ltr'><strong><em>et&#39;forte</em></strong></span> <span class='ocrx_word' id='word_1_314' title='bbox 918 3892 1082 3955; x_wconf 84' lang='lat' dir='ltr'><strong><em>magis</em></strong></span> <span class='ocrx_word' id='word_1_315' title='bbox 1103 3897 1229 3941; x_wconf 82' lang='lat' dir='ltr'><strong><em>metu</em></strong></span> <span class='ocrx_word' id='word_1_316' title='bbox 1243 3892 1403 3956; x_wconf 78' lang='lat' dir='ltr'><strong><em>exitii,</em></strong></span> 
     </span>
     <span class='ocr_line' id='line_1_42' title="bbox 334 3969 1316 4035; baseline -0.003 -15"><span class='ocrx_word' id='word_1_317' title='bbox 334 3984 394 4020; x_wconf 80' lang='lat' dir='ltr'><strong><em>ac</em></strong></span> <span class='ocrx_word' id='word_1_318' title='bbox 414 3971 661 4035; x_wconf 80' lang='lat' dir='ltr'><strong><em>supplicii</em></strong></span> <span class='ocrx_word' id='word_1_319' title='bbox 684 3970 900 4033; x_wconf 86' lang='lat' dir='ltr'><strong><em>servilis,</em></strong></span> <span class='ocrx_word' id='word_1_320' title='bbox 921 3984 1071 4034; x_wconf 84' lang='lat' dir='ltr'><strong><em>quam</em></strong></span> <span class='ocrx_word' id='word_1_321' title='bbox 1095 3969 1316 4017; x_wconf 81' lang='lat' dir='ltr'><strong><em>caritate.</em></strong></span> 
     </span>
     <span class='ocr_line' id='line_1_43' title="bbox 334 4035 1403 4112; baseline -0.004 -13"><span class='ocrx_word' id='word_1_322' title='bbox 334 4035 349 4054; x_wconf 58' lang='lat'><em>³</em></span> <span class='ocrx_word' id='word_1_323' title='bbox 398 4049 480 4098; x_wconf 90' lang='lat' dir='ltr'><strong><em>Ne</em></strong></span> <span class='ocrx_word' id='word_1_324' title='bbox 521 4063 694 4097; x_wconf 83' lang='lat' dir='ltr'><strong><em>sumas</em></strong></span> <span class='ocrx_word' id='word_1_325' title='bbox 733 4047 876 4112; x_wconf 86' lang='lat' dir='ltr'><strong><em>quasi</em></strong></span> <span class='ocrx_word' id='word_1_326' title='bbox 908 4046 1141 4096; x_wconf 88' lang='lat' dir='ltr'><strong><em>modicus</em></strong></span> <span class='ocrx_word' id='word_1_327' title='bbox 1190 4047 1403 4110; x_wconf 83' lang='lat' dir='ltr'><strong><em>lychnus</em></strong></span> 
     </span>
     <span class='ocr_line' id='line_1_44' title="bbox 312 4118 1404 4192; baseline 0 -19"><span class='ocrx_word' id='word_1_328' title='bbox 312 4118 564 4187; x_wconf 60' lang='lat' dir='ltr'><strong><em>‘arder-et,</em></strong></span> <span class='ocrx_word' id='word_1_329' title='bbox 592 4126 830 4189; x_wconf 85' lang='lat' dir='ltr'><strong><em>intellige</em></strong></span> <span class='ocrx_word' id='word_1_330' title='bbox 853 4125 1108 4173; x_wconf 87' lang='lat' dir='ltr'><strong><em>modicum</em></strong></span> <span class='ocrx_word' id='word_1_331' title='bbox 1129 4139 1236 4188; x_wconf 88' lang='lat' dir='ltr'><strong><em>prae</em></strong></span> <span class='ocrx_word' id='word_1_332' title='bbox 1250 4123 1404 4192; x_wconf 79' lang='lat' dir='ltr'><strong><em>solita</em></strong></span> 
     </span>
     <span class='ocr_line' id='line_1_45' title="bbox 310 4195 1095 4267; baseline -0.001 -15"><span class='ocrx_word' id='word_1_333' title='bbox 310 4195 722 4267; x_wconf 67' lang='lat' dir='ltr'><strong><em>²magnificentia</em></strong></span> <span class='ocrx_word' id='word_1_334' title='bbox 746 4200 862 4249; x_wconf 85' lang='lat' dir='ltr'><strong><em>talis</em></strong></span> <span class='ocrx_word' id='word_1_335' title='bbox 885 4200 1095 4263; x_wconf 85' lang='lat' dir='ltr'><strong><em>reginae.</em></strong></span> 
     </span>
    </p>
   </div>
   <div class='ocr_carea' id='block_1_8' title="bbox 1482 2729 2556 4280">
    <p class='ocr_par' dir='ltr' id='par_1_9' title="bbox 1492 2729 2555 2876">
     <span class='ocr_line' id='line_1_46' title="bbox 1492 2729 2555 2794; baseline -0.004 -12"><span class='ocrx_word' id='word_1_336' title='bbox 1492 2729 1640 2782; x_wconf 75' lang='lat' dir='ltr'><strong><em>turu&#39;s</em></strong></span> <span class='ocrx_word' id='word_1_337' title='bbox 1659 2733 1925 2794; x_wconf 83' lang='lat' dir='ltr'><strong><em>honorem,</em></strong></span> <span class='ocrx_word' id='word_1_338' title='bbox 1946 2745 2039 2781; x_wconf 87' lang='lat' dir='ltr'><strong><em>seu</em></strong></span> <span class='ocrx_word' id='word_1_339' title='bbox 2060 2729 2285 2781; x_wconf 85' lang='lat' dir='ltr'><strong><em>officium</em></strong></span> <span class='ocrx_word' id='word_1_340' title='bbox 2304 2729 2555 2792; x_wconf 72' lang='lat' dir='ltr'><strong><em>facturus,</em></strong></span> 
     </span>
     <span class='ocr_line' id='line_1_47' title="bbox 1494 2806 2445 2876; baseline -0.002 -18"><span class='ocrx_word' id='word_1_341' title='bbox 1494 2811 1945 2876; x_wconf 79' lang='lat' dir='ltr'><strong><em>gratulaturusque</em></strong></span> <span class='ocrx_word' id='word_1_342' title='bbox 1962 2809 2028 2860; x_wconf 89' lang='lat' dir='ltr'><strong><em>de</em></strong></span> <span class='ocrx_word' id='word_1_343' title='bbox 2062 2810 2228 2859; x_wconf 79' lang='lat' dir='ltr'><strong><em>salute</em></strong></span> <span class='ocrx_word' id='word_1_344' title='bbox 2249 2806 2445 2857; x_wconf 85' lang='lat' dir='ltr'><strong><em>matris.</em></strong></span> 
     </span>
    </p>

    <p class='ocr_par' dir='ltr' id='par_1_10' title="bbox 1491 2882 2556 3336">
     <span class='ocr_line' id='line_1_48' title="bbox 1557 2882 2556 2951; baseline -0.002 -15"><span class='ocrx_word' id='word_1_345' title='bbox 1557 2894 1594 2919; x_wconf 81' lang='lat'><strong><em>¹¹¹</em></strong></span> <span class='ocrx_word' id='word_1_346' title='bbox 1625 2886 1810 2951; x_wconf 82' lang='lat' dir='ltr'><strong><em>Aliam]</em></strong></span> <span class='ocrx_word' id='word_1_347' title='bbox 1877 2888 2031 2937; x_wconf 84' lang='lat' dir='ltr'><strong><em>Nune</em></strong></span> <span class='ocrx_word' id='word_1_348' title='bbox 2074 2892 2329 2936; x_wconf 77' lang='lat' dir='ltr'><strong><em>mutatam</em></strong></span> <span class='ocrx_word' id='word_1_349' title='bbox 2367 2882 2556 2934; x_wconf 84' lang='lat' dir='ltr'><strong><em>faciem</em></strong></span> 
     </span>
     <span class='ocr_line' id='line_1_49' title="bbox 1492 2963 2556 3026; baseline -0.003 -12"><span class='ocrx_word' id='word_1_350' title='bbox 1492 2964 1703 3026; x_wconf 87' lang='lat' dir='ltr'><strong><em>littoris,</em></strong></span> <span class='ocrx_word' id='word_1_351' title='bbox 1724 2980 1857 3014; x_wconf 89' lang='lat' dir='ltr'><strong><em>nunc</em></strong></span> <span class='ocrx_word' id='word_1_352' title='bbox 1889 2965 2042 3016; x_wconf 86' lang='lat' dir='ltr'><strong><em>modo</em></strong></span> <span class='ocrx_word' id='word_1_353' title='bbox 2086 2963 2433 3023; x_wconf 87' lang='lat' dir='ltr'><strong><em>solitudinem,</em></strong></span> <span class='ocrx_word' id='word_1_354' title='bbox 2467 2979 2556 3011; x_wconf 88' lang='lat' dir='ltr'><strong><em>seu</em></strong></span> 
     </span>
     <span class='ocr_line' id='line_1_50' title="bbox 1493 3042 2556 3107; baseline 0.001 -17"><span class='ocrx_word' id='word_1_355' title='bbox 1493 3042 1752 3091; x_wconf 85' lang='lat' dir='ltr'><strong><em>silentium</em></strong></span> <span class='ocrx_word' id='word_1_356' title='bbox 1777 3058 1908 3107; x_wconf 88' lang='lat' dir='ltr'><strong><em>esse,</em></strong></span> <span class='ocrx_word' id='word_1_357' title='bbox 1930 3042 2081 3093; x_wconf 87' lang='lat' dir='ltr'><strong><em>modo</em></strong></span> <span class='ocrx_word' id='word_1_358' title='bbox 2107 3042 2405 3107; x_wconf 87' lang='lat' dir='ltr'><strong><em>repentinos</em></strong></span> <span class='ocrx_word' id='word_1_359' title='bbox 2426 3046 2556 3091; x_wconf 89' lang='lat' dir='ltr'><strong><em>stre·</em></strong></span> 
     </span>
     <span class='ocr_line' id='line_1_51' title="bbox 1492 3116 2554 3185; baseline -0.001 -18"><span class='ocrx_word' id='word_1_360' title='bbox 1492 3119 1647 3183; x_wconf 88' lang='lat' dir='ltr'><strong><em>pitus,</em></strong></span> <span class='ocrx_word' id='word_1_361' title='bbox 1669 3126 1727 3169; x_wconf 89' lang='lat' dir='ltr'><strong><em>ut</em></strong></span> <span class='ocrx_word' id='word_1_362' title='bbox 1761 3118 1823 3170; x_wconf 84' lang='lat' dir='ltr'><strong><em>fit</em></strong></span> <span class='ocrx_word' id='word_1_363' title='bbox 1856 3121 1907 3168; x_wconf 89' lang='lat' dir='ltr'><strong><em>in</em></strong></span> <span class='ocrx_word' id='word_1_364' title='bbox 1932 3121 2103 3184; x_wconf 84' lang='lat' dir='ltr'><strong><em>vulgo,</em></strong></span> <span class='ocrx_word' id='word_1_365' title='bbox 2142 3120 2230 3185; x_wconf 89' lang='lat' dir='ltr'><strong><em>qui</em></strong></span> <span class='ocrx_word' id='word_1_366' title='bbox 2276 3116 2429 3167; x_wconf 87' lang='lat' dir='ltr'><strong><em>modo</em></strong></span> <span class='ocrx_word' id='word_1_367' title='bbox 2464 3133 2554 3167; x_wconf 90' lang='lat' dir='ltr'><strong><em>ex-</em></strong></span> 
     </span>
     <span class='ocr_line' id='line_1_52' title="bbox 1492 3195 2556 3261; baseline 0 -18"><span class='ocrx_word' id='word_1_368' title='bbox 1492 3196 1703 3246; x_wconf 80' lang='lat' dir='ltr'><strong><em>territus</em></strong></span> <span class='ocrx_word' id='word_1_369' title='bbox 1745 3203 1922 3260; x_wconf 86' lang='lat' dir='ltr'><strong><em>pavet,</em></strong></span> <span class='ocrx_word' id='word_1_370' title='bbox 1946 3212 2006 3245; x_wconf 80' lang='lat' dir='ltr'><strong><em>ac</em></strong></span> <span class='ocrx_word' id='word_1_371' title='bbox 2030 3197 2167 3261; x_wconf 86' lang='lat' dir='ltr'><strong><em>silet,</em></strong></span> <span class='ocrx_word' id='word_1_372' title='bbox 2189 3195 2341 3245; x_wconf 89' lang='lat' dir='ltr'><strong><em>modo</em></strong></span> <span class='ocrx_word' id='word_1_373' title='bbox 2377 3201 2556 3260; x_wconf 77' lang='lat' dir='ltr'><strong><em>sperat</em></strong></span> 
     </span>
     <span class='ocr_line' id='line_1_53' title="bbox 1491 3272 1787 3336; baseline -0.003 -15"><span class='ocrx_word' id='word_1_374' title='bbox 1491 3279 1547 3321; x_wconf 87' lang='lat' dir='ltr'><strong><em>et</em></strong></span> <span class='ocrx_word' id='word_1_375' title='bbox 1568 3272 1787 3336; x_wconf 84' lang='lat' dir='ltr'><strong><em>plaudit.</em></strong></span> 
     </span>
    </p>

    <p class='ocr_par' dir='ltr' id='par_1_11' title="bbox 1530 3348 2551 3421">
     <span class='ocr_line' id='line_1_54' title="bbox 1530 3348 2551 3421; baseline 0.002 -23"><span class='ocrx_word' id='word_1_376' title='bbox 1530 3356 1581 3421; x_wconf 29' lang='lat'><strong><em>‘¹¹</em></strong></span> <span class='ocrx_word' id='word_1_377' title='bbox 1613 3349 1949 3413; x_wconf 78' lang='lat' dir='ltr'><strong><em>Solitudinem]</em></strong></span> <span class='ocrx_word' id='word_1_378' title='bbox 1989 3348 2234 3414; x_wconf 87' lang='lat' dir='ltr'><strong><em>Intellige</em></strong></span> <span class='ocrx_word' id='word_1_379' title='bbox 2254 3348 2551 3400; x_wconf 78' lang='lat' dir='ltr'><strong><em>vastitatem</em></strong></span> 
     </span>
    </p>

    <p class='ocr_par' dir='ltr' id='par_1_12' title="bbox 1482 3425 2556 4280">
     <span class='ocr_line' id='line_1_55' title="bbox 1487 3425 2555 3491; baseline 0.001 -17"><span class='ocrx_word' id='word_1_380' title='bbox 1487 3440 1550 3474; x_wconf 79' lang='lat' dir='ltr'><strong><em>ac</em></strong></span> <span class='ocrx_word' id='word_1_381' title='bbox 1574 3426 1853 3475; x_wconf 85' lang='lat' dir='ltr'><strong><em>silentium.</em></strong></span> <span class='ocrx_word' id='word_1_382' title='bbox 1921 3427 2188 3491; x_wconf 85' lang='lat' dir='ltr'><strong><em>Frequens</em></strong></span> <span class='ocrx_word' id='word_1_383' title='bbox 2211 3426 2378 3476; x_wconf 83' lang='lat' dir='ltr'><strong><em>adbuc</em></strong></span> <span class='ocrx_word' id='word_1_384' title='bbox 2399 3425 2450 3478; x_wconf 83' lang='lat' dir='ltr'><strong><em>in</em></strong></span> <span class='ocrx_word' id='word_1_385' title='bbox 2472 3427 2555 3475; x_wconf 89' lang='lat' dir='ltr'><strong><em>lit·</em></strong></span> 
     </span>
     <span class='ocr_line' id='line_1_56' title="bbox 1488 3504 2556 3569; baseline 0 -17"><span class='ocrx_word' id='word_1_386' title='bbox 1488 3512 1602 3554; x_wconf 84' lang='lat' dir='ltr'><strong><em>tore</em></strong></span> <span class='ocrx_word' id='word_1_387' title='bbox 1640 3504 1938 3567; x_wconf 86' lang='lat' dir='ltr'><strong><em>multitudo,</em></strong></span> <span class='ocrx_word' id='word_1_388' title='bbox 1978 3504 2068 3553; x_wconf 89' lang='lat' dir='ltr'><strong><em>sed</em></strong></span> <span class='ocrx_word' id='word_1_389' title='bbox 2113 3512 2256 3554; x_wconf 83' lang='lat' dir='ltr'><strong><em>metu</em></strong></span> <span class='ocrx_word' id='word_1_390' title='bbox 2302 3504 2556 3569; x_wconf 83' lang='lat' dir='ltr'><strong><em>perculsa,</em></strong></span> 
     </span>
     <span class='ocr_line' id='line_1_57' title="bbox 1486 3582 2553 3646; baseline 0.001 -16"><span class='ocrx_word' id='word_1_391' title='bbox 1486 3596 1580 3646; x_wconf 91' lang='lat' dir='ltr'><strong><em>pro</em></strong></span> <span class='ocrx_word' id='word_1_392' title='bbox 1603 3582 1819 3631; x_wconf 88' lang='lat' dir='ltr'><strong><em>diversis</em></strong></span> <span class='ocrx_word' id='word_1_393' title='bbox 1844 3582 2154 3646; x_wconf 79' lang='lat' dir='ltr'><strong><em>rumoribus,</em></strong></span> <span class='ocrx_word' id='word_1_394' title='bbox 2189 3589 2280 3631; x_wconf 83' lang='lat' dir='ltr'><strong><em>aut</em></strong></span> <span class='ocrx_word' id='word_1_395' title='bbox 2299 3582 2553 3632; x_wconf 78' lang='lat' dir='ltr'><strong><em>acceden-</em></strong></span> 
     </span>
     <span class='ocr_line' id='line_1_58' title="bbox 1489 3660 2553 3724; baseline -0.001 -14"><span class='ocrx_word' id='word_1_396' title='bbox 1489 3661 1649 3722; x_wconf 89' lang='lat' dir='ltr'><strong><em>tibus,</em></strong></span> <span class='ocrx_word' id='word_1_397' title='bbox 1672 3661 1822 3710; x_wconf 91' lang='lat' dir='ltr'><strong><em>modo</em></strong></span> <span class='ocrx_word' id='word_1_398' title='bbox 1857 3660 2139 3724; x_wconf 86' lang='lat' dir='ltr'><strong><em>silentium,</em></strong></span> <span class='ocrx_word' id='word_1_399' title='bbox 2162 3661 2314 3711; x_wconf 84' lang='lat' dir='ltr'><strong><em>modo</em></strong></span> <span class='ocrx_word' id='word_1_400' title='bbox 2353 3660 2553 3712; x_wconf 83' lang='lat' dir='ltr'><strong><em>subitos</em></strong></span> 
     </span>
     <span class='ocr_line' id='line_1_59' title="bbox 1484 3738 2505 3788; baseline -0.001 0"><span class='ocrx_word' id='word_1_401' title='bbox 1484 3739 1736 3788; x_wconf 84' lang='lat' dir='ltr'><strong><em>clamores</em></strong></span> <span class='ocrx_word' id='word_1_402' title='bbox 1760 3738 1969 3787; x_wconf 79' lang='lat' dir='ltr'><strong><em>edebat.</em></strong></span> <span class='ocrx_word' id='word_1_403' title='bbox 2500 3741 2505 3747; x_wconf 88' lang='grc'><strong>“</strong></span> 
     </span>
     <span class='ocr_line' id='line_1_60' title="bbox 1496 3815 2551 3880; baseline 0 -15"><span class='ocrx_word' id='word_1_404' title='bbox 1496 3829 1501 3832; x_wconf 92' lang='grc'><strong><em>·</em></strong></span> <span class='ocrx_word' id='word_1_405' title='bbox 1547 3824 1570 3849; x_wconf 86' lang='lat'><strong>⁰</strong></span> <span class='ocrx_word' id='word_1_406' title='bbox 1606 3816 1883 3875; x_wconf 66' lang='lat' dir='ltr'><strong><em>Trici-archo</em></strong></span> <span class='ocrx_word' id='word_1_407' title='bbox 1903 3815 2165 3880; x_wconf 81' lang='lat' dir='ltr'><strong><em>Herculeo]</em></strong></span> <span class='ocrx_word' id='word_1_408' title='bbox 2219 3816 2551 3866; x_wconf 77' lang='lat' dir='ltr'><strong><em>Trierarehus</em></strong></span> 
     </span>
     <span class='ocr_line' id='line_1_61' title="bbox 1482 3894 2551 3959; baseline -0.002 -16"><span class='ocrx_word' id='word_1_409' title='bbox 1482 3894 1691 3958; x_wconf 84' lang='lat' dir='ltr'><strong><em>dicitur,</em></strong></span> <span class='ocrx_word' id='word_1_410' title='bbox 1732 3896 1815 3959; x_wconf 88' lang='lat' dir='ltr'><strong><em>qui</em></strong></span> <span class='ocrx_word' id='word_1_411' title='bbox 1862 3894 2157 3945; x_wconf 86' lang='lat' dir='ltr'><strong><em>triremibus</em></strong></span> <span class='ocrx_word' id='word_1_412' title='bbox 2194 3900 2404 3957; x_wconf 84' lang='lat' dir='ltr'><strong><em>praeest,</em></strong></span> <span class='ocrx_word' id='word_1_413' title='bbox 2448 3905 2551 3957; x_wconf 82' lang='lat' dir='ltr'><strong><em>qua</em></strong></span> 
     </span>
     <span class='ocr_line' id='line_1_62' title="bbox 1482 3961 2553 4035; baseline 0 -15"><span class='ocrx_word' id='word_1_414' title='bbox 1482 3986 1610 4021; x_wconf 85' lang='lat' dir='ltr'><strong><em>voce</em></strong></span> <span class='ocrx_word' id='word_1_415' title='bbox 1635 3972 1797 4021; x_wconf 78' lang='lat' dir='ltr'><strong><em>utitur</em></strong></span> <span class='ocrx_word' id='word_1_416' title='bbox 1813 3972 2015 4035; x_wconf 86' lang='lat' dir='ltr'><strong><em>Cicero,</em></strong></span> <span class='ocrx_word' id='word_1_417' title='bbox 2030 3978 2084 4021; x_wconf 87' lang='lat' dir='ltr'><strong><em>et</em></strong></span> <span class='ocrx_word' id='word_1_418' title='bbox 2099 3961 2376 4021; x_wconf 55' lang='lat' dir='ltr'><strong><em>Isbolenus</em></strong></span> <span class='ocrx_word' id='word_1_419' title='bbox 2391 3970 2553 4020; x_wconf 86' lang='lat' dir='ltr'><strong><em>Ictu&#39;s.</em></strong></span> 
     </span>
     <span class='ocr_line' id='line_1_63' title="bbox 1484 4045 2552 4114; baseline -0.004 -15"><span class='ocrx_word' id='word_1_420' title='bbox 1484 4048 1629 4099; x_wconf 85' lang='lat' dir='ltr'><strong><em>Alibi</em></strong></span> <span class='ocrx_word' id='word_1_421' title='bbox 1672 4063 1874 4114; x_wconf 84' lang='lat' dir='ltr'><strong><em>quoque</em></strong></span> <span class='ocrx_word' id='word_1_422' title='bbox 1907 4048 2155 4099; x_wconf 84' lang='lat' dir='ltr'><strong><em>Claudius</em></strong></span> <span class='ocrx_word' id='word_1_423' title='bbox 2197 4045 2404 4112; x_wconf 80' lang='lat' dir='ltr'><strong><em>quidam</em></strong></span> <span class='ocrx_word' id='word_1_424' title='bbox 2446 4047 2552 4096; x_wconf 65' lang='lat' dir='ltr'><strong><em>Tri·</em></strong></span> 
     </span>
     <span class='ocr_line' id='line_1_64' title="bbox 1485 4125 2552 4197; baseline 0 -20"><span class='ocrx_word' id='word_1_425' title='bbox 1485 4128 1709 4177; x_wconf 75' lang='lat' dir='ltr'><strong><em>crarchus</em></strong></span> <span class='ocrx_word' id='word_1_426' title='bbox 1731 4126 2092 4178; x_wconf 77' lang='lat' dir='ltr'><strong><em>Liburnicarum</em></strong></span> <span class='ocrx_word' id='word_1_427' title='bbox 2123 4142 2155 4177; x_wconf 80' lang='lat' dir='ltr'><strong><em>a</em></strong></span> <span class='ocrx_word' id='word_1_428' title='bbox 2172 4127 2357 4180; x_wconf 83' lang='lat' dir='ltr'><strong><em>Tacito</em></strong></span> <span class='ocrx_word' id='word_1_429' title='bbox 2375 4125 2552 4197; x_wconf 75' lang='lat' dir='ltr'><strong><em>appel-</em></strong></span> 
     </span>
     <span class='ocr_line' id='line_1_65' title="bbox 1485 4204 2470 4280; baseline 0.002 -26"><span class='ocrx_word' id='word_1_430' title='bbox 1485 4205 1654 4280; x_wconf 30' lang='lat' dir='ltr'><strong><em>latur.</em></strong></span> <span class='ocrx_word' id='word_1_431' title='bbox 1678 4204 1926 4270; x_wconf 72' lang='lat' dir='ltr'><strong><em>Lupum.</em></strong></span> <span class='ocrx_word' id='word_1_432' title='bbox 2179 4215 2184 4223; x_wconf 83' lang='grc'><em>·</em></span> <span class='ocrx_word' id='word_1_433' title='bbox 2316 4221 2320 4226; x_wconf 93' lang='grc'><em>·</em></span> <span class='ocrx_word' id='word_1_434' title='bbox 2353 4221 2358 4224; x_wconf 54' lang='lat'><strong>⁴</strong></span> <span class='ocrx_word' id='word_1_435' title='bbox 2424 4207 2428 4211; x_wconf 83' lang='grc'><strong><em>’</em></strong></span> <span class='ocrx_word' id='word_1_436' title='bbox 2466 4222 2470 4226; x_wconf 68' lang='grc'><em>’</em></span> 
     </span>
    </p>
   </div>
   <div class='ocr_carea' id='block_1_9' title="bbox 393 4276 1503 4347">
    <p class='ocr_par' dir='ltr' id='par_1_13' title="bbox 393 4276 1503 4347">
     <span class='ocr_line' id='line_1_66' title="bbox 393 4276 1503 4347; baseline -0.006 -13"><span class='ocrx_word' id='word_1_437' title='bbox 393 4278 403 4313; x_wconf 89' lang='lat'><strong>¹</strong></span> <span class='ocrx_word' id='word_1_438' title='bbox 440 4280 582 4342; x_wconf 74' lang='lat' dir='ltr'><strong><em>Quod</em></strong></span> <span class='ocrx_word' id='word_1_439' title='bbox 614 4293 800 4330; x_wconf 79' lang='lat' dir='ltr'><strong><em>nenwa</em></strong></span> <span class='ocrx_word' id='word_1_440' title='bbox 825 4277 967 4347; x_wconf 78' lang='lat' dir='ltr'><strong><em>filio]</em></strong></span> <span class='ocrx_word' id='word_1_441' title='bbox 1008 4278 1215 4343; x_wconf 81' lang='lat' dir='ltr'><strong><em>Nempe</em></strong></span> <span class='ocrx_word' id='word_1_442' title='bbox 1236 4276 1406 4329; x_wconf 77' lang='lat' dir='ltr'><strong><em>reddi·</em></strong></span> <span class='ocrx_word' id='word_1_443' title='bbox 1474 4287 1503 4300; x_wconf 78' lang='grc'><em>”</em></span> 
     </span>
    </p>
   </div>
  </div>
 </body>
</html>
