3063 4952
569 408 749 491 me

1264 428 1355 486 -ο,
1401 422 1765 486 colinam
1813 426 2070 482 ‘raci‘m

2453 434 2779 503 12:15(OEss-

570 584 744 651 riam
764 540 1088 664 constitit,
1125 586 1202 648 ut
1227 582 1476 649 horreis
1506 583 1750 666 ignem⁵
1790 578 2168 666 injicerent:
2215 574 2582 664 contraque
2623 596 2779 664 proae

494 736 499 753 -.
571 689 811 755 diderit
836 685 1172 766 Corbulo}
1199 690 1222 722 ‘
1252 686 1536 752 Parthos
1566 687 1807 769 inopes
1834 683 2201 767 copiarum,
2221 688 2289 748 et
2314 683 2568 766 pabulo
2597 683 2782 747 attii·

569 798 664 871 to,
692 792 1039 857 relicturos
1083 789 1670 876 oppugnationem,
1700 805 1916 871 neque
1957 805 2030 849 se
2079 787 2235 871 plus
2278 786 2478 851 tridui
2501 786 2778 871 ,itinere

462 912 465 915 ’
540 952 541 955 ,
578 893 899 961 abfuisse.
925 934 933 939 -

563 1096 725 1160 ι’ςπεηι
755 1096 933 1145 horreis
963 1097 1291 1154 admoverent,-
1320 1098 1571 1158 cannaque

902 892 920 919 '
1006 891 1303 979 Adjecit‚
1321 895 1342 926 ‘
1363 889 1799 993 jurejurando
1829 889 2009 955 Paeti
2032 897 2297 956 cautum
2322 889 2509 974 apud
2536 890 2780 973 signa,¹¹

1608 1091 1851 1157 scripserit
1890 1090 2113 1153 Corbulo,
2160 1091 2386 1142 Parthos
2418 1105 2617 1156 egenos
2642 1105 2777 1140 com-

565 1166 848 1222 meatuum,
885 1166 942 1211 et
981 1161 1172 1225 pabulo
1207 1161 1466 1222 absumto,
1509 1158 1831 1210 obsidionem
1864 1155 2159 1217 omissuros,
2187 1171 2369 1222 ‚neque
2415 1171 2473 1206 se
2517 1163 2777 1206 remotum

566 1215 723 1296 fuisse
742 1241 772 1276 u
803 1218 974 1277 cast'ris
1005 1225 1221 1290 obsessis,
1240 1225 1337 1275 nisi
1357 1225 1442 1275 via
1462 1224 1618 1274 trium
1641 1224 1860 1274 dierum.
1923 1221 2188 1286 Adiunxit,
2209 1222 2415 1271 Paetum
2446 1220 2777 1272 sacramento

1483 1354 1870 1376 OOOOOOOOOOO‘O

572 1430 577 1433 ’
632 1441 656 1486 1
694 1437 778 1488 Sic
817 1402 984 1490 Rhen.
1016 1452 1048 1488 e
1080 1435 1307 1488 Budens.
1330 1435 1483 1487 Prius
1502 1433 1776 1499 legebatur
1789 1433 1975 1485 itineri.
2013 1433 2347 1485 Oberlin.-—2
2381 1434 2470 1483 Ita
2503 1434 2634 1484 Mss.
2673 1432 2775 1483 edi·

1556 1596 1773 1652 NOTAE

593 1711 595 1714 ⁴
628 1721 646 1747 ⁸
685 1713 753 1763 Ut
788 1713 973 1764 horreis
996 1713 1190 1777 'ignem
1244 1712 1491 1763 Attamen
1535 1726 1625 1776 pe-

562 1790 822 1855 pigerant,
859 1797 1173 1840 commeatus
1210 1804 1386 1840 omnes
1427 1789 1538 1839 fore
1571 1790 1626 1838 in

563 1874 831 1932 potestate
855 1868 1185 1919 Parthorum.
1250 1868 1452 1933 Supra:
1475 1868 1490 1894 ‘
1515 1882 1626 1916 cas-

563 1945 790 2010 tellaque
810 1951 865 1994 et
885 1951 1199 1994 commeatus
1217 1945 1428 1994 Parthis
1450 1942 1626 1994 tradi.'

560 2022 669 2073 Sed
723 2022 821 2072 hoc
871 2021 1260 2084 intelligebatur
1311 2027 1514 2071 tantum
1559 2021 1625 2069 de

559 2098 789 2148 castellis
832 2103 887 2148 et
932 2098 1095 2162 copiis
1142 2097 1424 2161 Armeniae,
1457 2105 1511 2148 et
1556 2097 1623 2148 de

556 2174 951 2245 commeatibus,
970 2174 1056 2239 qui
1087 2180 1237 2223 erant
1258 2175 1311 2223 in
1333 2174 1410 2225 bis
1432 2175 1623 2225 castel-

558 2248 648 2300 lis:
689 2257 746 2300 et
777 2249 890 2300 haec
912 2252 1100 2301 horrea
1128 2259 1358 2302 cremata
1377 2258 1531 2302 erant
1569 2253 1623 2301 in

560 2329 743 2379 eastris
767 2330 1028 2393 Romanis,
1046 2337 1101 2380 et
1122 2336 1409 2395 potuerunt
1430 2330 1623 2380 Roma-

558 2404 614 2454 ni
656 2402 968 2455 frumentum
1005 2405 1135 2455 illud
1177 2421 1353 2456 secum
1381 2407 1623 2469 avehere,

560 2483 643 2531 vel
679 2496 1047 2549 corrumpere:
1089 2485 1155 2536 de
1198 2500 1298 2551 quo
1329 2484 1456 2533 nihil
1479 2485 1623 2549 pacti

557 2564 729 2608 erant.

554 2697 559 2702 ἱ
623 2636 640 2668 t
674 2635 937 2700 Contraque
961 2636 1228 2701 prodiderit
1266 2636 1490 2700 Corbulo]
1556 2636 1619 2686 In

556 2715 958 2774 commentariis,
1002 2714 1204 2778 opinor,
1261 2722 1353 2765 aut
1405 2714 1621 2765 historia

510 2838 515 2842 .
554 2790 736 2840 barum
759 2805 947 2841 rerum.
1012 2792 1218 2841 Plinius
1251 2792 1399 2841 certe
1422 2791 1620 2843 Corbu-

556 2868 726 2917 lonem
758 2868 895 2918 inter
919 2865 1201 2933 scriptores
1224 2869 1508 2933 recensuit,
1531 2869 1618 2920 In·

555 2942 675 2993 dice
693 2943 782 2994 lib.
801 2958 854 2993 v.
876 2950 932 2994 et
954 2957 1033 2996 vl.
1068 2944 1276 3009 Lipsius.

624 3020 916 3084 Contraque]
972 3021 1257 3072 Constabat
1300 3023 1618 3088 superfuisse

555 3109 808 3146 annonam
830 3097 1072 3147 Romanis
1093 3114 1106 3147 :
1129 3105 1182 3147 at
1200 3104 1379 3149 contra
1396 3099 1621 3150 frumen-

555 3171 597 3221 ti
621 3186 808 3235 egenos
826 3171 984 3222 fuisse
1003 3166 1468 3239 Partlios,scri'psit
1492 3176 1617 3226 Cor·

552 3245 694 3313 bulo,
716 3250 823 3299 sive
844 3250 896 3299 id
923 3256 1032 3300 tum
1055 3252 1304 3301 nuntiarit
1337 3253 1389 3302 in
1413 3253 1616 3317 urbem,

550 3324 660 3375 sive
695 3328 1074 3378 commentariis
1107 3330 1209 3378 suis
1245 3328 1296 3377 id
1323 3330 1615 3395 tradiderit,

552 3404 634 3453 vel
657 3401 791 3453 forte
815 3411 1038 3472 utroque
1062 3406 1215 3457 modo
1239 3408 1549 3471 prodiderit.

613 3486 638 3511 ¹⁸
674 3481 878 3530 Cautum
898 3485 1024 3545 apud
1043 3483 1207 3547 signu]
1232 3485 1449 3548 Specta,
1463 3486 1617 3549 juve·

550 3555 651 3618 nia,
660 3556 958 3620 juramenta
984 3560 1328 3610 Romanorum
1352 3563 1487 3626 apud
1513 3563 1614 3627 sig-

549 3644 640 3680 na:
673 3631 726 3681 id
760 3640 859 3696 est,
883 3635 960 3683 uti
983 3650 1080 3700 ego
1118 3637 1455 3701 interpretor,
1471 3638 1613 3702 apud

548 3707 826 3773 principia.
892 3712 1005 3761 lllic
1044 3714 1180 3763 enim
1223 3714 1366 3778 signa
1406 3722 1462 3765 et
1503 3716 1612 3780 ple-

547 3798 731 3851 rosque
792 3796 1075 3838 castrorum
1145 3791 1380 3841 solennes
1445 3800 1613 3859 actus,

547 3861 687 3927 apud
711 3863 986 3927 principia,
1020 3867 1241 3928 notabis,
1267 3869 1576 3921 celebratos.

614 3935 701 3988 sic
716 3939 802 4002 jus
824 3941 873 3988 in
896 3940 1158 4003 principiis
1182 3942 1397 3994 dictum.
1436 3945 1610 3995 Livius

542 4012 641 4067 lib.
677 4031 879 4068 xxvnl.
919 4023 934 4046 ⁸
959 4019 1212 4069 Tribunos
1270 4028 1440 4072 tamen
1488 4024 1611 4088 jura

547 4092 768 4142 reddere
788 4094 836 4141 in
859 4095 1124 4159 principiis
1143 4098 1418 4150 sinebant!
1457 4100 1610 4164 Edic-

546 4171 604 4216 ta
622 4164 693 4217 ibi
704 4167 994 4233 proposita.
1062 4174 1330 4224 Vulcatius
1347 4175 1400 4224 in
1415 4171 1607 4227 Avidio

549 4243 758 4295 Cassio:
807 4247 827 4274 ‘
861 4248 995 4298 Nam
1039 4251 1215 4315 statim
1256 4259 1312 4301 et
1349 4251 1416 4313 ad
1458 4251 1614 4316 signa

547 4318 686 4390 edici
707 4319 883 4389 jussit,
898 4329 954 4374 et
974 4339 1302 4390 programma
1318 4327 1372 4377 in
1403 4327 1614 4392 parieti-

1707 1709 1805 1760 bus
1839 1708 1976 1773 fixit,
2013 1714 2071 1760 ut
2098 1709 2141 1760 si
2181 1709 2295 1776 quis
2334 1709 2539 1759 cinctus
2573 1707 2773 1757 inveni·

1708 1794 1854 1837 retur
1874 1788 1925 1837 in
1949 1789 2195 1852 Daphne,
2215 1786 2500 1837 discinctus
2521 1785 2756 1838 rediret!

1774 1865 1967 1915 Literae
2016 1866 2190 1928 lectae,
2244 1871 2300 1915 et
2346 1863 2540 1914 habitas
2586 1865 2772 1912 allocu-

1675 2008 1684 2019 .
1707 1941 1897 1992 tiones.
1921 1942 2228 2008 Spartianus
2244 1941 2296 1991 in
2308 1941 2604 1991 Pescennio
2618 1957 2632 1991 z
2645 1944 2660 1969 ‘
2671 1940 2771 1990 Ita·

1697 2034 1810 2084 ,que
1848 2021 1964 2070 misi
1998 2020 2180 2070 literas
2204 2019 2493 2070 recitandas
2516 2019 2583 2068 ad
2608 2017 2770 2082 signa,

1704 2096 1925 2162 quibus‚'
1970 2100 2068 2148 διο.
2132 2097 2388 2147 Tacitus:
2429 2100 2444 2125 ‘
2470 2102 2768 2146 contractos

1705 2172 1759 2221 in
1781 2172 2043 2237 principia
2080 2172 2268 2223 milites
2297 2173 2460 2237 jussit
2480 2187 2602 2223 cum
2626 2172 2772 2223 silen-

1706 2249 1780 2298 tio
1801 2250 2016 2301 audire?

1769 2326 2056 2390 Castigatio
2079 2332 2136 2377 et
2167 2325 2425 2377 interdum
2448 2325 2767 2376 animadver-

1703 2402 1779 2452 sio
1823 2402 1913 2452 ibi.
1988 2403 2266 2453 Suetonius
2304 2402 2515 2452 Othone
2565 2416 2681 2466 cap.
2721 2405 2768 2451 1.

1703 2480 1914 2530 ’Ausus
1955 2487 2037 2531 est
2080 2480 2273 2530 milites
2310 2480 2559 2545 quosdam
2594 2481 2768 2545 capite

1702 2556 1907 2620 punire,
1943 2565 2001 2606 et
2033 2557 2243 2621 quidem
2275 2564 2397 2607 ante
2412 2557 2688 2622 principia
2712 2572 2767 2608 se

1701 2631 1911 2683 coram!
1976 2634 2253 2683 Frontinus
2294 2633 2390 2685 lib.
2424 2648 2503 2684 lv·
2532 2634 2765 2700 Strateg.

1699 2713 1717 2739 ‘
1744 2712 1819 2761 M.
1843 2713 1976 2762 Cato
2010 2712 2271 2761 memoria:
2296 2709 2531 2775 tradidit,
2549 2711 2605 2761 in
2626 2711 2767 2763 furto

1699 2788 2087 2852 comprehensis
2121 2788 2331 2840 dextras
2352 2802 2465 2838 esse
2506 2789 2768 2853 praecisas,

1697 2870 1789 2913 aut
1800 2865 1842 2913 si
1854 2860 2023 2914 'lenius
2042 2866 2453 2916 animadvertere
2466 2866 2769 2935 voluissent,

1693 2939 1749 2989 in
1771 2941 2042 3005 principiis
2070 2943 2371 3007 sanguinem
2390 2942 2641 2994 missum.’
2735 2937 2750 2948 ”

1762 3017 1975 3082 Signum
2018 3017 2178 3069 etiam
2211 3034 2397 3085 pugnae
2421 3019 2764 3085 propositum.

1696 3097 1959 3148 Isidorus:
1984 3099 2002 3127 ⁴
2022 3099 2270 3163 Russata‚
2291 3100 2463 3164 pridie
2499 3113 2656 3165 quam
2691 3098 2766 3148 di-

1696 3176 1991 3227 micandum
2025 3183 2180 3239 esset,
2213 3178 2417 3229 solebat
2459 3183 2587 3227 ante
2627 3177 2766 3242 prin·

1698 3253 1836 3317 cipia
1858 3254 1999 3317 poni,
2032 3256 2181 3320 quasi
2219 3255 2505 3305 admonitio
2544 3259 2604 3304 et
2636 3252 2765 3303 indi-

1696 3329 1833 3380 cium
1855 3328 2044 3380 futurae
2065 3332 2288 3396 pugnae!
2332 3332 2543 3395 Lipsius.

1760 3407 1908 3471 Apud
1926 3407 2087 3471 signa]
2136 3408 2276 3461 Quia
2295 3409 2407 3458 baec
2431 3407 2597 3458 veluti
2620 3422 2763 3457 sanc-

1696 3483 1895 3535 tissima
1914 3478 2126 3535 numina
2142 3487 2425 3549 legionum,
2456 3489 2514 3533 et
2536 3483 2664 3547 quia
2685 3482 2764 3532 hic

1692 3561 1942 3625 imagines
1982 3555 2251 3626 principis,
2293 3559 2441 3624 cujus
2474 3558 2692 3609 fortuna
2712 3563 2766 3607 et

1672 3637 1936 3701 >auspiciis
1957 3638 2187 3702 Respub.
2209 3637 2520 3703 gerebatur:
2543 3636 2671 3688 hinc
2681 3635 2763 3700 ju-
2788 3644 2795 3650 ·

1691 3714 1879 3765 rabant
1899 3714 2171 3780 foedusque
2193 3715 2398 3765 inibant
2420 3714 2564 3778 apud
2600 3715 2762 3778 signa,

1693 3797 1749 3840 et
1782 3790 1977 3855 aquilas
2010 3806 2072 3841 ac
2107 3791 2268 3842 veluti
2298 3793 2444 3840 Deos
2474 3797 2761 3854 praesentes

1689 3867 2109 3920 obtestabantur.

1754 3944 1899 4008 Apud
1929 3944 2092 4006 signa]
2147 3944 2499 4009 JureJurando
2522 3950 2760 3995 sanctum

1690 4019 1820 4071 illud
1858 4018 2025 4071 foedus
2070 4020 2123 4069 in
2175 4021 2409 4086 utrisque
2454 4022 2662 4084 castris,
2700 4024 2759 4069 ut

1690 4105 1839 4162 puto,
1851 4104 1908 4148 et
1924 4100 1980 4147 in·
1989 4097 2238 4148 Romanis
2254 4098 2441 4149 castris
2460 4097 2604 4164 apud
2624 4097 2758 4162 prin-

1688 4176 1846 4239 cipia,
1868 4175 2006 4239 apud
2045 4175 2265 4240 aquilas,
2289 4189 2407 4241 quae
2430 4173 2755 4225 sanctissima

1688 4252 1911 4318 militum
1930 4251 2160 4304 numina.
