3063 4952
514 408 691 478 1814
1222 432 1286 481 ca
1335 429 1696 485 connum
1744 432 1998 487 mem
2023 434 2026 441 ·
2402 447 2498 514 [A.
2519 446 2589 501 u.
2613 454 2710 502 εις

600 574 712 640 66.
770 572 1035 642 Eodem·
1075 592 1251 644 armo
1297 578 1710 648 libertorumf
1737 584 2124 669 potissimos
2168 608 2423 655 veneno
2474 591 2734 657 interro-1

517 678 716 742 cisse¹
745 679 1064 743 creditus²
1093 687 1196 746 est
1212 689 1263 762 3⁸
1308 682 1831 769 Doryphorum,¹²
1876 692 2065 773 quasi
2113 690 2537 758 adversatum
2567 714 2734 780 nup·-

514 778 630 845 tiis
659 781 1025 865 Poppaeae3
1075 780 1467 868 Pallantem,
1510 790 1689 873 qnod
1721 793 2107 858 immensam
2136 795 2512 879 pecuniami
2535 800 2738 881 longa

515 889 784 947 senecta
835 885 1177 954 detineret.
1286 888 1645 958 Romanqu
1696 898 1969 962 secretis
2017 900 2589 965 criminationibus
2636 903 2733 966 in-

520 992 872 1052 cusaverat
927 988 1272 1072 Senecam,
1317 1001 1392 1059 ut
1437 993 1517 1061 C.
1563 996 1838 1064 Pisonis
1893 1003 2148 1066 socium
2173 997 2221 1081 ;¹‘
2266 1005 2386 1068 sed
2440 1004 2736 1070 validius

541 1220 553 1276 .-
584 1201 762 1252 Eodem
783 1207 993 1268 tempore
1023 1206 1168 1257 Nero
1191 1210 1489 1263 existimatus
1520 1218 1592 1263 est
1619 1216 1761 1265 noxio
1797 1218 2101 1269 medicamine
2118 1219 2451 1285 -interoepisoe
2470 1222 2741 1286 praecipuos

515 1266 802 1340 hoedorum,
826 1271 1181 1336 Doryphorum,
1201 1277 1335 1339 quasi
1356 1278 1617 1330 obstitisset
1634 1283 1934 1332 matrimonio
1957 1285 2196 1349 Poppoeoe,
2218 1294 2273 1335 et
2291 1288 2592 1347 Pallantem,
2616 1291 2744 1353 quod

504 1332 744 1403 'danturne
773 1341 1009 1387 senectute
1044 1338 1265 1406 ingentes,
1288 1357 1396 1406 opes
1424 1346 1673 1396 retineret.
1739 1347 1986 1399 Romus
2003 1351 2200 1404 coenatis
2220 1352 2469 1402 calumniis
2500 1341 2751 1436 detulero?

1447 1506 1533 1526 OOC
1538 1507 1595 1528 θ’
1600 1507 1740 1528 ΝΜ
1744 1510 1804 1530 ‘O

532 1628 548 1635 ψ
581 1612 610 1660 1
646 1607 863 1666 Annuus
882 1615 1074 1680 Ryckii
1099 1621 1210 1672 vuit
1230 1601 2006 1680 interiiue=velintncidisse.ss2
2039 1627 2122 1680 stc
2142 1628 2270 1680 Mu.
2292 1628 2433 1678 mor.
2452 1628 2589 1692 neg.
2608 1628 2739 1694 Agr.

1508 1806 1729 1859 NOTAE

515 1924 633 1972 815.
683 1922 875 1974 Christi
897 1907 1010 1978 nati
1044 1934 1127 1981 62.
1169 1936 1228 1982 ut
1249 1948 1402 2001 supra
1425 1951 1471 1986 c.
1495 1942 1578 1989 61.
1658 1953 1744 2000 se3
1779 1939 1833 1990 id
1857 1944 2056 1990 tantum
2074 1954 2141 1990 ex
2164 1941 2472 2007 conjectura
2492 1934 2746 1993 habetur'

524 1998 767 2049 Tillemon.
1662 2019 1799 2072 Quia
1838 2034 2025 2085 nempe
2045 2014 2147 2071 'hoc
2187 2034 2322 2069 anno
2357 2019 2534 2069 liberti
2567 2019 2746 2084 occisi,

578 2073 605 2106 f
629 2075 951 2143 Libertorum]
1015 2082 1101 2133 Sic
1136 2084 1282 2137 Suet.
1321 2091 1451 2142 Ner.
1493 2097 1579 2144 85.
1662 2098 1785 2162 quia
1806 2110 1910 2148 uno
1933 2099 2137 2148 nomine
2155 2098 2464 2161 designatur
2479 2098 2748 2162 Roranam,

513 2151 784 2204 ‘libertos
808 2155 996 2207 divites
1019 2167 1074 2210 et
1094 2176 1244 2212 senes
1268 2167 1389 2216 olim
1425 2169 1583 2234 adop·

513 2230 690 2294 tionis,
708 2247 826 2283 mox
850 2235 1208 2291 dominationis
1225 2259 1332 2295 suae
1350 2245 1581 2299 fautores

513 2311 671 2374 atque
695 2317 946 2377 rectores,
972 2330 1188 2380 venene,
1213 2323 1402 2384 partim
1437 2326 1585 2390 cibis,

511 2385 702 2450 partim
726 2389 1020 2451 potionibus
1035 2393 1217 2459 indito,
1235 2399 1552 2465 intercepit.’

578 2470 604 2507 8
668 2463 853 2517 Veneno
903 2469 1195 2532 interfecisse
1241 2479 1449 2528 creditus
1491 2481 1586 2545 est]

512 2546 632 2612 Vel,
653 2549 882 2599 creditum
899 2556 991 2602 est.
1063 2554 1200 2604 Vide
1215 2555 1431 2609 Sueton.
1455 2560 1585 2609 Ner.

517 2637 567 2673 c.
584 2628 666 2674 36.
705 2626 916 2691 Lipsius.

580 2702 606 2737 ¹¹
669 2705 1029 2774 Doryphorum]
1094 2712 1191 2762 Est
1235 2728 1423 2764 nomen
1471 2716 1582 2768 sive

515 2793 799 2842 cognomen
826 2783 1000 2833 liberti
1022 2790 1307 2852 proprium.
1373 2793 1581 2844 Fortas—

510 2869 570 2903 se
590 2861 646 2906 et
664 2855 761 2905 boc
799 2858 1052 2922 Xiphilini
1074 2862 1210 2928 loco,
1247 2865 1301 2914 in
1338 2868 1579 2932 Nerone:

513 2931 531 2957 ‘
556 2929 891 2998 Doryphoro,
928 2937 1016 2999 qui
1041 2954 1072 2986 a
1094 2940 1278 2991 libellis
1311 2953 1443 3009 erat,
1469 2948 1581 3011 jus-

514 3005 586 3056 sit
608 3005 721 3057 dari
760 3009 1012 3063 ducentas
1034 3017 1376 3084 quadraginta
1398 3022 1581 3075 drach·

504 3091 711 3135 'marum
733 3088 1027 3151 myriadas!
1085 3093 1173 3143 Ita
1192 3109 1291 3159 ego
1312 3095 1581 3166 verterim,

511 3166 570 3210 et
589 3174 772 3212 munus
791 3166 952 3214 nostri
985 3167 1287 3236 Doryphori
1318 3177 1542 3228 eruerim
1562 3193 1580 3227 ι

512 3244 570 3287 at
584 3236 846 3303 interpres
868 3244 1045 3308 vertit,
1072 3246 1368 3300 Praetor-iano
1389 3254 1579 3305 cuidam

510 3316 683 3367 militi.-
706 3320 793 3383 qui
818 3335 922 3371 uon
946 3324 1113 3374 solent
1127 3327 1364 3390 profecto
1386 3333 1579 3384 alibel-

507 3392 591 3454 Iis,
626 3402 717 3445 aut
769 3397 958 3449 talibus
1009 3399 1190 3454 officiis
1236 3420 1370 3459 esse.
1460 3409 1579 3476 Lip-

511 3483 627 3519 ems.

575 3543 591 3579 ¹
625 3546 766 3604 Quod
785 3550 1056 3605 immensam
1080 3560 1350 3624 pecuniam]
1387 3563 1580 3615 Officia

509 3621 746 3686 quiedam
769 3636 1021 3690 praestare
1057 3635 1229 3685 adbuc
1266 3639 1581 3692 tenebantur

504 3697 684 3750 liberti
726 3709 946 3767 patrono
991 3725 1103 3774 suo,
1161 3720 1218 3765 et
1262 3713 1393 3779 pars
1419 3733 1577 3783 opum

506 3781 634 3839 post
646 3776 846 3831 obitum
866 3782 1042 3836 liberti
1066 3789 1131 3837 ad
1155 3790 1320 3854 ipsum
1346 3796 1576 3857 pertine-

505 3849 655 3917 bant,
680 3861 771 3905 aut
791 3856 858 3905 ad
877 3856 1080 3925 fiscum,
1120 3864 1295 3929 ignoto
1330 3877 1573 3932 patrono.

506 3928 588 3981 Ut
609 3940 844 3986 notamus
866 3938 1008 3989 alibi.

530 4075 535 4082 „
570 4004 590 4050 ἕ
621 4008 883 4077 Romanus]
916 4015 1093 4067 Vertit
1116 4018 1387 4086 Interpres
1411 4024 1573 4075 Galli-

510 4093 616 4145 cas,
666 4088 811 4149 quasi
855 4090 1110 4157 Romanus,
1157 4097 1314 4147 etiam
1357 4099 1572 4153 libertus

509 4151 745 4223 (ἕπευ-ΞΒ,
763 4164 960 4225 pariter
980 4170 1182 4221 occisus
1203 4172 1402 4227 fuisset.
1466 4178 1571 4229 Sed

509 4244 579 4280 ex
621 4232 832 4300 Tacito,
887 4255 1057 4308 neque
1097 4249 1318 4309 praecise
1361 4260 1576 4305 constat

508 4303 673 4358 fuisse
690 4309 952 4380 libertum,
989 4330 1159 4385 neque
1197 4324 1427 4376 occisum
1450 4326 1574 4378 fuis·

1662 2179 1717 2222 et
1742 2173 1863 2238 qnia
1879 2175 2074 2224 secretio
2092 2172 2505 2226 criminationibus
2520 2173 2746 2238 agebat3

1666 2249 1801 2316 quod
1825 2250 2001 2301 liberti
2025 2251 2177 2301 aulici
2197 2249 2317 2301 fuit.

1731 2325 1756 2361 ¹‘
1791 2330 1850 2379 C.
1877 2329 2069 2379 Pisonis
2087 2328 2291 2392 socium]
2360 2328 2550 2377 Mirari
2587 2327 2747 2390 subit,

1668 2405 1802 2470 quod
1835 2407 1950 2470 jam
1972 2412 2246 2471 suspectus
2280 2407 2350 2456 sit
2388 2420 2565 2455 rerum
2589 2420 2749 2455 nova·

1667 2498 1782 2533 rum
1823 2485 1965 2547 Piso,
1997 2485 2136 2536 sicut
2167 2492 2223 2536 et
2256 2486 2478 2535 Seneca.
2565 2484 2656 2534 Ita
2688 2489 2748 2534 ut

1666 2561 1781 2626 ipse
1807 2562 2044 2613 Romanu
2066 2563 2249 2612 eodem
2267 2560 2485 2612 crimine
2508 2560 2747 2610 Pisonia-

1665 2654 1731 2689 no
1754 2641 2108 2704 subvertatur,
2126 2647 2182 2690 et
2205 2647 2378 2691 tamen
2399 2639 2633 2706 nondum
2653 2653 2747 2688 sae·

1662 2718 1771 2768 viat
1792 2720 1957 2781 Nero,
1985 2733 2087 2769 non
2110 2726 2441 2783 suspectetur
2466 2718 2616 2779 Piae,
2643 2732 2746 2768 uon

1662 2797 1951 2848 retineatur
1970 2798 2060 2849 ille
2077 2799 2284 2861 saltem,
2307 2803 2400 2848 aut
2433 2804 2747 2861 seponatur,

1663 2881 1753 2924 aut
1771 2876 2044 2925 claudatur
2067 2874 2253 2939 insula,
2270 2876 2353 2925 vel
2375 2873 2540 2923 etiam
2565 2874 2748 2932 statim

1660 2950 2019 3003 interficiatur.

1713 3028 1886 3094 Puto,
1927 3031 2131 3081 Seneca
2169 3045 2263 3081 aua
2300 3028 2574 3091 facundia3
2605 3029 2750 3093 inge-

1660 3105 1850 3170 nioque
1870 3108 1998 3168 acri,
2041 3115 2098 3157 et
2143 3105 2483 3158 conscientiae
2527 3120 2747 3155 securus

1661 3196 1723 3230 ac
1745 3182 2057 3247 impavidus,
2093 3183 2167 3233 ita
2206 3183 2425 3233 retorsit
2462 3181 2666 3232 crimen
2692 3182 2748 3230 in

1661 3258 1967 3323 delatorem,
2003 3269 2065 3311 ut
2098 3275 2153 3309 se
2175 3276 2281 3311 non
2305 3262 2471 3311 solum
2497 3259 2750 3311 innocen-

1660 3342 1766 3385 tem
1788 3336 2050 3401 probaret,
2072 3336 2166 3387 sed
2190 3337 2351 3387 etiam
2384 3350 2530 3386 reum
2568 3335 2747 3399 potins

1661 3412 1779 3461 talis
1795 3412 2025 3463 criminis
2059 3428 2151 3463 seu
2172 3412 2417 3463 amicitiae
2439 3417 2500 3461 et
2524 3412 2749 3462 societa-

1663 3488 1730 3537 tis
1753 3503 1870 3538 cum
1897 3490 2109 3553 Pisone,
2130 3490 2172 3539 si
2197 3489 2334 3554 quod
2358 3494 2505 3538 esset
2527 3487 2751 3553 crimen,

1661 3564 1929 3617 Romanum
1951 3568 2309 3617 convinceret.

1724 3643 1885 3707 Dico,
1902 3645 1944 3692 si
1971 3643 2105 3707 qnod
2135 3644 2334 3693 crimen
2355 3642 2567 3692 Pisonis
2585 3647 2750 3707 esset,

1659 3720 1799 3783 quod
1835 3727 1890 3770 et
1914 3728 2085 3771 tamen
2112 3723 2304 3770 nullum
2326 3735 2442 3771 esse
2465 3721 2752 3771 convince·

1660 3795 1750 3845 bat
1768 3797 1878 3861 ipse
1902 3798 2065 3848 etiam
2103 3800 2305 3848 Seneca
2334 3799 2402 3847 de
2423 3798 2660 3861 Pisone3
2693 3801 2752 3849 et

1656 3880 1718 3920 eo
1771 3888 1926 3923 sensu
1971 3873 2241 3938 perculsus
2287 3875 2476 3924 eodem
2523 3876 2749 3926 crimine

1654 3949 1877 4012 delator,
1899 3965 2088 4015 nempe
2112 3954 2155 4001 si
2176 3954 2376 4003 crimen
2399 3959 2568 4003 esset.

1718 4026 1899 4077 Eodem
1916 4029 2136 4092 crimine,
2169 4029 2308 4095 idem
2334 4039 2442 4090 est,
2467 4046 2531 4080 ac
2557 4031 2750 4082 eadem

1653 4102 1941 4153 calumnia:
1977 4111 2035 4154 at
2067 4113 2211 4155 certe
2238 4107 2517 4156 caiumniae
2536 4107 2748 4171 judicio

1655 4179 1893 4229 subverti
1916 4188 1972 4231 et
1995 4184 2229 4233 damnari
2254 4184 2442 4233 debuit
2461 4185 2748 4234 'Romans-

1653 4254 1725 4304 Et
1779 4256 1903 4320 quia
1970 4264 2081 4307 tum
2134 4259 2263 4308 nibil
2319 4252 2748 4311 convincebatur

1652 4328 1931 4397 utrimque,
1970 4346 2053 4383 res
2086 4336 2339 4399 neglecta
2369 4336 2746 4405 sopitaque'ad
