3063 4952
1213 394 1283 444 G·
1327 392 1698 444 commun
1743 393 2000 443 'nonu

2395 398 2492 465 [Α.
2512 398 2582 451 υ.
2616 402 2736 450 sio.

1524 603 1736 656 No'rAE

521 756 673 811 sultis
694 757 920 810 officium
957 760 1145 812 mentis
1178 767 1337 828 atque
1375 764 1586 815 rationis

524 837 981 901 prevertentibns.
1048 839 1176 888 Mox
1195 847 1372 890 tamen
1401 843 1486 892 ille
1512 858 1587 892 sa-

527 913 678 978 piens
706 914 897 964 ibidem
934 915 1021 965 τὰς
1054 915 1273 966 τοιαύτας
1305 918 1586 982 φαντασία,

526 989 827 1041 ¹risa-istaec
866 992 1020 1042 animi
1062 994 1139 1043 sui
1199 995 1446 1058 terrifica,
1482 1014 1584 1049 non

527 1069 804 1134 approbat.
857 1069 974 1119 Hoc
997 1078 1095 1132 est,
1117 1071 1173 1120 οὔ
1189 1075 1586 1135 συγκατατίθεται

526 1143 635 1194 om
676 1146 1072 1226 προσεπιδοξόζει·
1129 1150 1218 1198 sed
1265 1151 1449 1216 abjicit
1509 1167 1587 1203 re·

526 1224 792 1288 spuitqne,
815 1240 910 1274 nec
934 1228 981 1275 ei
1019 1227 1350 1277 metuendum
1383 1245 1497 1280 esse
1535 1232 1586 1280 in

526 1302 608 1352 his
625 1304 899 1368 quicquam
932 1305 1169 1356 videtur:
1202 1314 1356 1373 atque
1390 1309 1489 1359 hoc
1511 1311 1587 1359 in-

524 1383 758 1446 sipientis
783 1392 838 1432 et
858 1385 1104 1448 sapientis
1127 1381 1350 1435 animum
1371 1387 1585 1440 differre

527 1459 724 1524 dicunt,
749 1462 883 1526 quod
898 1463 1144 1527 iusipiens
1164 1466 1335 1530 qualia
1357 1467 1455 1517 sibi
1473 1484 1586 1518 esse

525 1538 692 1600 primo
716 1541 870 1589 animi
895 1541 970 1589 sui
996 1541 1145 1604 pulsu
1164 1543 1273 1592 visa
1303 1552 1423 1595 sunt
1446 1561 1587 1595 saeva

527 1619 585 1662 et
615 1629 819 1678 aspera,
853 1617 976 1665 talia
1006 1632 1130 1666 vere
1152 1632 1267 1668 esse
1310 1627 1491 1683 putat:
1529 1628 1587 1672 et

524 1689 706 1740 eadem
726 1692 938 1754 incepta
977 1700 1221 1759 tanquam
1255 1695 1298 1745 si
1327 1696 1450 1760 jure
1483 1701 1589 1749 sint

522 1770 821 1832 metuenda,
841 1786 936 1819 sua
959 1786 1161 1836 quoqne
1181 1776 1474 1826 assentione
1496 1793 1585 1841 ap·

525 1843 734 1908 probat,
755 1845 833 1892 καὶ
853 1846 1252 1910 προσπιδοξόζει,
1291 1849 1414 1914 (hoc
1447 1854 1586 1902 enim

525 1919 683 1969 verbo
702 1921 863 1970 Stoici
886 1938 1001 1971 cnm
1041 1940 1198 1988 super
1219 1928 1320 1976 ista
1348 1943 1403 1977 re
1423 1929 1584 1980 disse-

527 2002 666 2060 runt,
696 1998 957 2063 utuntur,)
1001 2002 1205 2065 sapiens
1249 2011 1425 2055 autem
1468 2023 1584 2057 cum

527 2071 759 2124 breviter
771 2082 826 2125 et
840 2078 1059 2127 strictim
1075 2081 1245 2130 colore
1266 2089 1424 2148 atque
1437 2085 1586 2134 vultu

526 2155 698 2201 motus
721 2158 821 2215 est,
855 2153 911 2201 οὔ
928 2155 1340 2218 mmmm-(Ocrea,
1373 2158 1463 2207 sed
1483 2168 1588 2209 sta-

524 2236 634 2279 tum
652 2231 986 2297 vigoremque
1008 2235 1285 2284 sententiae
1318 2250 1426 2285 suae
1460 2237 1585 2286 reti·

524 2303 638 2369 net,
654 2322 814 2372 quarn
843 2307 910 2358 de
928 2308 1284 2373 hujuscemodi
1307 2309 1426 2360 visis
1455 2326 1587 2360 sem-

523 2398 619 2449 per
639 2383 837 2448 habuit,
858 2391 917 2435 ut
947 2386 1014 2435 de
1049 2387 1255 2436 minime
1277 2388 1585 2449 metuendis,

523 2463 619 2515 sed
659 2462 829 2514 fronte
870 2463 1004 2514 falsa
1043 2471 1099 2514 et
1131 2462 1407 2515 formidine
1446 2464 1586 2515 inani

526 2541 904 2593 territuntibus.
971 2542 1101 2591 Haec
1145 2543 1445 2606 Epictetum
1479 2544 1586 2607 phi·

523 2619 792 2683 losophnm
815 2635 879 2669 ex
904 2619 1127 2669 decretis
1157 2621 1445 2670 Stoicorum
1471 2635 1585 2670 sen-

524 2696 653 2746 sisse
677 2704 832 2763 atque
873 2697 1080 2761 dixisse,
1123 2697 1176 2745 in
1212 2712 1296 2758 eo,
1326 2712 1428 2762 quo
1459 2697 1585 2760 dixi,

523 2772 659 2822 libro
691 2774 927 2837 legimus,
961 2772 1354 2838 annotandaque
1376 2788 1484 2822 esse
1506 2773 1585 2823 id-

523 2850 662 2900 circo
684 2850 1104 2913 eitistimavimns,
1124 2857 1182 2899 ut
1205 2849 1356 2900 rebus
1375 2848 1509 2899 forte
1528 2850 1582 2899 id

525 2939 704 2990 genus,
721 2928 905 2991 quibus
926 2927 1053 2988 dixi,
1066 2927 1282 2990 obortis,
1303 2941 1584 2990 pavescere

522 3003 732 3065 sensim,
756 3012 812 3053 et
841 3005 983 3069 quasi
1020 3004 1283 3053 albescere
1328 3019 1430 3053 non
1465 3005 1585 3054 insi-

523 3080 716 3144 pientis
758 3094 873 3129 esse
916 3079 1150 3141 hominis,
1187 3094 1354 3145 neque
1396 3081 1583 3144 ignari,

526 3164 784 3223 putemus.
835 3159 904 3207 Et
925 3156 979 3205 in
1001 3171 1064 3206 eo
1088 3162 1258 3206 tamen
1282 3157 1424 3207 brevi
1441 3165 1584 3207 motu

520 3235 746 3284 naturali
795 3234 957 3297 magis
997 3233 1284 3282 infirmitati
1322 3233 1583 3297 cedamus,

524 3326 674 3376 quam
698 3312 836 3376 quod
862 3325 977 3360 esse
1000 3324 1079 3371 ea,
1101 3310 1274 3374 qualia
1305 3310 1415 3360 visa
1447 3318 1586 3373 sunt,

524 3386 859 3437 censeamus!

587 3462 759 3526 Igitur
784 3463 922 3512 salva
947 3469 1060 3513 tota
1095 3464 1290 3512 virtute
1310 3464 1584 3526 sapientia-

521 3553 642 3603 que,
674 3539 872 3590 Seneca
907 3541 1100 3603 pallere
1136 3547 1193 3587 et
1227 3552 1507 3603 pavescere
1531 3541 1584 3589 in

524 3617 616 3665 tali
636 3632 759 3665 casu
780 3620 950 3681 potuit
971 3635 983 3667 :
1020 3620 1130 3668 sive
1153 3618 1416 3681 scripserit
1436 3618 1583 3667 Taci-

523 3700 607 3741 tns
656 3693 901 3743 adversus
943 3700 1222 3757 proeseneem
1253 3693 1585 3757 formidinem,

519 3781 610 3818 seu
635 3768 915 3829 formidine,
950 3770 1058 3818 sive
1097 3769 1342 3819 adversus
1376 3785 1580 3833 proesen-

516 3850 614 3894 tem
620 3845 975 3905 fortitudinem,
1011 3847 1060 3894 in
1092 3846 1308 3894 eundem
1334 3844 1445 3894 fere
1458 3861 1582 3895 ,sen-

520 3936 630 3970 sum
655 3923 767 3970 haec
794 3931 1080 3971 recurrunt.

577 3999 712 4046 Nam
732 4013 1055 4062 quocumque
1073 4000 1243 4060 modo,
1260 4006 1432 4048 tamen
1455 4002 1582 4051 mol-

519 4074 640 4122 litus
684 4083 764 4124 est
799 4075 1017 4135 Seneca,
1045 4091 1162 4125 cum
1202 4090 1414 4126 uxorem
1462 4079 1580 4127 nlti-

521 4163 605 4196 rno
628 4153 924 4212 complexus
948 4160 1047 4202 est.
1553 4190 1559 4195 -

588 4223 727 4272 Puto
751 4230 921 4275 tamen
962 4228 1133 4288 potins
1177 4228 1463 4292 scripsisse,
1495 4233 1579 4278 ud-

520 4310 680 4345 uersus
691 4301 1345 4367 proesentemsonitudinem3
1365 4305 1462 4355 hoc
1479 4321 1582 4357 ma-

1667 765 1745 829 gis
1784 765 1963 815 decuit
2004 771 2061 814 et
2099 765 2371 826 Senecam,
2405 769 2462 814 et
2493 763 2738 815 Tacitum

1667 844 1852 907 ipsum,
1872 843 1961 908 qui
1982 857 2187 906 semper
2219 858 2396 906 aeqnus
2417 844 2661 905 Senecae,
2681 849 2741 893 et

1667 922 1754 988 qui
1793 921 1919 971 nihil
1957 921 2278 980 proemiserat
2315 920 2383 969 de
2419 920 2538 983 ejus
2561 919 2741 980 sorni-

1664 1000 1787 1050 dine.

1733 1080 1801 1129 Et
1846 1085 1990 1128 certe
2024 1076 2134 1142 quis
2166 1075 2239 1126 sic
2273 1073 2493 1136 scribat,
2526 1072 2740 1123 mollitus

1667 1159 1889 1207 adversus
1897 1150 2243 1217 formidinem?
2263 1168 2381 1202 nam
2403 1152 2441 1199 si
2468 1148 2740 1213 formidat,

1659 1234 1770 1299 jam
1816 1234 2024 1283 mollitus
2064 1239 2162 1282 est.
2243 1230 2439 1280 Potius
2500 1227 2741 1290 dixisset,

1664 1312 1890 1374 munti
1899 1309 2161 1370 formidine
2176 1307 2404 1357 nouitas.

1734 1389 1803 1436 Et
1839 1387 2040 1437 meliori
2084 1400 2236 1435 sensu
2272 1381 2485 1446 scripsit
2518 1379 2741 1430 Tacitus

1655 1465 2028 1526 fortitudinem.-
2084 1477 2271 1526 nempe
2311 1474 2564 1509 summam
2616 1471 2739 1507 eon·

1667 1543 1911 1591 stantiam
1948 1549 2003 1590 et
2039 1539 2195 1589 animi
2230 1536 2607 1586 firmitudinem
2655 1535 2743 1582 Se-

1668 1636 1799 1672 neca
1814 1618 2107 1681 exhibebat,
2144 1631 2261 1666 cum
2292 1614 2530 1663 nuntium
2553 1609 2741 1661 mortis

1668 1699 1880 1762 accipit,
1917 1703 1974 1746 et
2015 1711 2132 1745 cum
2193 1692 2473 1756 alloquitur
2528 1687 2751 1750 amicos,

1669 1774 1868 1839 pridem
1896 1774 2139 1824 adversus
2179 1770 2304 1820 talia
2328 1766 2612 1829 sapientiae
2636 1774 2741 1814 stu·

1666 1853 1753 1902 dio
1773 1852 2034 1913 firmatns3
2066 1859 2123 1899 at
2147 1865 2265 1899 cum
2287 1847 2352 1896 ad
2374 1858 2597 1894 uxorem
2621 1857 2744 1892 con-

1665 1931 1905 1993 vertitur,
1927 1929 2134 1992 paulum
2157 1925 2383 1985 mollitus,
2405 1929 2464 1971 nt
2506 1936 2605 1984 par
2642 1925 2744 1981 est,

1665 2009 1889 2057 adversus
1927 2008 2067 2056 illam
2088 2003 2452 2065 fortitudinem,
2498 2013 2661 2065 quam
2690 1997 2744 2046 in

1667 2084 1918 2149 presenti
1956 2097 2082 2132 casu
2119 2078 2421 2139 exhibebat,
2465 2083 2525 2126 et
2560 2075 2746 2125 hacte-

1664 2175 1767 2211 nus
1785 2161 2110 2211 exhibuerat.

1733 2241 1804 2288 Et
1825 2239 1869 2288 si
1892 2237 2043 2301 legis,
2074 2238 2299 2286 adverm
2323 2236 2616 2298 presentent
2636 2230 2744 2291 for-

1665 2316 1889 2364 insidiam
1908 2315 2046 2364 idern
2068 2313 2183 2363 fere
2207 2326 2385 2362 sensus
2406 2311 2531 2373 erit,
2554 2308 2613 2359 id
2644 2314 2741 2370 est,

1668 2392 1914 2441 adversus
1936 2393 2217 2441 instantem
2236 2388 2627 2449 necessitatem,
2647 2399 2741 2434 sen

1667 2474 1980 2533 presentem
2009 2473 2229 2518 mortem
2263 2472 2587 2530 metumque,
2617 2475 2740 2526 pan·

1665 2548 1770 2596 lum
1805 2547 2029 2596 mollitus
2059 2552 2157 2605 est,
2190 2546 2241 2595 id
2276 2544 2556 2607 indulgens
2601 2541 2739 2591 Pan·

1665 2624 1786 2674 lina»,
1808 2640 1933 2687 suae,
1952 2640 2105 2690 quarn
2138 2624 2317 2673 ultimo
2349 2616 2743 2682 complecteba-

1666 2706 1770 2761 tur,
1790 2707 1846 2750 et
1865 2702 1951 2751 cui
1971 2716 2270 2764 supremum
2293 2699 2409 2749 vale
2432 2695 2668 2746 dicebat.

1727 2778 1830 2828 Sed
1867 2784 2084 2842 proestat
2125 2776 2355 2826 retinere
2374 2779 2615 2823 veterem
2638 2772 2741 2821 lec-

1666 2854 1861 2903 tionem
1906 2855 2009 2903 Ms.
2036 2854 2175 2903 Flor.
2219 2850 2535 2902 auctoritate
2568 2845 2744 2896 firma·

1668 2937 1791 2992 tam,
1817 2930 1927 2978 scil.
1947 2930 2197 2994 paululum
2206 2929 2440 2977 ‘adversas
2457 2928 2746 2989 presentem

1652 3004 1997 3065 sor-titudinem
2013 3004 2235 3053 mollitus.
2301 3000 2409 3052 Ubi
2425 3008 2554 3051 nota
2571 3000 2746 3063 paralu-

1662 3082 1781 3144 lum,
1806 3081 1945 3145 quod
1969 3080 2096 3130 nihil
2130 3086 2222 3130 aut
2257 3085 2406 3128 certe
2441 3091 2630 3140 parum
2652 3076 2748 3124 im·

1665 3160 1850 3209 minuit
1888 3157 2078 3208 famam
2105 3155 2557 3218 constantiamque
2580 3153 2746 3202 Sene-

1665 3251 1761 3285 cae.
1797 3235 1952 3288 Quod
1975 3235 2197 3283 Dionem
2218 3239 2275 3283 et
2305 3231 2500 3281 similes
2534 3231 2747 3280 obtrec-

1664 3319 1878 3376 tatores,
1899 3311 1985 3376 qui
2010 3310 2138 3359 nihil
2160 3310 2259 3359 nisi
2282 3308 2421 3373 quod
2446 3321 2545 3371 par
2569 3306 2745 3355 auimo

1662 3403 1755 3440 suo
1774 3391 1840 3439 sit
1859 3388 2151 3453 approbare
2175 3391 2417 3450 possunt,
2458 3383 2638 3447 rejicit
2663 3375 2743 3431 re·

1663 3467 1952 3530 vincitque,
1975 3472 2030 3513 ut
2053 3463 2188 3513 male
2224 3468 2279 3511 et
2300 3461 2494 3510 insulse
2517 3459 2585 3508 de
2608 3457 2745 3522 sapi·

1664 3541 1808 3590 entia
1823 3541 2111 3602 opinantes.

1730 3619 1973 3666 Adversas
2034 3618 2315 3678 presentem
2368 3608 2746 3674 sor-titudinem]

1662 3695 1809 3743 Bene
1831 3697 2057 3743 adversus
2084 3696 2366 3757 praesentem
2379 3689 2746 3751 fortitudinem,

1663 3787 1766 3835 qua
1788 3786 1977 3835 nempe
2002 3779 2111 3820 tum
2135 3771 2374 3833 lua-ymas
2397 3782 2583 3828 emm,
2605 3767 2744 3816 modo

1659 3861 1886 3906 sermone,
1910 3849 2044 3895 modo
2063 3845 2297 3894 intentior
2317 3844 2369 3891 in
2402 3845 2595 3892 modum
2614 3842 2745 3891 coiit·-

1660 3928 1812 3973 centis
1833 3918 2260 3990 adfirmitudinem
2277 3927 2486 3985 revocat,
2499 3923 2742 3985 rogitans:

1660 4000 1740 4048 aba·
1753 4006 1990 4064 proecepta
2006 4001 2255 4063 sapientia·
2268 3996 2294 4049 ?
2326 4003 2408 4063 ὅτ.

1728 4078 1863 4125 Haec
1874 4076 2123 4137 fortitudo
2144 4090 2394 4139 praesens,
2413 4076 2637 4138 intenta,
2657 4089 2741 4124 nr·

1662 4170 1789 4218 gens
1830 4156 2112 4215 hactenus3
2171 4154 2268 4204 sed
2323 4161 2499 4203 tamen
2556 4153 2740 4202 ultimo

1663 4232 1942 4295 complexu
1989 4230 2241 4280 emollita.
2310 4232 2470 4280 Certe
2506 4234 2737 4279 atrocem

1662 4307 1907 4373 injuriam
1931 4306 2093 4359 infert
2113 4307 2329 4372 Lipsius
2350 4308 2590 4373 Senecoe,
2622 4319 2738 4358 cnm
