3063 4952
393 419 454 473 s.
477 412 668 481 σοι]
690 411 707 427 ’
2430 358 2609 454 1⁷85

392 556 970 645 impedientibu‘S,⁹
1020 549 1135 638 qui
1194 550 1510 617 occulte·
1559 547 1943 614 rebellionis
1995 547 2268 625 conscii,
2327 545 2610 613 utinsilia

1085 404 1497 457 umanum
1548 404 1697 453 [AB.
1720 405 1907 455 luc.

390 711 626 789 'religione
670 741 725 774 ac
766 724 1021 773 sanctitate
1053 721 1234 772 delubri
1267 736 1316 770 se
1355 719 1632 770 tutabantur
1642 734 1659 775 ,⁰
1711 722 1757 766 et
1791 715 2112 766 resistentibus
2133 715 2214 773 iis,
2252 715 2331 778 qni
2345 713 2612 779 participes

392 797 592 841 “secretos
613 790 889 851 desectionis
909 787 1100 838 consilia
1120 785 1494 850 corrumpebant,
1515 799 1660 848 neque
1676 786 1827 832 locum
1856 783 1976 831 vallo
1993 786 2078 830 aut
2096 795 2274 842 aggere
2291 780 2609 844 tinniverunt,

1327 933 1445 953 ‘m
1449 932 1685 953 000000

398 1020 595 1073 nuutur
618 1013 951 1078 negligentiae
975 1018 1030 1061 et
1053 1012 1267 1062 iucuriae
1291 1013 1506 1061 istorum
1538 1008 1787 1068 militum
1823 1006 1958 1071 quod
1983 1019 2153 1070 neque
2188 1003 2374 1053 fossam
2400 1006 2491 1051 aut
2510 1001 2616 1051 val-

392 1073 505 1129 lum
522 1081 910 1143 praeduxerant,
925 1079 1090 1128 tutela
1115 1078 1295 1141 templi
1319 1076 1463 1137 freti,
1483 1090 1582 1125 nec
1602 1088 1754 1124 senes
1777 1080 1831 1122 et
1848 1071 2083 1121 foeminas
2108 1075 2427 1126 amoverant,
2451 1068 2613 1145 impe».

400 1144 662 1195 dientibus
677 1145 763 1209 qui
789 1145 980 1193 occulti
1002 1144 1298 1192 rebellionis
1318 1142 1510 1192 conscii
1534 1140 1747 1190 consilia
1769 1136 2072 1213 turbabant:
2103 1136 2208 1185 Per
2229 1133 2612 1210 tutelensem-12

398 1209 642 1272 intelligo
664 1211 1000 1270 munimenta,
1031 1216 1153 1258 ante
1193 1209 1329 1257 enim
1368 1222 1522 1256 arcem
1552 1211 1742 1254 ‹eternoe
1762 1203 2097 1252 dominationis
2129 1209 2300 1257 vocat,
2339 1214 2438 1276 nisi
2463 1199 2612 1269 malis

396 1289 518 1324 cum
543 1275 656 1324 viro
685 1275 840 1324 docto
864 1273 1156 1337 intelligere
1180 1282 1382 1338 septum
1409 1279 1464 1322 et
1486 1271 1706 1335 aliquam
1728 1283 1829 1317 non
1855 1266 2025 1329 magni
2060 1266 2231 1331 operis
2255 1273 2614 1342 munitionem,

397 1354 469 1388 ex
491 1342 729 1389 Varrone
751 1341 788 1390 l.
811 1355 850 1388 ι.
884 1345 964 1388 14.
987 1339 1053 1389 de
1073 1341 1136 1389 R.
1174 1340 1236 1388 R.
1318 1339 1366 1387 R
1398 1338 1649 1386 ekina—9
1674 1335 1736 1383 ln
1776 1335 1907 1382 Mss.
1951 1333 2082 1394 Reg.
2119 1330 2277 1380 Corb.
2303 1336 2358 1380 et
2381 1329 2614 1378 editione

393 1405 663 1472 principe,
675 1405 1189 1455 inobedientibus.—10
1212 1403 1340 1453 Mss.
1410 1418 1490 1468 eg.
1512 1401 1662 1450 Harl.
1677 1398 1832 1449 Bodl.
1848 1399 1880 1450 J
1889 1412 1960 1447 es.
1983 1404 2037 1447 et
2055 1396 2615 1459 Puteolanus,occnltoe.

1400 1545 1612 1598 NOTAE

1547 1659 1882 1724 negligentiae
1922 1664 1978 1708 et
2014 1657 2228 1707 incuriae
2252 1663 2616 1707 veteranorum

1548 1740 1784 1800 istorum,
1838 1746 2056 1805 quarum
2125 1737 2340 1801 singulm
2405 1736 2618 1801 singulis

463 1664 601 1713 Nam
626 1665 864 1714 vexillarii
885 1669 1038 1714 erant
1069 1664 1288 1728 alicujus
1310 1661 1468 1726 legio-

398 1740 479 1790 nis
500 1738 758 1804 vexatas-fi,
780 1748 835 1792 at
855 1742 1066 1791 veterani
1100 1741 1288 1791 nullius
1311 1740 1468 1803 legio-

399 1817 481 1867 nis
506 1824 687 1879 erant3
722 1818 813 1868 sed
836 1835 867 1868 a
886 1818 1177 1882 legionibus
1212 1824 1268 1868 et
1290 1817 1470 1881 aquilis

398 1892 645 1944 discreti:
705 1902 759 1945 et
802 1895 890 1944 isti
941 1894 1213 1944 merebant
1263 1894 1468 1943 omnium

400 1984 673 2020 munerum
715 1971 842 2021 belli
880 1972 1123 2034 immunes,
1155 1975 1469 2034 praeterquam

397 2048 702 2110 propulsandi
722 2049 871 2097 hostis
892 2063 922 2097 a
942 2048 1044 2097 suis
1069 2047 1338 2113 praesidiis.

465 2121 543 2172 At
563 2125 828 2186 vexillarii,
863 2139 1028 2189 neque
1050 2124 1271 2188 emeriti,
1300 2140 1468 2191 neque

398 2200 653 2250 immunes
677 2216 889 2251 onerum
928 2201 1071 2264 belli,
1107 2202 1261 2251 immo
1286 2203 1471 2252 selecti

399 2284 458 2323 et
481 2276 736 2339 expediti,
771 2277 838 2326 ad
876 2278 1051 2327 munia
1074 2276 1389 2340 difficiliora,
1413 2284 1470 2328 et

399 2351 454 2399 in
497 2359 670 2401 amota
707 2354 822 2402 loca
865 2359 1018 2418 atque
1054 2353 1120 2403 ad
1157 2354 1469 2419 longinquas

401 2431 762 2495 expeditiones
781 2432 1141 2483 mittebantur.

467 2510 663 2562 Modica
699 2510 931 2574 militum]
985 2512 1242 2562 Veterum
1279 2510 1472 2569 intelli·

402 2589 500 2652 git,
521 2589 609 2654 qui
632 2605 694 2639 eo
719 2589 931 2639 deducti
964 2596 1115 2640 erant
1139 2591 1235 2640 sub
1261 2591 1472 2653 vexillo,

402 2666 485 2716 vel
512 2664 746 2729 pluribus
770 2666 993 2728 vexillis,
1032 2681 1124 2729 pro
1159 2681 1302 2716 more
1338 2666 1468 2715 mili·

400 2741 492 2810 tiae
523 2742 672 2806 hujus
708 2741 827 2805 aevi,
863 2757 1069 2807 nempe,
1107 2750 1168 2793 ut
1199 2745 1214 2772 ‘
1242 2744 1467 2796 omnium

400 2818 652 2868 immunes
698 2825 932 2883 agerent,
989 2819 1085 2868 uisi
1135 2821 1469 2886 propulsandi

398 2895 594 2948 hostis!

465 2973 661 3024 Modica
680 2973 911 3036 militum]
947 2973 1189 3038 Vei-tunt,
1211 2975 1356 3040 quasi
1382 2974 1468 3027 alii

352 3051 357 3052 ⁷
399 3048 594 3102 milites
623 3056 806 3100 essent
843 3065 874 3100 a
909 3051 1188 3115 veteranis,
1210 3052 1349 3116 quod
1379 3051 1471 3102 fal-

398 3140 511 3196 sum
528 3143 543 3187 3
562 3126 676 3175 buc
699 3127 837 3177 enim
861 3127 1095 3190 deducti,
1120 3133 1176 3178 et
1200 3129 1271 3178 ibi
1296 3144 1471 3181 mane·

397 3200 530 3252 bant
549 3203 777 3264 veterani,
798 3201 911 3253 fere
935 3204 1045 3253 sola
1068 3204 1317 3267 religione
1340 3212 1468 3255 tem-

398 3277 475 3344 pli
521 3277 791 3329 Claudiani
825 3278 973 3341 freti,
1014 3279 1133 3344 quia
1170 3280 1464 3331 muniendae

397 3354 616 3404 coloniae
637 3370 738 3404 non
761 3358 887 3404 satis
907 3356 1290 3408 consuluerant.

465 3430 614 3484 Dicit
633 3432 832 3497 modica,
856 3432 976 3498 quia
1011 3431 1148 3483 forte
1180 3448 1284 3483 non
1321 3440 1470 3484 eraut

399 3509 623 3573 amplius
668 3526 820 3575 quam
875 3511 1145 3577 quingenti
1217 3511 1313 3564 sub
1370 3526 1471 3561 uno

399 3600 590 3651 nempe
614 3588 825 3652 vexillo,
849 3596 907 3639 ut
944 3589 1070 3642 alibi
1101 3588 1345 3650 Tacitus3
1379 3596 1471 3640 aut

400 3668 548 3724 certe
572 3678 673 3713 nou
706 3679 775 3714 eo
812 3679 1053 3727 numero,
1084 3665 1170 3731 qui
1207 3664 1471 3716 sufficeret

397 3741 616 3792 colonioe
638 3741 844 3793 tuendae
863 3743 1109 3794 adversus
1135 3750 1214 3793 tot
1231 3743 1468 3793 rebelles.

467 3824 491 3849 '¹
547 3819 744 3881 Manus,
787 3821 938 3870 tutela
974 3820 1138 3884 templi
1169 3819 1315 3880 freti.
1402 3820 1473 3869 Et

399 3892 787 3960 impedientibus]
842 3895 1081 3960 Apparet
1120 3911 1187 3945 ex
1230 3896 1327 3946 hac
1372 3895 1474 3945 dis-

402 3968 675 4034 tinctione,
714 3986 917 4021 sensum
958 3972 1185 4022 auctoris
1223 3972 1475 4023 hactenus

402 4053 671 4100 assecutos
692 4061 795 4098 non
815 4061 925 4096 esse
942 4047 1189 4112 editores,
1201 4048 1322 4097 alias
1340 4048 1478 4098 enim

405 4121 481 4171 sic
524 4123 994 4187 interpunxissent:
1047 4140 1227 4175 manus.
1311 4125 1481 4177 Tutela

405 4200 573 4263 templi
589 4199 740 4264 freti,
753 4206 800 4251 et
826 4201 1209 4266 impedientibus,
1231 4205 1314 4267 ξσ.

469 4275 731 4328 Nimirum
756 4277 876 4329 duae
916 4293 1085 4330 causae
1120 4284 1481 4345 proponuntur

1548 1814 1824 1865 effectibus
1848 1814 2183 1878 respondent.

1615 1894 1631 1923 ‘
1657 1893 1846 1958 Neque
1884 1891 2078 1942 fossam
2119 1898 2210 1941 aut
2251 1892 2444 1943 vallum
2484 1906 2620 1955 prae·

1549 1970 1861 2032 duxerunt3'
1915 1985 2123 2035 nempe,
2179 1975 2193 1999 ‘
2234 1970 2401 2020 tutela
2436 1970 2620 2034 templi

1547 2046 1692 2112 freti,
1714 2063 1885 2113 neque
1908 2048 2060 2097 motis
2084 2048 2327 2109 senibus‚'
2357 2052 2453 2099 ὅτε.
2479 2063 2619 2112 netu·

1549 2142 1633 2192 pe,
1684 2126 2126 2190 ‘impedientibus
2163 2126 2251 2191 qui
2284 2126 2503 2176 occulte
2541 2139 2619 2175 re·

1548 2204 1789 2255 bellionis
1827 2204 2019 2253 conscii
2043 2204 2263 2253 consilia
2301 2201 2618 2253 turbabant.’

1549 2280 1925 2329 Freinshemius.

1621 2355 1812 2417 Tutela]
1846 2354 2018 2404 Video
2052 2369 2156 2404 non
2191 2369 2368 2405 onmes
2409 2370 2620 2420 capere,

1550 2439 1607 2483 ut
1630 2432 1941 2497 oportebat:
1977 2431 2060 2482 bic
2092 2438 2298 2496 septum
2327 2438 2429 2495 est,
2452 2438 2508 2482 et
2530 2425 2623 2483 aliss·

1551 2524 1651 2574 qua
1687 2524 1787 2560 non
1826 2509 1999 2572 magni
2022 2510 2193 2573 operis
2231 2510 2467 2568 munitio.
2533 2511 2620 2562 Sic

1551 2587 1718 2636 Varro
1745 2587 1781 2635 1.
1816 2600 1855 2635 1.
1882 2586 1947 2635 de
1974 2602 2030 2636 re
2056 2593 2184 2636 rust.
2208 2591 2288 2637 14.
2321 2588 2336 2613 ⁴
2366 2588 2521 2637 Nunc
2551 2587 2619 2638 de

1550 2663 1732 2727 septis,
1764 2678 1879 2728 quae
1918 2664 2124 2713 tutandi
2163 2678 2318 2713 causa
2339 2661 2490 2712 fundi
2526 2671 2618 2715 aut

1551 2741 1714 2807 partis
1730 2740 1878 2804 fiant,
1901 2741 2087 2798 dicam.
2122 2742 2315 2791 Earum
2338 2740 2619 2796 tutelarum

1551 2833 1746 2883 genera
1768 2817 2031 2883 quatuor.’
2102 2817 2384 2867 Gronovius.

1622 2897 1791 2948 'naula
1812 2895 1998 2961 templi]
2031 2896 2209 2945 Possit
2232 2894 2369 2945 forte
2394 2893 2617 2961 intelligi

1549 2975 1618 3028 de
1695 2975 2085 3040 propugnaculo
2139 2988 2228 3023 seu
2283 2972 2616 3026 munimentis

1549 3054 1772 3118 templi;
1811 3053 1903 3103 sed
1946 3052 2067 3117 qnia
2107 3051 2249 3100 nullo
2290 3064 2481 3116 aggere
2527 3055 2620 3110 aut

1548 3130 1686 3182 fossa
1705 3131 1955 3181 vallatum
1976 3128 2224 3193 templum
2248 3125 2408 3176 fuisse
2431 3125 2620 3178 scribit

1548 3211 1778 3272 Tacitus,
1799 3208 1973 3272 potius
1997 3213 2097 3267 est,
2120 3212 2180 3255 ut
2197 3203 2309 3254 fere
2325 3210 2527 3254 tantum
2550 3203 2620 3253 de

1554 3286 1836 3336 sanctitate
1859 3287 1916 3334 e't
1938 3282 2186 3347 religione
2225 3280 2328 3331 loci
2367 3278 2620 3344 intelliga-

1556 3369 1657 3413 tur.

1620 3440 1692 3492 Et
1713 3436 1943 3502 quamvis
1965 3451 2059 3484 arx
2079 3440 2271 3484 aetemoe
2289 3429 2624 3490 dominationis

1556 3516 1869 3582 appelletur,
1901 3513 1955 3563 id
1992 3512 2162 3577 potius
2187 3510 2254 3560 ob
2290 3509 2621 3564 altitudinem

1556 3590 1784 3653 aedificii,
1817 3590 1901 3642 vel
1935 3593 2151 3654 propter
2188 3587 2490 3650 religionem
2534 3599 2624 3637 noo

1551 3684 1668 3719 vam
1707 3674 1763 3717 et
1794 3657 2055 3717 insolitam
2088 3670 2283 3728 augent
2317 3663 2490 3713 verbis
2511 3659 2627 3712 Bri·

1556 3744 1700 3796 tanni
1722 3761 1737 3804 ;
1768 3744 1851 3794 vel
1876 3756 1971 3804 per
1994 3740 2262 3802 invidiam,
2279 3754 2430 3803 quam
2470 3752 2625 3802 prop-

1556 3827 1639 3872 ter
1678 3820 1780 3870 vim
1821 3819 1943 3881 loci,
1986 3818 2107 3884 quia
2143 3817 2231 3865 ubi
2269 3816 2450 3879 religio
2475 3816 2622 3866 Rom.

1555 3897 1771 3947 fundata
1796 3895 2024 3959 templiS,
2046 3901 2102 3944 et
2132 3892 2422 3957 praesertim
2448 3891 2624 3956 Caesaf-

1556 3974 1646 4035 ris,
1680 3972 1752 4023 ibi
1786 3972 1942 4022 etiam
1965 3972 2014 4019 in
2060 3975 2368 4034 perpetuum
2408 3964 2626 4018 fundata

1559 4050 1900 4114 stabilitaque
1923 4045 2203 4096 dominatio
2229 4048 2284 4093 et
2304 4057 2397 4091 arx
2416 4040 2626 4092 dominu·

1560 4127 1707 4178 tionis
1729 4125 1971 4191 imposita
1988 4120 2311 4173 censebatur.

1626 4206 1746 4257 Non
1794 4215 2027 4268 repugno
2073 4204 2245 4248 tamen
2283 4193 2412 4261 quin
2452 4191 2625 4257 aliqua

1560 4285 1709 4336 tutele
1754 4286 2034 4346 utcumque
2080 4274 2267 4342 templi
2312 4271 2490 4338 fuerit,
2531 4269 2624 4324 sed
