3063 4952
525 410 700 482 1604

1241 422 1308 471 C.
1356 418 1552 469 coRN
1564 414 1719 465 131211
1762 411 2021 463 TA01T1

2426 412 2522 479 [ᾼ.
2543 413 2614 464 υ.
2635 415 2756 464 812.

1511 620 1749 678 'No’rAE

518 771 619 839 phi
664 767 846 834 adepti
884 767 1095 824 essent3
1145 762 1323 830 sicque
1362 758 1594 825 neglige·

528 847 663 899 bant
681 843 902 909 insignia
929 838 1176 904 triumphi
1198 851 1310 904 prae
1330 836 1475 903 pacis
1510 834 1598 884 de-

534 937 678 975 core.

512 1030 523 1043 ·
594 1000 671 1051 At
692 998 769 1049 sic
792 992 1159 1061 intelligendus
1176 990 1412 1041 Tacitus.
1469 986 1600 1040 Qui.

529 1082 632 1129 etae
669 1073 739 1125 ad
773 1073 827 1123 id
868 1080 1072 1136 tempus
1108 1083 1194 1119 res
1223 1068 1277 1118 in
1300 1065 1600 1127 Germania,

533 1150 811 1220 prudentia
846 1149 1055 1207 ducum,
1093 1146 1181 1212 qui
1219 1144 1383 1208 majus
1436 1142 1599 1193 decus

516 1228 817 1296 ‘sperabant
854 1240 921 1277 ex
944 1224 1251 1275 continuata
1272 1234 1423 1286 pace,
1446 1230 1600 1284 quam

530 1324 599 1359 ex
620 1306 776 1367 bello,
807 1303 928 1369 quia
951 1308 1061 1351 tum
1085 1298 1395 1365 pervulgata
1416 1294 1601 1345 trium-

529 1380 620 1450 pbi
641 1381 880 1446 insignia,
899 1384 955 1429 et
992 1385 1103 1428 tum
1125 1376 1393 1441 praecipue
1412 1384 1599 1422 conce·

531 1461 793 1512 debentur
835 1472 1017 1524 pacem
1059 1453 1423 1506 retinentibus.
1488 1449 1601 1500 Sic·

531 1554 633 1606 que
654 1537 822 1602 majus
846 1535 1006 1585 decus
1025 1532 1327 1597 *sperabant
1357 1544 1424 1578 ex
1452 1541 1601 1592 pace,

534 1631 690 1685 quam
711 1631 776 1666 ex
799 1614 972 1675 bello;
996 1626 1190 1675 anceps
1213 1608 1350 1660 enim
1369 1605 1493 1657 belli
1512 1618 1600 1653 ex-

536 1695 662 1756 itus,
687 1699 741 1743 at
765 1692 910 1756 pacis
932 1695 1132 1739 certum
1172 1692 1230 1736 et
1249 1690 1490 1750 paratum
1514 1680 1602 1729 de-

536 1785 643 1833 cus,
668 1767 955 1831 triumphus
975 1777 1179 1828 nempe.

601 1849 672 1898 Et
695 1847 747 1895 in
769 1844 989 1893 aliorum
1028 1853 1199 1902 sensu,
1222 1835 1479 1903 quodnam
1513 1832 1602 1882 de-

537 1916 866 1987 cus'sperare
888 1925 1262 1984 potuerunt‘ex
1287 1930 1415 1981 pace
1438 1913 1604 1964 conti-

535 2000 727 2052 nuata?
764 1996 1021 2062 quodnam
1045 1996 1207 2046 decus
1230 2009 1296 2044 ex
1320 1990 1604 2056 otio‚>quod

537 2078 606 2127 sit
659 2075 829 2140 majus
880 2087 1035 2139 quam
1079 2072 1325 2136 triumphi
1366 2069 1603 2132 insignia,

539 2149 869 2219 quantumvis
914 2148 1259 2212 pervulgata?
1326 2145 1605 2197 Consilium

539 2229 643 2280 fuit
664 2226 906 2290 Augusti,
947 2239 1046 2273 non
1085 2237 1277 2288 augere
1314 2221 1605 2286 imperium,

542 2304 636 2356 sed
653 2304 792 2354 intra
813 2301 1022 2364 limites,
1039 2315 1165 2364 quos
1182 2300 1295 2363 ipse
1312 2297 1606 2360 definierat,

522 2387 731 2432 ’sartam
755 2384 1048 2442 tectamque
1074 2376 1328 2440 Rempub.
1353 2373 1507 2424 tueri.

520 2470 532 2482 ‘
606 2460 773 2525 quue
796 2456 909 2507 viee
941 2454 1196 2522 praecepti
1222 2452 1468 2518 ,legisque
1503 2448 1608 2499 fuit

540 2536 878 2603 sequentibus
912 2532 1253 2598 principibus,
1289 2532 1343 2579 in
1377 2529 1608 2593 speciem

520 2619 742 2669 ‘saltem
809 2613 951 2663 Hinc
973 2609 1256 2660 retrahitur
1274 2605 1500 2657 Corbulo
1518 2618 1607 2653 ex-

540 2702 622 2747 tra
642 2694 894 2743 Rhenum.

608 2771 664 2820 Is
701 2771 1020 2832 praetextum
1053 2769 1110 2814 at
1130 2776 1258 2813 vera
1294 2750 1467 2812 causa*
1492 2757 1609 2822 fuit,

545 2847 667 2913 quia
686 2843 991 2893 invidebant
1013 2840 1191 2904 ignavi
1226 2839 1301 2888 illi
1343 2836 1607 2902 principes

528 2922 732 2973 *virtuti
755 2920 961 2983 ducum,
982 2918 1387 2980 metuebantque
1407 2915 1498 2980 qui
1519 2928 1609 2963 no-

530 3013 635 3049 *vas
658 2995 954 3061 provincias
980 2994 1116 3043 bello
1135 2991 1482 3057 paravissent3
1515 2990 1611 3038 sic·

545 3089 647 3141 que
685 3074 762 3122 bis
807 3071 931 3120 data
965 3070 1212 3134 triumphi
1258 3067 1496 3131 insignia,
1542 3080 1609 3115 ne

547 3152 738 3204 bellum
761 3148 1026 3209 facerent3
1058 3147 1234 3212 sicque
1256 3146 1424 3211 majus
1448 3143 1610 3193 decus

546 3228 828 3293 sperabant
851 3225 1028 3287 duces,
1062 3225 1107 3275 si
1141 3239 1322 3290 pacem
1344 3222 1610 3273 continua-

545 3306 760 3358 vissent.

520 3397 536 3410 ⁸*
612 3384 730 3434 Nec
754 3387 926 3446 potest
939 3380 1062 3444 dici,
1083 3378 1336 3444 sprevisse
1358 3376 1500 3441 ipsos
1524 3372 1613 3423 tri-

526 3460 789 3523 ·umphurn
797 3493 811 3520 ,
822 3457 940 3522 quia
954 3457 1305 3519 pervulgatus,
1317 3452 1438 3518 quia
1447 3449 1612 3501 veluti

534 3537 796 3602 pollutus,
817 3540 873 3583 et
904 3535 1025 3598 quia
1060 3532 1286 3597 indignis
1321 3542 1612 3580 concessus.

526 3611 689 3664 <Quia
701 3617 846 3659 certe
863 3610 1020 3659 electi
1037 3615 1146 3659 tum
1165 3608 1344 3670 duces,
1354 3620 1455 3655 non
1472 3618 1612 3668 mag·

534 3700 632 3741 ‘nae
657 3686 957 3743 nobilitatis,
979 3694 1069 3736 aut
1093 3685 1300 3735 virtutis
1324 3684 1408 3734 vel
1440 3680 1613 3743 famae,

534 3762 644 3814 sed
662 3764 747 3826 qui
769 3764 935 3826 potius
968 3762 1099 3811 infra
1115 3777 1267 3828 quam
1284 3774 1439 3825 supra
1460 3773 1615 3822 nego-

548 3838 629 3890 tia
666 3845 873 3899 essent;
943 3840 1120 3905 sicque
1158 3836 1272 3887 fere
1326 3835 1425 3900 ipsi
1478 3834 1615 3884 infra

548 3914 884 3977 triumphum,
910 3914 1143 3978 quamvis
1169 3909 1594 3975 vulgatissimum.

536 4008 547 4014 ⁶
615 3990 782 4054 Supra
806 3992 840 4038 1.
869 4003 944 4040 xi.
967 4006 1014 4041 c.
1040 3994 1115 4039 19.
1140 3996 1196 4037 et
1227 3992 1309 4037 20.
1334 3987 1398 4035 de
1421 3986 1616 4037 Corbu·

547 4066 702 4119 lone:
736 4073 751 4096 ⁸
782 4065 1027 4117 Claudius
1050 4066 1178 4115 adeo
1202 4077 1384 4114 novam
1413 4063 1465 4113 in
1483 4063 1616 4113 Ger-

548 4145 751 4193 manias
773 4146 874 4195 vim
895 4142 1174 4208 probibuit,
1192 4146 1255 4191 nt
1278 4139 1466 4190 referri
1489 4154 1618 4204 proe-

551 4217 686 4269 sidia
705 4219 779 4270 cis
799 4220 1032 4270 Rhenum
1044 4218 1277 4282 juberet,
1288 4220 1388 4270 διο.
1437 4217 1540 4266 Ille
1558 4230 1616 4266 re

551 4293 743 4361 subita,
778 4298 882 4347 dec.
925 4296 1125 4361 signum
1160 4294 1402 4359 receptui
1439 4293 1615 4346 dedit:

1674 769 1741 806 ne
1765 759 1937 805 tamen
1954 751 2100 803 miles
2122 747 2303 812 otium,
2321 746 2411 810 (id
2429 748 2521 807 est,
2534 743 2780 809 perenn)

1674 835 1911 894 exueret,
1971 828 2113 878 inter
2156 827 2363 877 Mosam
2403 821 2753 886 Rhenumque

1673 908 1831 961 trium
1866 913 1924 957 et
1946 904 2131 972 viginti
2170 900 2389 952 millium
2428 898 2605 964 spatio
2647 896 2756 948 fos-

1671 1000 1778 1036 sam
1799 983 2068 1050 produxit,
2085 995 2186 1046 qua
2203 980 2411 1031 incerta
2428 974 2642 1028 Oceani
2662 988 2753 1026 ve·

1673 1070 1941 1116 tarentur:
1965 1059 2188 1122 insignia
2204 1063 2381 1107 tamen
2400 1052 2652 1119 triumphi
2673 1052 2753 1102 in·

1674 1139 1835 1190 dulsit
1857 1139 2052 1199 Caesar,
2092 1133 2323 1201 quamvis
2358 1123 2551 1182 bellum
2591 1142 2755 1192 nega-

1671 1215 1850 1266 visset.
1918 1214 2034 1264 Nec
2062 1210 2226 1260 multo
2250 1214 2369 1272 post
2391 1205 2608 1257 Curtius
2641 1205 2756 1254 Ru·
2796 1216 2814 1230 *

1673 1291 1758 1342 fus
1781 1289 2002 1341 eundem
2024 1288 2274 1338 honorem
2297 1282 2628 1348 adipiscitur,
2660 1280 2756 1346 qui

1674 1371 1728 1420 in
1769 1383 1895 1430 agro
1930 1365 2191 1416 Mattiaco
2222 1361 2515 1421 ‚recluserat
2555 1371 2754 1422 specus

1674 1445 1969 1512 quaerendis
1999 1442 2144 1493 venis
2164 1437 2404 1503 argenti?
2468 1435 2527 1487 Si
2549 1434 2607 1484 id
2626 1434 2761 1485 Cor-

1675 1522 1855 1574 buloni
1877 1520 2132 1584 cupitum,
2156 1515 2280 1582 quid
2307 1513 2453 1562 aliis?

1739 1596 1912 1664 Igitur
1926 1596 2064 1661 paci,
2086 1608 2177 1644 seu
2197 1590 2441 1657 operibus
2464 1587 2614 1654 pacis
2638 1592 2759 1636 tum

1676 1675 2042 1728 tribuebantur
2107 1670 2319 1732 insignia
2372 1658 2643 1729 ffiumph55
2701 1673 2761 1714 et

1677 1759 1823 1805 certe
1847 1750 2023 1814 potius
2065 1763 2125 1797 ac
2163 1744 2414 1795 libentius
2447 1757 2604 1808 qnam
2628 1741 2762 1793 belli

1675 1827 1955 1878 laboribus.
2027 1826 2156 1874 Erat
2194 1823 2354 1888 igitur
2395 1822 2558 1870 decus
2603 1820 2761 1884 pacis

1675 1906 1837 1970 maJus
1854 1902 1990 1968 quod
2016 1905 2307 1965 sperarent,
2328 1910 2519 1962 nempe
2540 1897 2766 1960 insignia

1676 1980 1999 2044 triumphalia.

1745 2056 1819 2108 At
1837 2057 2013 2117 dices3
2046 2054 2329 2118 pervulgata
2347 2056 2501 2102 erant
2526 2049 2658 2100 talia
2680 2049 2765 2099 in-

1649 2136 1860 2200 'signia,
1899 2139 1957 2183 et
2006 2131 2080 2182 sic
2134 2130 2533 2196 spernebantur.
2621 2127 2762 2177 Ideo

1680 2218 1828 2264 certe
1851 2210 2158 2276 pervulgata
2202 2212 2373 2267 erant,
2406 2205 2529 2269 quia
2567 2217 2766 2253 conee-

1680 2290 1934 2340 debantur
1974 2285 2098 2335 viris
2139 2299 2244 2334 non
2283 2282 2619 2343 militaribus,
2660 2279 2764 2330 sed

1678 2366 1932 2416 inertibus
1953 2369 2011 2413 et
2035 2359 2282 2426 pacificis,
2303 2374 2367 2409 ac
2402 2359 2530 2408 nibil
2554 2358 2769 2422 agenti-

1680 2442 1797 2506 bus,
1821 2441 1993 2512 potius
2017 2453 2171 2505 quam
2197 2451 2339 2488 arma
2359 2435 2732 2489 inferentibus.

1745 2520 1867 2584 Sed,
1891 2518 2149 2584 inquiunt,
2188 2517 2511 2581 pervulgatis
2543 2516 2662 2566 istis
2688 2517 2772 2566 in-

1680 2601 1906 2666 signibus
1924 2599 2089 2664 majus
2125 2598 2288 2647 decus
2324 2596 2537 2661 aliquod
2578 2610 2769 2658 spera-

1681 2681 1810 2732 bant
1847 2677 2024 2727 dnces.
2086 2675 2257 2726 Immo
2297 2674 2579 2739 sperabant
2623 2674 2767 2723 tales

1680 2759 1843 2809 duces
1866 2756 2028 2806 decus
2051 2753 2385 2818 triumphale,
2418 2753 2544 2818 quia
2567 2754 2772 2816 peruul-

1676 2840 1798 2898 gata
1816 2837 1966 2883 erant
1988 2832 2116 2882 talia
2138 2831 2380 2898 insignia,
2400 2839 2459 2881 et
2491 2832 2617 2896 quia
2638 2830 2772 2896 paci

1682 2912 1892 2976 otioque
1915 2908 2295 2959 tribuebantur.

1746 2990 1963 3039 Maneat
1980 2987 2158 3053 igitur,
2177 2987 2300 3038 ideo
2320 2985 2482 3037 duces
2503 2986 2622 3040 illos
2642 2979 2769 3052 spe-

1667 3079 1823 3118 rasse
1840 3065 2053 3132 aliquod
2072 3065 2241 3129 majus
2265 3065 2444 3127 decus,
2465 3077 2656 3128 nempe
2681 3079 2771 3115 or-

1681 3150 1923 3194 namenta
1977 3141 2243 3205 triumphi,
2316 3157 2383 3191 ex
2454 3142 2772 3193 continuata

1683 3236 1832 3286 pace,
1856 3235 2007 3284 quam
2032 3234 2097 3276 ex
2132 3220 2287 3270 bello.
2355 3219 2502 3270 Quid
2532 3219 2674 3268 enim
2697 3233 2770 3270 ex

1681 3301 1820 3353 bello
1843 3313 2054 3365 sperare
2075 3299 2153 3348 illi
2176 3304 2443 3363 poterant,
2463 3298 2562 3349 nisi
2582 3298 2770 3350 odium

1681 3376 1931 3442 principis
1954 3380 2009 3425 et
2030 3374 2283 3424 exitium?

1749 3456 1820 3504 Et
1853 3452 1914 3503 τὸ
1954 3453 2105 3516 mqius
2138 3451 2329 3503 referri
2364 3450 2528 3502 debet
2563 3463 2671 3502 non
2697 3452 2772 3503 ad

1683 3532 1893 3593 insignia
1911 3530 2161 3595 triumphi,
2191 3529 2285 3578 sed
2324 3527 2391 3579 ad
2430 3528 2630 3580 bellum:
2664 3529 2772 3581 sic·

1673 3601 1788 3675 'que
1811 3599 1978 3673 majus
2000 3622 2069 3657 ex
2092 3600 2223 3670 pace
2259 3601 2432 3655 decus'
2454 3605 2774 3671 sperabant,

1688 3700 1840 3752 quam
1860 3699 1926 3736 ex
1944 3684 2109 3735 bello:
2129 3682 2392 3748 quodnam
2414 3688 2592 3733 autem
2607 3683 2773 3733 decus

1688 3777 1754 3811 ex
1793 3762 1954 3825 pace?
2002 3760 2268 3825 triumphi.
2290 3759 2518 3824 insignia
2553 3774 2773 3825 nempe,

1689 3839 1809 3912 quia
1831 3838 2033 3888 scilicet
2054 3837 2410 3902 vulgatissima
2432 3850 2515 3901 ea,
2555 3844 2613 3888 et
2652 3839 2771 3889 otio

1687 3916 1831 3965 data.
2271 3915 2276 3921 ’
2341 3908 2348 3913 ’

1754 3992 1895 4043 Hinc
1927 3992 2168 4043 scribunt
2197 3987 2393 4043 milites
2422 3992 2670 4057 Claudio,
2705 3998 2773 4044 ut

1691 4069 1888 4134 quibu?
1915 4069 2257 4133 permissurus
2295 4076 2439 4120 esset
2474 4071 2773 4134 exercitus,

1690 4145 2027 4210 triumphalia
2077 4152 2224 4196 anter
2256 4146 2537 4198 tribueret.
2623 4150 2772 4200 Nam

1691 4221 1914 4286 dabatur
1935 4222 2247 4287 triumphus,
2265 4228 2327 4274 ut
2348 4238 2455 4273 non
2473 4230 2781 4287 certarent,

1691 4302 1878 4349 utnon
1899 4297 2188 4366 vincerent,
2209 4304 2271 4352 ut
2300 4298 2471 4352 otium
2491 4300 2775 4364 baberent,
2854 4345 2863 4352 .
