3063 4952
316 421 375 477 J.
399 424 461 476 c.
482 407 596 495 aa]

319 563 605 630 eandem
653 564 1130 629 conscientiam
1141 572 1183 627 ‚⁸

1041 416 1454 467 ΑΝΝΑωυΜ
1513 417 1662 467 ms.
1712 399 1845 467 xv'.

1296 562 1609 646 Sequitur
1663 562 1882 628 caedes
1927 562 2167 631 Annaei
2221 567 2521 649 Senecae,

319 667 677 733 laetissima
704 667 1026 751 Principi,
1043 687 1172 731 non
1202 667 1360 750 quia
1377 655 1844 751 conjurationis
1867 669 2307 734 manifestum¹
2339 691 2520 739 com-

251 796 256 800 ·
320 776 606 854 peterat,
661 771 779 836 sed
832 776 905 835 ut
961 770 1136 834 ferro
1193 777 1616 853 grassaretur,
1677 771 1968 854 quando²
2020 792 2336 837 venenum
2392 783 2526 839 non
2559 851 2577 866 κ

322 878 766 958 processerat.
813 931 816 934 .
859 873 1061 938 Solus
1109 874 1353 957 quippe
1399 871 1670 937 Natalis
1714 879 1779 936 et
1821 874 2137 939 hactenus
2180 876 2457 960 promsit
2478 883 2528 939 :⁸

328 980 349 1032 ·‘
383 977 660 1043 missum
691 976 879 1043 sead
923 981 1241 1060 aegrotum
1272 976 1622 1057 Senecam,
1661 979 1777 1041 uti³
1818 978 2057 1042 viseret
2106 998 2527 1062 conquerere-

322 1084 586 1163 turque,
618 1102 735 1145 cur
777 1081 1087 1146 Pisonem
1133 1078 1319 1143 aditu
1363 1081 1661 1143 arceret?
1707 1079 1941 1142 melius
1985 1080 2146 1156 fore,
2189 1081 2249 1143 si
2296 1083 2528 1146 amici-

326 1182 498 1249 tiam
553 1182 865 1248 familiari
924 1201 1274 1265 congressu
1345 1180 1872 1246 exercuissent.’4
1969 1181 2056 1245 Et
2106 1183 2529 1266 respondisse

331 1285 693 1349 Senecam:
727 1289 748 1319 ‘
772 1305 1105 1349 sermones
1134 1291 1399 1349 mutuos
1430 1292 1496 1349 et
1524 1287 1755 1349 crebra
1785 1285 2118 1371 colloquia
2132 1288 2343 1351 neutri
2374 1307 2533 1351 con-

327 1386 609 1453 ducere:
655 1393 939 1453 ceterum
970 1389 1251 1453 salutem
1278 1387 1485 1452 suamt
1513 1391 1957 1454 incolumitate
1989 1389 2261 1452 Pisonis
2291 1388 2523 1455 inniti?

327 1521 602 1583 objectaret.
666 1522 878 1572 Additur
909 1525 1059 1572 caedes
1096 1522 1266 1573 Annoei
1296 1522 1482 1573 Senecoe
1498 1524 1776 1586 gratissima
1813 1524 2010 1586 Caesari,
2030 1539 2121 1572 non
2142 1526 2260 1588 quoa
2283 1540 2400 1573 eum
2423 1540 2528 1574 con·

313 1588 583 1649 jurationis
602 1593 888 1650 compertam
909 1590 1124 1649 novisset,
1140 1591 1224 1638 sed
1244 1594 1298 1638 at
1316 1590 1479 1650 gladio
1502 1595 1706 1651 necaret,
1726 1604 1859 1651 quem
1890 1604 2061 1638 veneno
2081 1590 2352 1639 interimere
2373 1590 2532 1653 nequi·

326 1658 483 1704 verat.
549 1654 679 1701 Nam
698 1655 820 1702 solus
843 1655 1051 1713 Natalis,
1073 1659 1119 1701 et
1140 1653 1193 1702 ia
1215 1659 1403 1703 tantam
1419 1656 1653 1718 prodidit,
1676 1669 1730 1703 se
1753 1655 1963 1702 missum
1986 1654 2050 1703 ad
2075 1654 2326 1703 Senecam
2350 1657 2551 1704 morbo.

329 1717 677 1778 laborantem,
699 1724 758 1766 ut
778 1733 884 1766 eam
903 1718 1162 1779 inviseret,
1183 1725 1240 1768 et
1261 1731 1688 1783 quereretur-,cur
1705 1719 1946 1768 Pisonem
1971 1733 2027 1768 se
2046 1720 2187 1768 adire
2201 1718 2534 1782 prohiberet?

332 1782 512 1850 utilius
553 1780 804 1844 futurum,
843 1783 886 1831 si
930 1783 1206 1832 amicitiam
1240 1785 1520 1835 coluissent
1558 1783 1798 1834 familiari
1844 1784 2117 1849 colloquio.
2187 1786 2257 1834 Et
2292 1784 2540 1844 subjecisse

330 1848 579 1911 Senecam,
599 1862 889 1897 sermonum
923 1849 1232 1898 commercia
1268 1856 1324 1900 et
1361 1848 1664 1915 frequentes
1703 1864 2007 1914 congressus
2043 1849 2216 1899 neutri
2252 1849 2540 1913 expedire3

1260 1976 1612 1997 OOOOOOOOOOO

397 2048 425 2093 1
463 2042 779 2103 Manifestum
813 2044 962 2094 abest
1009 2059 1040 2093 a
1074 2046 1203 2097 Mss.
1236 2047 1375 2095 Flor.
1399 2052 1454 2094 et
1474 2046 1586 2096 Jes.
1642 2045 1912 2094 Immerito
1956 2044 2249 2094 Gronovius
2290 2044 2535 2093 omissum

330 2109 510 2169 vellet,
551 2106 930 2171 refragantibus
972 2111 1161 2159 ceteris
1191 2110 1340 2159 libris
1380 2110 1589 2174 scriptis
1633 2117 1689 2159 et
1728 2109 1900 2160 editis.
1958 2111 2265 2159 Brotier.—-2
2306 2107 2534 2158 BudenS.

329 2174 666 2237 quoniam—3
705 2173 788 2222 lta
810 2174 1086 2222 Mss.Flor.
1110 2176 1265 2224 Bodl.
1288 2176 1397 2226 Jes.
1419 2173 1594 2223 Guelf.
1613 2174 1868 2223 editiones
1892 2180 2098 2221 veteres
2118 2180 2174 2221 et
2197 2173 2535 2223 recentiores-

337 2239 646 2301 Beroaldu5‚
678 2242 844 2287 tea—4
890 2238 1118 2289 Budens.
1174 2240 1568 2289 exercuissem—6
1628 2238 1849 2287 Granius.
1896 2238 2124 2288 Brotier.

2218 2238 2347 2286 Mss.
2390 2237 2539 2292 Harl.

1332 2362 1555 2413 NOTAE

341 2487 399 2533 et
436 2496 595 2547 supra
632 2491 834 2532 omnem
868 2483 1000 2533 hanc
1035 2488 1293 2533 terrenam
1316 2481 1403 2534 fae-

343 2574 477 2610 cem.
521 2560 730 2623 Lipsius.
1339 2564 1344 2568 '

351 2650 355 2655 ·
406 2642 428 2669 ¹
461 2635 826 2699 Conscientiam]
858 2636 979 2686 Scil.
1005 2651 1115 2687 esse
1139 2638 1402 2689 conscium

341 2713 576 2778 ejusdem
617 2711 893 2763 facinoris:
929 2715 1019 2762 sed
1059 2716 1404 2780 interroganti

346 2790 719 2855 Epaphrodito,
761 2791 852 2856 qui
888 2790 1025 2841 haud
1066 2791 1218 2842 dubie
1252 2792 1404 2842 datus

347 2864 464 2917 erat
516 2876 734 2917 exactor
770 2865 941 2916 Statio
986 2866 1103 2917 talis
1148 2868 1409 2933 supplicii,

346 2943 624 3007 respondet
661 2944 957 3006 Lateranus,
988 2949 1166 3008 spreto
1198 2945 1287 2993 vili
1323 2959 1410 2994 ca·

344 3019 480 3083 pite,
504 3020 519 3047 ‘
541 3019 583 3068 si
607 3019 729 3084 qnid
747 3019 901 3069 velim
925 3020 1120 3084 dicere,
1138 3025 1229 3071 tuo
1252 3021 1411 3072 domi-

344 3111 413 3148 no
434 3096 640 3148 dicam!

411 3182 432 3208 ⁸
465 3176 537 3224 Et
570 3174 792 3224 hactenus
819 3174 1045 3238 promsit]
1090 3178 1159 3226 Et
1182 3177 1277 3226 hoc
1301 3182 1411 3226 tan-

348 3259 459 3304 tum
480 3251 713 3316 prodidit
735 3253 799 3301 de
823 3254 1042 3315 Seneca,
1078 3267 1267 3316 nempe
1298 3253 1412 3301 mis-

345 3344 451 3379 sam
468 3347 517 3382 se
540 3330 604 3377 ad
624 3335 854 3392 oegrotum
876 3327 1119 3390 Senecam,
1144 3331 1245 3377 ὅτε.

349 3419 356 3423 ·
413 3411 432 3443 t
466 3410 686 3464 Ceteram
707 3409 906 3455 salutem
927 3405 1081 3468 snam]
1119 3404 1273 3454 Forte
1299 3404 1413 3454 red·

351 3487 560 3538 diderat
574 3486 771 3535 Seneca
794 3483 957 3532 vicem
981 3482 1187 3531 honoris
1211 3481 1411 3531 Pisoni.

351 3564 491 3614 Nam
515 3562 782 3612 comitatem
802 3561 1042 3609 honestam
1066 3557 1412 3623 praeferebat3

352 3641 448 3693 sed
480 3654 585 3690 non
620 3637 801 3687 iisdem
836 3636 1027 3699 verbis,
1063 3651 1159 3685 nec
1198 3635 1414 3700 perinde

352 3708 539 3783 amplis
580 3721 670 3771 aut
708 3712 1017 3778 honorificis,
1037 3721 1097 3764 ut
1119 3714 1208 3762 illa
1226 3712 1416 3762 refere-

353 3795 448 3846 bat
491 3793 712 3844 Natalis.
802 3791 931 3843 Quae
977 3805 1167 3856 negare
1209 3804 1417 3855 prorsus

354 3873 567 3922 Senecae
594 3869 752 3918 satius
772 3867 892 3932 fuit,
912 3883 1064 3932 quam
1088 3868 1219 3933 tales
1236 3866 1420 3916 verbo-

355 3964 473 3999 rum
517 3958 736 4006 temere,
787 3950 875 3994 aut
914 3958 1008 4010 per
1045 3946 1311 4006 honorem,
1364 3950 1421 3993 et

354 4027 496 4077 nullo
531 4025 635 4074 alio
680 4022 891 4072 consilio
928 4022 1301 4085 prolapsorum,
1344 4036 1423 4070 ra-

357 4106 548 4168 tiones,
562 4113 621 4153 ut
639 4101 693 4152 in
710 4101 921 4155 crimine
935 4100 1240 4166 majestatis,
1253 4101 1420 4151 discu-

362 4192 475 4235 tere
516 4182 671 4231 velle.
1368 4191 1372 4197 ’

427 4259 567 4312 Nam
595 4258 640 4308 si
677 4271 834 4324 usque
857 4256 987 4307 adeo
1009 4255 1311 4308 honorasset
1331 4256 1419 4306 Pi-

1483 2495 1659 2532 sonem
1693 2481 1912 2543 Seneca,
1931 2495 1996 2529 an
2025 2478 2223 2543 opibus,
2244 2492 2309 2528 an
2345 2476 2545 2529 artibus

1484 2550 1713 2623 carebat,
1768 2559 1952 2624 quibus
2006 2572 2266 2607 sermones
2321 2556 2544 2606 invicem

1484 2637 1863 2687 commearent?
1920 2634 2215 2685 Verisimile
2257 2639 2356 2695 est,
2402 2646 2547 2696 spre-

1488 2713 1629 2782 visse·
1646 2713 1771 2763 talia
1794 2719 1971 2777 coepta
1992 2713 2242 2761 Senecam
2275 2725 2448 2759 senem
2491 2715 2548 2760 et

1484 2790 1670 2856 opibus
1703 2789 2078 2853 honoribusque
2112 2787 2322 2849 fessum,
2343 2794 2399 2836 et
2431 2787 2546 2850 jam

1487 2867 1755 2932 sapientiae
1779 2867 1967 2929 studio,
1982 2866 2298 2931 posterisque
2316 2871 2372 2915 et
2392 2862 2545 2915 famas

1488 2944 1585 2993 soli
1609 2959 1814 3008 operam
1839 2934 2137 2993 navantem.

1555 3023 1852 3073 Verisimile
1891 3029 1974 3074 est
2019 3023 2278 3085 Natalem,
2309 3019 2459 3071 venia
2491 3025 2552 3070 et

1492 3100 1802 3166 impunitate
1842 3099 1936 3150 sibi
1978 3099 2260 3164 proposita,
2301 3114 2454 3163 quam
2493 3103 2551 3148 et

1490 3191 1610 3225 mox
1635 3176 1860 3226 obtinuit
1892 3176 1958 3225 ob
1989 3175 2231 3225 festinata
2248 3174 2456 3236 indicia,
2476 3174 2555 3222 in-

1490 3252 1708 3302 dulsisse
1727 3254 1846 3302 odio
1875 3254 2096 3302 Neronis
2135 3252 2258 3300 talia
2289 3250 2449 3300 verba
2485 3264 2552 3300 ex

1492 3346 1608 3395 suo,
1625 3331 1706 3381 vel
1730 3346 1790 3379 ea
1813 3337 1958 3379 certe
1982 3331 2208 3379 auxisse:
2233 3329 2323 3390 sic,
2346 3340 2551 3390 nempe,

1495 3414 1555 3456 ut
1586 3407 1785 3456 veniam
1815 3406 1931 3467 sibi,
1962 3406 2048 3454 et‘
2078 3405 2298 3454 Neronis
2333 3403 2551 3467 gratiam

1494 3491 1722 3549 pararet,
1754 3484 1842 3548 qui
1862 3481 2090 3531 infensus
2112 3482 2345 3543 Senecae,
2377 3493 2554 3530 omnes

1495 3560 1561 3611 ad
1580 3576 1696 3611 eum
1713 3557 2110 3624 opprimendum
2127 3566 2265 3608 artes
2284 3555 2555 3623 conquire·

1497 3637 1621 3688 bat?

1562 3714 1650 3764 Ob
1696 3713 1925 3763 favorem
1968 3714 2107 3777 vulgi
2151 3720 2206 3763 et
2245 3713 2556 3776 optimorum
2616 3754 2632 3763 „

1499 3792 1708 3854 civium,
1753 3791 1949 3840 caedem
1984 3791 2120 3840 illins
2165 3798 2347 3854 aperte
2390 3787 2561 3838 moliri*

1498 3885 1599 3919 non
1635 3868 1862 3919 audebat
1900 3869 2060 3918 Nero.
2110 3870 2326 3918 Veneno
2363 3876 2560 3931 grassa*

1502 3953 1583 3996 tus
1605 3952 1737 4009 erat,
1771 3946 1860 3994 sed
1885 3960 1998 3995 cum
2021 3959 2120 3993 non
2147 3944 2452 4009 procederet
2475 3957 2562 3993 ve·

1500 4038 1712 4085 uenum,
1746 4021 1941 4071 ferrum
1965 4036 2166 4086 quoquo
2190 4020 2340 4071 modo
2377 4021 2560 4091 adver-

1502 4116 1588 4150 sus
1642 4101 1969 4149 innocentem
2013 4098 2292 4148 adhibendi
2336 4097 2562 4147 occasio·

1497 4190 1616 4226 nem
1656 4176 1914 4241 quaesivit,
1951 4189 2101 4240 quam
2142 4176 2315 4224 datam
2355 4173 2564 4241 taudem

1482 4250 1600 4319 'ipsi
1621 4269 1688 4305 ex
1708 4254 1878 4304 verbis
1898 4252 2309 4319 Natalis,statim
2324 4252 2566 4317 arripuit·-
