3063 4952
342 429 393 481 J.
411 422 605 492 αα]

341 569 627 646 miscuas
654 569 723 633 et
753 575 1168 653 'pares”esse.

340 672 553 754 sperni
589 672 899 754 nequeat.

338 781 476 840 um⁸
500 773 822 839 retinendi
842 773 1259 849 libertatem,
1290 790 1411 854 per
1452 769 1635 853 quod
1663 769 1973 834 *assecuti
2024 768 2173 832 sint.

337 972 461 1007 esse.
546 958 1057 1023 Concedendumpat

337 1021 519 1073 lestnm
561 1040 659 1074 esse
682 1023 845 1074 debere
885 962 1106 1086 libertis,
1184 1038 1241 1072 er
1278 1036 1373 1071 ean

1048 381 1462 468 muman
1488 387 1660 468 ἕω».

1060 957 1189 1007 roais
1199 957 1287 1022 jus
1306 957 1410 1070 ³¹³3

1705 377 1882 466 xliia.
2261 417 2264 422 ·
2364 375 2539 464 151-'1

1255 560 1728 628 'tribuendum
1756 559 2031 646 aliquod
2054 555 2335 638 ‘telum,‘
2358 559 2560 643 quod‘

1005 665 1157 733 Nec
1186 685 1386 750 grave
1413 664 1845 743 nanumissis,
1875 684 1994 749 per
2021 663 2541 748 idemobseq‘ui-

2241 819 2246 824 .
2263 763 2398 832 At⁷s
2413 767 2541 832 cri-

1411 956 1512 1005 uod
1538 954 1678 1020 quod
1704 954 1863 1004 temni
1897 968 1999 1003 non
2032 952 2209 1031 possit.
2281 951 2397 1001 Nec
2433 966 2542 1001 mo-

1413 1037 1494 1071 em
1537 1020 1882 1070 reverentiam
1928 1019 2064 1068 tueri
2096 1015 2428 1080 libertatem,
2445 1031 2545 1082 per

336 1103 482 1153 quam
505 1105 612 1139 eam
634 1089 815 1154 adepti
839 1090 960 1139 sint.
1028 1088 1103 1139 At
1159 1088 1423 1138 acinorum
1455 1093 1769 1150 compertos,
1782 1086 1905 1149 jure
1938 1085 1993 1135 in
2014 1084 2319 1134 servitutem
2351 1083 2542 1134 iterum

1259 1211 1315 1230 00
1319 1210 1375 1229 00
1377 1209 1580 1229 0000000
1587 1210 1614 1228 O

394 1298 425 1343 7
456 1294 544 1345 Sic
569 1295 819 1346 Ernestus
841 1309 908 1346 ex
926 1294 1059 1346 Mss.
1070 1261 1224 1345 Flor.
1249 1294 1430 1347 Guelf.
1454 1300 1510 1344 et
1531 1293 1760 1345 editione
1781 1290 2037 1357 principe.
2090 1291 2193 1342 Ms.
2208 1291 2342 1354 Reg.
2358 1296 2414 1343 et
2436 1290 2553 1340 Ριι-

337 1351 681 1425 teolanus,uc
683 1395 697 1410 .

1331 1473 1547 1525 Nom-2
1619 1509 1625 1527 .

396 1585 590 1653 Itaque
628 1586 810 1637 isthaee
829 1584 1107 1650 ἑπεξήγησις
1139 1586 1215 1637 ita
1235 1587 1398 1651 expli·

334 1666 498 1715 canda
520 1672 640 1715 est:
673 1666 971 1715 centesimum
1006 1669 1136 1716 ultra
1174 1666 1397 1729 lapidem,

314 1748 471 1806 puta,
503 1742 561 1791 in
595 1756 726 1790 oram
754 1742 1058 1806 Campania.-
1090 1742 1240 1792 verbi
1281 1756 1398 1806 gra·

334 1818 420 1881 tia,
456 1819 509 1868 in
552 1833 689 1868 oram
736 1819 1039 1884 Campanioe:
1074 1834 1190 1885 quae
1246 1813 1399 1882 poena

334 1905 524 1960 quanta
558 1897 649 1958 sit,
668 1912 734 1945 ex
771 1910 833 1945 eo
874 1910 1056 1947 noscas
1091 1896 1237 1958 licet,
1261 1896 1397 1962 quod

332 1972 538 2039 profugi
588 1975 805 2025 delicati
846 1976 899 2024 in
922 1975 1208 2040 Campania
1241 1974 1403 2025 subsi-

331 2050 452 2102 dere
471 2059 715 2117 possunt,
730 2059 785 2103 et
805 2051 1150 2103 subsederunt
1163 2052 1401 2117 quidam;

330 2145 445 2180 nam
484 2138 543 2181 et
583 2145 678 2180 ora
701 2131 998 2195 Campaniae
1021 2132 1157 2181 ultra
1179 2130 1401 2181 centesi-

331 2222 464 2259 mum
488 2214 599 2260 est.
637 2208 915 2260 Gronovius.

389 2285 618 2336 Frustra
660 2291 918 2350 reponunt
946 2285 1250 2335 centesimum
1286 2286 1403 2349 lapi-

329 2362 430 2411 dem
447 2380 469 2423 ,-
504 2376 634 2411 nam
659 2362 702 2410 si
722 2361 777 2412 id
799 2367 994 2412 temere
1019 2362 1162 2426 licet,
1166 2362 1276 2427 jam
1299 2377 1400 2411 non

328 2437 546 2490 Tacitus
598 2439 718 2502 erit,
758 2440 854 2501 ,sed
904 2446 1183 2491 ostentum.
1245 2440 1402 2504 Ruto,

329 2531 427 2567 non
469 2518 561 2581 agi
601 2516 673 2565 ibi
719 2516 786 2566 de
830 2517 1146 2581 relegatione
1191 2517 1402 2581 proprie

330 2602 515 2659 sumta,
542 2596 692 2645 velut
724 2595 778 2644 in
801 2595 1034 2645 crimine.
1102 2595 1281 2644 Innuit
1303 2594 1404 2644 Ta-

328 2673 459 2723 citus
485 2671 657 2741 fuisse
697 2672 913 2722 libertos
944 2678 1141 2722 amotos
1172 2672 1320 2736 urbe,
1348 2678 1405 2722 et

310 2746 637 2815 ‘prohibitos'
664 2756 883 2813 aspectu
910 2754 969 2799 et
991 2748 1142 2798 domo
1182 2749 1405 2814 patroni,

331 2832 384 2875 et
406 2826 629 2877 duriore
645 2825 793 2875 victu
827 2831 917 2875 aut
935 2825 1116 2875 labore
1135 2825 1403 2877 divexatos

329 2911 382 2965 et
405 2903 699 2968 coiit-citos,
718 2903 852 2969 quod
876 2903 1040 2955 instar
1061 2902 1403 2954 damnationis

329 2979 446 3042 fuit,
471 2988 531 3032 et
555 2978 721 3030 fuisse
754 2980 953 3044 ejectos
990 2982 1143 3031 modo
1182 2981 1404 3046 longius,

329 3056 480 3107 modo
502 3056 724 3122 propius
745 3074 760 3118 ς
795 3064 850 3106 et
869 3072 963 3122 pro
992 3057 1204 3107 arbitrio
1227 3066 1401 3122 patro-

329 3135 396 3198 ni,
418 3134 471 3184 in
495 3132 854 3201 quiscumque
877 3149 992 3184 oras
1008 3134 1327 3186 amandatos.

393 3214 681 3264 Leviorem
718 3227 945 3277 poenam,
971 3213 1197 3279 exempli
1232 3228 1404 3278 causa,

304 3292 307 3297 “
333 3282 488 3341 affert
503 3289 724 3340 Tacitus
774 3290 875 3353 hic,
918 3296 973 3339 et
1027 3305 1135 3341 rem
1179 3292 1402 3341 oratorio

330 3368 466 3431 stylo
486 3366 698 3418 minuit.
749 3369 916 3429 Quam
941 3368 1147 3431 poenam
1173 3374 1315 3418 certe
1349 3374 1406 3419 et

332 3444 498 3496 severi
522 3451 705 3510 patres
729 3447 1033 3512 quandoque
1055 3445 1407 3497 decernebant

334 3521 587 3572 adversus
610 3520 745 3572 filios
765 3530 1113 3588 contumaces,
1136 3513 1223 3573 sed
1249 3539 1404 3589 prop-

336 3605 481 3650 terea
503 3599 804 3650 acerbiores
827 3600 1174 3664 relegationes
1196 3616 1296 3650 non
1320 3617 1406 3651 ex-

334 3677 501 3727 cludit
520 3675 756 3727 Tacitus.

402 3752 712 3817 Campanioe]
747 3750 881 3802 Vide
904 3757 1050 3802 notas
1070 3753 1105 3803 1.
1128 3768 1205 3804 v1.
1221 3769 1270 3804 c.
1297 3759 1341 3804 1.

378 3837 422 3876 ,Θ
452 3831 708 3880 Libertum
754 3827 956 3892 releget]
1021 3828 1406 3879 Paterfamilias

333 3908 549 3959 videtur
569 3907 814 3959 habuisse
835 3913 1152 3973 potestatem
1176 3909 1407 3973 relegan-

337 3976 399 4047 di,
428 3999 671 4049 uxorem,
691 3983 871 4049 filium,
892 3990 949 4034 et
982 3985 1211 4035 libertos.
1274 3985 1405 4035 Ter-

338 4060 584 4112 tullianus
619 4061 658 4110 1.
694 4074 780 4119 111.
815 4061 831 4088 ‘
856 4061 1107 4111 Nonnulli
1143 4061 1302 4111 etiam
1338 4062 1406 4112 de

339 4130 655 4189 utilitatibus
696 4153 813 4188 cum
846 4137 964 4188 odio
1001 4139 1405 4204 istopaciscun·

342 4220 449 4280 tur,
481 4215 719 4266 contenti
762 4213 969 4280 injuria,
1002 4216 1125 4266 dum
1163 4217 1407 4283 neldomi

337 4290 565 4347 habeant
581 4291 723 4361 quod
745 4293 985 4346 oderunt.
1048 4294 1282 4347 Uxorem
1294 4294 1409 4360 jam

1478 1586 1718 1651 pudicam
1741 1586 1979 1649 maritus,
1990 1585 2103 1649 jam
2133 1599 2235 1635 non
2258 1585 2546 1649 zelotypus,

1477 1663 1637 1716 filium
1662 1665 1948 1730 subjectum
1978 1669 2131 1728 pater
2163 1671 2307 1718 retro
2343 1663 2546 1727 patiens

1479 1742 1760 1793 abdicavit.
1827 1742 2038 1792 Servum
2068 1742 2180 1806 jam
2214 1741 2546 1805 fidelem‚do-

1477 1819 1646 1869 minus
1670 1821 1791 1870 olim
1812 1819 1953 1869 mitis
1976 1820 2042 1869 ab
2061 1819 2221 1869 oculis
2257 1818 2546 1884 relegavit.'

1543 1894 1706 1960 Puto,
1733 1898 1863 1946 tales
1899 1896 2120 1947 libertos-
2153 1897 2460 1961 relegabant
2492 1897 2547 1947 in

1478 1987 1571 2022 sua
1605 1974 1823 2038 praedia,
1847 1969 1921 2023 ibi
1955 1974 2070 2024 illos
2110 1976 2343 2039 alebant,
2366 1982 2421 2026 et
2453 1976 2547 2026 ali·

1480 2065 1608 2115 quas
1633 2052 1792 2102 etiam
1814 2066 2001 2116 operas
2020 2049 2084 2101 ab
2108 2052 2209 2102 illis
2230 2052 2547 2117 exigebant3

1479 2133 1656 2179 tamen
1679 2130 1984 2180 clementius
2017 2144 2169 2195 quam
2201 2146 2232 2179 a
2254 2130 2435 2195 servis,
2459 2130 2548 2196 qui

1481 2204 1648 2255 vincti
1670 2206 1922 2270 compede
1943 2211 1999 2256 et
2022 2206 2074 2255 in
2099 2207 2398 2271 ergastulis.

1548 2282 1633 2333 Sic
1673 2283 1793 2333 olim
1825 2282 2054 2334 infensos
2077 2284 2211 2334 filios
2233 2300 2325 2334 rus
2345 2285 2547 2349 relega·

1480 2358 1628 2423 bant,
1664 2375 1762 2410 nec
1795 2359 1934 2410 forte
1980 2360 2091 2410 sine
2134 2362 2309 2426 aliquo
2353 2360 2548 2412 rustico

1482 2451 1644 2502 opere
1681 2438 1766 2489 vel
1791 2453 1918 2489 eura
1952 2439 2004 2489 in
2044 2453 2132 2489 rus
2153 2454 2334 2489 suum:
2368 2438 2549 2505 sicque

1481 2530 1586 2564 non
1642 2516 1848 2580 mirum,
1886 2515 1929 2564 si
1974 2516 2027 2565 in
2074 2516 2371 2581 Campaniae
2406 2530 2551 2566 oram

1483 2592 1613 2641 tales
1639 2592 1899 2656 relegatos
1925 2592 2067 2643 dicat
2083 2594 2315 2655 Tacitus,
2331 2593 2449 2658 quia
2476 2593 2551 2642 ibi

1483 2669 1749 2733 praetoria,
1768 2677 1823 2719 et
1844 2670 2048 2734 praedia
2069 2671 2430 2723 amoenissima.

1549 2747 1620 2797 Et
1660 2747 1776 2811 lege
1810 2746 1947 2797 AElia
1981 2747 2163 2798 Sentia
2202 2754 2430 2812 cautum,
2450 2748 2466 2775 ‘
2491 2754 2554 2800 ut

1482 2822 1526 2872 si
1551 2829 1799 2888 patronus
1822 2822 2066 2875 libertum
2090 2825 2295 2891 inopem
2320 2841 2423 2876 non
2445 2827 2553 2877 alu-

1483 2899 1604 2964 erit,
1638 2911 1743 2950 tam
1781 2902 1913 2965 ipse,
1936 2918 2088 2967 quam
2126 2902 2170 2951 is
2211 2904 2276 2953 ad
2302 2918 2454 2969 quem
2488 2920 2554 2955 ea

1484 2993 1567 3028 res
1611 2978 1920 3041 pertinebit,
1935 2980 2242 3045 mulctetur,
2259 2981 2448 3032 deinde
2476 2983 2554 3047 ip-

1483 3057 1588 3106 sius
1611 3056 1921 3107 haereditate
1969 3063 2080 3107 tum
2103 3058 2216 3122 ipse
2257 3066 2369 3109 tum
2392 3059 2562 3124 ipsiu·-

1482 3133 1635 3183 liberi
1661 3134 1955 3198 priventur,
1973 3134 2071 3184 nisi
2092 3135 2261 3186 haeres
2282 3137 2553 3187 institutus

1480 3210 1586 3263 hit!
1638 3210 1725 3261 Sic
1747 3211 1792 3261 si
1813 3211 2032 3263 libertus
2056 3213 2145 3262 ille
2165 3215 2428 3278 relegatus
2451 3213 2557 3265 fnit

1483 3288 1650 3351 dives,
1670 3303 1772 3339 non
1807 3304 1928 3339 enm
1967 3291 2110 3339 alere
2150 3291 2440 3341 tenebatur
2463 3305 2555 3356 pa-

1485 3372 1688 3416 tronus·

1500 3434 1505 3437 ’
1550 3439 1574 3472 f
1599 3442 1808 3512 Aliquod
1838 3444 2005 3507 telum]
2042 3445 2409 3509 Metaphorice
2446 3445 2555 3497 dic-

1487 3524 1619 3581 tum,
1645 3535 1741 3584 pro
1780 3520 2204 3588 decreto'aliquo
2234 3523 2418 3588 atroci,
2452 3538 2553 3589 quo

1485 3603 1733 3661 patronus
1768 3611 1824 3646 se
1849 3604 2085 3648 tueretur
2106 3599 2349 3649 adversus
2386 3600 2555 3665 ingra-

1487 3682 1570 3725 tos
1625 3675 1860 3736 libertos,
1907 3692 2008 3740 quo
2054 3675 2292 3727 fraudem
2346 3678 2554 3729 illorum

1487 3751 1680 3800 acriter
1705 3751 1999 3802 vindicaret
2022 3768 2083 3802 ac
2107 3753 2429 3805 retunderet.

1553 3828 1759 3892 Aliquod
1779 3828 1964 3892 telam]
1999 3829 2065 3878 Id
2104 3835 2198 3891 est,
2222 3830 2413 3893 legem,
2435 3828 2551 3893 quae

1485 3905 1743 3970 irrogaret
1765 3906 2071 3971 supplicium
2096 3906 2307 3970 ingratis
2327 3908 2396 3955 'et
2417 3907 2553 3955 male

1485 3983 1683 4033 meritis
1707 3982 1928 4046 libertis,
1963 3999 2078 4049 quae
2107 3990 2250 4033 metu
2274 3985 2388 4032 illos
2407 3983 2554 4034 coe'r-

1488 4066 1656 4124 ceret,
1678 4067 1734 4110 et
1757 4060 1810 4108 in
1834 4060 2085 4126 obsequio
2109 4060 2418 4125 contineret.

1553 4146 1579 4183 s
1612 4139 1713 4188 Per
1724 4140 1850 4187 idem
1867 4136 2158 4202 obsequium]
2194 4136 2414 4200 Liberti,
2428 4134 2558 4187 licet

1487 4215 1807 4280 manumissi,
1820 4220 1994 4265 tamen
2011 4229 2196 4279 operas
2220 4213 2420 4278 aliquas
2461 4227 2554 4264 seu

1489 4292 1662 4346 officia
1682 4293 1922 4361 quaedam
1949 4297 2198 4360 praestare
2218 4291 2388 4343 adbuc
2412 4296 2554 4342 tene-
