3063 4952
252 446 253 451 η
318 374 378 433 J.
407 379 466 432 c.
488 377 604 443 ss.)
956 450 961 453 ,
1050 372 1465 429 Ani-ulmum
1514 329 1662 425 mn.
1712 377 1890 496 XIV<
2358 366 2535 434 1809

328 521 627 607 suspicio
673 520 742 585 in
785 521 1029 597 servo‚¹
1056 523 1122 584 et
1151 519 1633 603 quaestionibus
1662 521 2047 589 ancillarum
2077 525 2268 591 elusa
2291 532 2484 595 erat²
2504 534 2531 576 Ἰ

324 628 506 712 Ergo
536 624 1010 709 confessionem
1039 622 1324 708 alicujus
1355 626 1567 708 quaeri
1614 625 1855 709 placet,
1886 627 1994 691 cui
2023 647 2234 694 rerum
2266 650 2532 716 quoque

320 748 645 796 novarum
693 727 939 792 crimen
988 725 1413 809 effingeretur.
1504 727 1596 819 Et
1641 728 1829 795 visus
1887 729 2162 796 idoneus
2210 739 2522 800 maternae

320 833 507 899 necis
535 835 846 915 patrator,
878 827 1227 908 AnicetuS,
1258 831 1483 896 classi·
1508 832 1690 916 apud
1740 832 2128 913 Misenum,r
2167 843 2245 902 ut
2270 857 2523 904 memo-

319 938 492 1015 ravi,
554 932 941 1012 PraefectuS,
991 933 1125 997 levi
1178 937 1333 1017 post
1389 932 1758 1000 admissum
1815 939 2036 1006 scelus
2091 942 2325 1021 gratia,
2376 942 2525 1009 dein

322 1039 625 1124 graviore
664 1038 851 1104 odio:
927 1038 1084 1123 quia
1140 1039 1162 1071 ‘
1187 1036 1541 1102 malorum³
1597 1038 1959 1106 facinorum
2006 1044 2287 1109 ministri
2331 1046 2526 1131 quasi

317 1144 802 1230 exprobrantes
857 1139 1320 1227 aspiciuntur?
1434 1140 1645 1224 Igitur
1714 1143 2008 1209 accitum
2081 1166 2232 1211 eum
2291 1147 2525 1216 Caesar
2601 1138 2604 1139 ᾗ

319 1250 341 1281 ‘
372 1266 596 1332 opcrae
651 1243 910 1331 prioris'
965 1245 1304 1310 admonet:
1379 1249 1399 1278 ‘
1432 1246 1649 1310 solum
1700 1246 2138 1315 incolumitati
2186 1250 2523 1338 Principis

318 1349 638 1419 adversus
664 1349 1080 1415 insidiantem
1124 1354 1398 1415 matrem
1437 1349 1865 1417 subvenisse:
1893 1363 1900 1370 ·
1931 1352 2158 1417 locum
2194 1353 2371 1419 haud
2399 1355 2522 1420 mi-

316 1453 499 1520 noris
525 1453 753 1537 gratiae
779 1456 1045 1532 instare,
1094 1453 1157 1518 si
1196 1453 1540 1538 conjugem
1579 1453 1905 1520 infensam
1953 1456 2348 1539 depelleret:
2393 1477 2520 1522 nec

314 1575 517 1622 manu
558 1562 674 1623 aut
712 1557 844 1621 telo
894 1575 1101 1642 opus:
1166 1556 1475 1647 fateretur
1519 1555 1833 1622 Octaviae
1880 1558 2293 1624 adulterium.
2383 1558 2520 1626 Oc-

293 1658 518 1724 'culta⁸
545 1658 810 1742 quidem
826 1657 913 1723 ad
940 1678 1259 1744 praesens,
1291 1657 1407 1723 sed
1435 1678 1676 1743 magna
1702 1661 1762 1724 ei
1791 1662 2088 1746 praemia,
2117 1666 2183 1726 et
2210 1680 2520 1729 secessus

313 1760 631 1827 amoenos’
679 1762 1059 1847 promittit,⁴
1129 1765 1151 1796 ‘
1180 1763 1309 1841 vel,
1354 1763 1413 1829 si
1460 1763 1861 1849 negavisset,
1912 1764 2157 1831 necem'
2214 1765 2514 1832 intentat.

295 1976 545 2039 frustrata
568 1982 690 2028 erat.
754 1977 921 2041 Itaque
942 1976 1113 2026 statuit
1140 1977 1429 2041 investigare
1462 1977 1681 2042 aliquem,
1702 1978 1783 2041 qui
1821 1978 1987 2029 scelus
2019 1978 2336 2045 consini-etur,
2360 1983 2416 2030 et
2437 1979 2516 2029 cui

305 2044 528 2109 affectati
557 2042 742 2107 imperii
764 2044 938 2092 crimen
972 2043 1330 2093 attribueretur.
1402 2045 1470 2093 Et
1499 2044 1681 2107 placuit
1698 2046 1758 2093 ad
1780 2046 1832 2093 id
1856 2045 1973 2108 eligi
1991 2044 2261 2107 Anicetum,
2279 2050 2516 2094 auctorem

306 2110 451 2160 coedis
468 2109 767 2172 Agrippinen,
785 2108 866 2172 qui
884 2113 1107 2172 praeerat,
1128 2113 1181 2157 ut
1199 2109 1325 2168 dixi,
1345 2110 1482 2157 classi
1506 2109 1783 2172 Misenensi,
1806 2116 1861 2159 et
1882 2111 1968 2174 qui
1992 2111 2212 2160 mediocri
2222 2110 2393 2170 flavore
2413 2108 2516 2159 fuit

301 2180 413 2240 post
427 2173 888 2238 patratumfacinus,
911 2189 1019 2223 mox
1035 2174 1208 2223 acriori
1229 2174 1355 2235 odio,
1377 2174 1489 2238 quia
1509 2176 1804 2224 scelestorum
1826 2176 2125 2224 consiliorum
2148 2176 2371 2224 satellites
2390 2190 2518 2239 spec-

305 2244 493 2301 tantur,
513 2240 638 2289 velut
658 2240 835 2288 crimen
855 2238 1155 2298 objectantes.
1221 2239 1388 2301 Igitur
1408 2240 1541 2288 illum
1563 2241 1758 2288 advocat
1783 2240 1931 2299 Nero,
1953 2246 2094 2303 atque
2118 2242 2362 2290 meritum
2423 2242 2514 2289 ris-

304 2305 474 2355 tinum
497 2309 838 2363 commemorat,
861 2319 1017 2353 unum
1042 2306 1194 2368 imum
1216 2305 1534 2353 succurrisse
1569 2305 1835 2352 securitati
1861 2305 2081 2354 Caesaris
2105 2304 2353 2354 adversus
2395 2320 2514 2354 rau-

304 2370 424 2421 dem
446 2372 655 2419 matris:
692 2367 876 2419 offerre
902 2384 958 2419 se
983 2370 1305 2419 occasionem
1329 2383 1502 2432 operae
1524 2383 1624 2417 non
1650 2368 1883 2430 minoris,
1907 2370 1949 2417 si
1975 2370 2275 2420 demoveret
2299 2384 2512 2420 uxorem

304 2436 557 2498 invisam3
592 2450 688 2486 nec
713 2435 761 2484 vi
785 2439 876 2485 aut
898 2435 1049 2485 armis
1073 2434 1138 2484 sd
1160 2434 1212 2485 id
1238 2446 1411 2498 egere.
1463 2434 1759 2484 Solummodo
1781 2432 2119 2485 confiteretur
2142 2442 2376 2499 stuprum
2394 2449 2514 2485 cum

307 2500 536 2556 Octavia
571 2505 910 2566 perpetratum.
964 2500 1176 2550 Arcana
1219 2500 1427 2567 quidem
1469 2499 1939 2562 inpraesentiarum,
1980 2502 2071 2551 sed
2113 2502 2425 2564 amplissima
2461 2501 2512 2551 ei

304 2582 540 2633 munera,
569 2574 627 2618 et
663 2566 864 2633 praedia
905 2567 1170 2618 luculenta
1198 2566 1484 2631 pellicatum
1519 2565 1600 2614 vel
1623 2565 1663 2614 si
1700 2564 1852 2627 jussa
1889 2565 2254 2632 detrectasset,
2289 2574 2509 2617 mortem

1228 2709 1372 2731 ”001
1380 2710 1462 2730 000
1470 2711 1585 2733 ‘000

367 2812 394 2858 1
430 2806 519 2859 Sic
536 2807 695 2858 editio
719 2808 958 2872 princeps
982 2815 1037 2860 et
1059 2811 1394 2860 recentiores.
1463 2811 1804 2873 PuteolanuS,
1834 2810 1886 2859 in
1917 2808 2222 2858 servitia-2
2255 2806 2342 2858 Sic
2373 2805 2509 2856 bene

298 2874 614 2927 recentiores
631 2889 696 2922 ex
720 2875 1020 2937 conjectura
1046 2876 1226 2925 Lectii.
1293 2875 1357 2924 In
1384 2876 1509 2928 Mss,
1544 2884 1597 2926 et
1631 2876 1887 2926 veteribus
1913 2873 2245 2936 editionibus,
2276 2874 2508 2922 eluserat.-

305 2945 361 2989 et
382 2938 458 2988 sic
484 2939 773 2989 Gronovius
796 2946 852 2988 et
872 2940 1116 3003 Ryckius.
1148 2941 1299 3004 Saepe
1325 2942 1375 2990 in
1397 2940 1476 2991 his
1500 2949 1718 3004 peccant
1741 2940 1954 2991 librarii.
1990 2940 2202 2989 Brotier.
2237 2939 2332 2987 Ed.
2352 2952 2427 3000 pr.
2438 2942 2511 3014 ‘et

302 3005 908 3119 {remutatus}
931 3006 1884 3122 ΜΗ]
1905 3003 2512 3121 ξ”εῗεεεεῖεοῇἳ““ῗ,;

302 3133 432 3184 Mss.
460 3085 613 3185 Harl?
630 3136 781 3185 Bodl.
803 3106 913 3186 Jes'.
933 3105 1109 3187 Guesf.
1135 3145 1192 3186 et
1207 3087 1557 3200 &uteolauuffi
1577 3087 1905 3200 gravgomnup
1937 3136 2009 3186 At
2031 3109 2210 3185 Tacito
2232 3143 2286 3183 et
2307 3103 2508 3183 Latinis

303 3199 514 3249 auribus
534 3200 812 3263 indignum,
830 3202 1051 3262 graviore
1072 3203 1205 3251 odio:
1242 3205 1351 3266 quia
1367 3204 1642 3265 graviorum
1648 3203 1938 3264 sarcinarum.
1987 3201 2106 3251 Jam
2127 3201 2322 3249 dictum
2349 3212 2511 3260 supra

302 3263 494 3316 Annal.
519 3278 620 3316 xri.
646 3270 692 3314 8.
728 3267 743 3293 ‘
768 3265 843 3315 At
867 3265 1152 3331 Agrippina
1174 3282 1238 3315 ne
1263 3268 1406 3316 malis
1433 3275 1633 3317 tantum
1658 3267 1971 3317 facinoribus
2005 3262 2333 3314 notesceret!
2386 3263 2511 3310 Bro-

299 3329 411 3382 tier.
470 3330 729 3382 Gruterus
751 3332 1110 3396 suspicabatur
1132 3332 1470 3395 nnjotumsuc.
1497 3333 1622 3382 utin
1644 3333 1873 3382 Budens.
1908 3330 2220 3380 Oberlin.—-4
2253 3325 2511 3377 Promittit

1234 3439 1237 3442 ’
1289 3478 1505 3532 Nom:

362 3595 516 3648 Idem
539 3611 633 3661 per
655 3597 836 3649 eadem
870 3597 1212 3663 implacabilis
1250 3604 1365 3649 erat
1509 3605 1536 3639 (Ι
1570 3598 1720 3646 Elusa
1756 3595 1882 3658 erat]
1922 3594 2029 3645 Alii
2070 3595 2252 3658 legunt
2290 3594 2510 3660 eluserat,

293 3670 485 3723 ’Asinio
523 3673 675 3736 Gallo
714 3672 852 3724 Anu.
893 3675 927 3725 l.
966 3688 1006 3725 ι.
1045 3674 1200 3725 ‘Non
1246 3674 1364 3724 ideo
1446 3675 1594 3739 qnasi
1616 3674 1682 3723 ad
1708 3681 2005 3722 neutrorum
2028 3670 2261 3732 formam,
2282 3677 2337 3720 et
2362 3676 2507 3720 certe

297 3748 430 3800 iram
470 3750 580 3813 ejus
624 3749 826 3812 lenivit,
878 3752 1099 3814 primum
1154 3752 1365 3816 invisus,
1443 3751 1518 3801 sic
1541 3764 1680 3815 saepe
1713 3748 1930 3799 Tacitus
1964 3749 2015 3797 in
2049 3748 2161 3799 aliis
2187 3746 2358 3798 verbis
2380 3745 2510 3799 acti-

296 3831 547 3891 tanquam
571 3827 726 3875 ducta
750 3827 802 3875 in
836 3828 1212 3879 matrimonium
1237 3830 1363 3893 Vip·
1442 3828 1541 3879 vis.

297 3903 445 3953 sauia
464 3904 537 3953 M.
554 3903 800 3968 Agrippae
824 3904 945 3967 filia,
961 3921 1077 3971 quae
1105 3906 1361 3971 quondam
1507 3912 1526 3937 ¹
1560 3904 1821 3968 Misenum]
1855 3905 2022 3968 Supra
2044 3920 2091 3953 c.
2113 3908 2162 3953 3.

296 3980 491 4032 Tiberii
515 3995 642 4029 uxor
667 3979 875 4046 fuerat,
898 3983 1165 4046 plusquam
1188 3984 1361 4033 civilia
1505 3989 1524 4015 ⁸
1560 3984 1779 4046 Occulta]
1812 3985 1940 4035 Quae
1979 3982 2184 4046 quidem
2224 3981 2400 4030 sileret
2438 3979 2504 4029 ad

296 4056 556 4124 agitaret?
624 4061 754 4110 Quae
780 4073 878 4107 nec
902 4056 1139 4109 fefellere
1162 4076 1361 4125 praepo·
1440 4076 1684 4126 praesens,
1707 4060 2038 4124 nondumque
2057 4061 2253 4108 diceret
2276 4057 2504 4123 ipsi,sed

295 4140 474 4186 tentes
517 4136 721 4185 Claudii
769 4135 1013 4188 libertos:
1051 4138 1185 4187 Anu.
1225 4139 1358 4188 l.,11.
1439 4154 1615 4201 magna
1667 4144 1837 4187 tamen
1893 4137 2187 4200 promittit;
2254 4133 2504 4199 stetitque

295 4212 314 4241 ‘
335 4214 454 4265 Nec
475 4227 613 4262 emm
635 4214 891 4277 occultum
930 4214 1065 4278 quod
1107 4223 1225 4277 post
1255 4216 1358 4266 tale
1440 4217 1722 4281 promissis,
1740 4231 1834 4266 nec
1855 4217 2005 4278 inops
2028 4214 2240 4264 exilium
2260 4213 2507 4263 toleravit

296 4290 681 4343 matrimonium
703 4289 1033 4354 superesset!
1086 4291 1295 4343 Saliner.
1440 4293 1712 4357 parricidii
1734 4308 1870 4358 reus,
1893 4299 1947 4343 et
1968 4290 2103 4342 insui
2124 4291 2275 4342 culeo
2297 4289 2502 4355 dignus.

424 4374 601 4439 Delph.
617 4378 664 4425 ee
694 4373 808 4446 yar.
839 4375 970 4428 ctas.
1339 4377 1495 4430 Tacit.
2268 4381 2297 4426 ⁶
2320 4373 2372 4426 Y
