3063 4952
359 424 411 482 J.
436 422 648 492 (καθ’
1021 385 1431 464 auxanium
1481 411 1628 470 ms.
1675 409 1851 463 xm.
2383 396 2557 468 1497

359 565 642 641 adactus
670 561 814 632 est.¹
898 563 1080 631 Nero
1108 570 1354 642 autem,
1381 563 1773 631 metuentior
1814 559 1906 626 in:
1923 565 2287 650 posterum,
2315 560 2570 632 milites

354 672 488 740 sibi
540 677 613 735 et
659 670 1035 754 plerosque.
1072 667 1480 750 gladiatores
1488 668 1543 734 ¹4
1588 662 2044 744 circumdedit,
2093 665 2209 750 qui
2259 666 2562 736 rixarum

350 771 543 840 initia
599 772 868 837 modica
925 777 995 835 et
1051 771 1247 855 quasi
1301 771 1565 854 privata
1619 768 1937 834 sinerent:
1996 770 2056 834 si
2116 789 2160 835 a
2200 754 2386 834 laesis
2439 790 2563 838 va-

348 874 548 941 lidius
579 879 905 973 ageretur,
934 892 1116 938 arma
1155 872 1482 937 inferrent.
1488 878 1539 919 ¹⁵
1652 869 2004 939 Ludicram
2049 891 2315 957 quoque
2355 872 2563 940 licen·

350 977 515 1044 tiam
574 985 647 1042 et
707 977 998 1041 fautores
1061 975 1492 1041 histrionumm
1558 976 1739 1040 velut
1791 974 1862 1038 in
1917 974 2152 1058 praelia
2209 975 2560 1041 convertit*

348 1185 480 1236 Nero
502 1186 695 1236 cautior
712 1187 765 1237 in
789 1181 1029 1248 futurum,
1052 1187 1273 1249 adjunxit
1290 1184 1384 1235 sibi
1407 1185 1602 1264 milites,
1624 1184 1749 1235 etin
1770 1184 1849 1235 his
1869 1175 2124 1260 plerosque
2151 1185 2456 1248 gladiatores,
2476 1174 2561 1248 q'ui

341 1252 586 1327 principia
607 1253 886 1314 jurgiorum
908 1254 1029 1301 levia
1062 1261 1312 1312 sererent,
1338 1256 1385 1300 et
1421 1251 1566 1300 vestiti
1600 1253 1792 1314 privata
1821 1251 2182 1314 permitterent.-
2217 1257 2273 1300 at
2307 1251 2352 1300 si
2389 1249 2576 1315 offensi·
2595 1263 2599 1270 ⁴

343 1316 502 1366 acrius
524 1318 849 1382 insurgerent,
872 1318 921 1366 hi
946 1332 1080 1367 ama
1116 1288 1479 1382 interponerent.
1553 1318 1849 1366 Theatrulem
1876 1331 2051 1382 quoque
2085 1317 2345 1381 tamaium,
2374 1321 2422 1368 et
2448 1314 2564 1377 sac

1283 1430 1642 1453 ‘neem‘

340 1485 471 1544 Mss.
496 1495 642 1546 Bud.
666 1503 723 1545 et
745 1495 789 1546 Α
797 1512 872 1560 g.r
894 1497 1192 1560 adagnitum.
1256 1495 1412 1546 Unde
1448 1497 1607 1546 vellet
1629 1496 1941 1560 Gronovius,
1975 1497 2144 1547 deinde
2173 1501 2221 1545 et
2258 1496 2563 1566 uetitum.-

342 1564 402 1610 14
437 1561 533 1611 Sic
560 1563 815 1611 Ernestus
838 1577 866 1611 e
890 1563 994 1612 Ms.
1022 1564 1158 1612 Flor.
1185 1569 1240 1611 et
1263 1562 1493 1611 editione
1517 1562 1776 1626 principe.
1841 1564 1903 1612 In
1929 1563 2058 1612 Mss.
2081 1562 2234 1611 Bodl.
2251 1563 2361 1612 Jes.
2381 1561 2438 1610 'et
2460 1562 2565 1609 Pu-

340 1626 605 1687 teolanus,
641 1626 981 1690 gladiatorum,
1002 1636 1057 1676 et
1087 1629 1162 1676 sic
1188 1627 1478 1678 Gronovius
1502 1638 1558 1676 et
1582 1627 1831 1692 Ryckius.
1898 1627 2086 1677 Latine
2110 1636 2400 1690 utrumque.
2435 1627 2563 1677 Bro-

339 1690 449 1741 tier.
452 1696 592 1741 -15
628 1693 781 1741 Arma
813 1693 1078 1743 inserebant
1116 1693 1340 1743 Brotier.
1381 1708 1498 1742 cum
1538 1693 1797 1743 Homero.
1832 1701 1891 1742 et
1913 1694 1989 1742 ita
2026 1693 2129 1742 Ms.
2166 1693 2298 1755 Reg.
2318 1698 2375 1740 et
2396 1690 2564 1741 editio

338 1755 2562 1896 tiazez’s..¹1‚‘;?¹s⁸:.¹.³.:‘2;3:322225223521332'53322..53:52322235‘1'52‘3.

1350 1953 1565 2006 NOTAE

337 2030 617 2097 scripsisse
642 2032 889 2084 Tacitus:
925 2035 1110 2085 Deinde
1132 2039 1179 2085 et
1197 2034 1416 2098 agnitum

334 2114 582 2159 moeret.
648 2111 771 2160 Huc
794 2113 1027 2176 pertinet
1059 2112 1188 2161 illud
1228 2113 1305 2161 M.
1328 2111 1424 2163 Se·⁴

334 2198 517 2237 necae:
560 2188 577 2217 ‘
597 2186 743 2237 Nihil
758 2195 846 2237 est
868 2189 1143 2250 crudelius,
1165 2203 1313 2254 qnam
1340 2189 1425 2238 sic

332 2261 637 2327 offendere,
669 2272 728 2315 ut
746 2267 908 2331 magis
943 2267 1013 2316 sis
1042 2266 1347 2328 offensurus,
1371 2268 1417 2317 si

333 2339 707 2391 satisfeceris?
741 2343 954 2394 Gronov.

394 2415 421 2451 ¹⁵
456 2417 625 2475 Quasi
674 2419 1018 2485 exprobrasset,
1061 2421 1180 2471 mori
1225 2424 1420 2473 aductus

330 2494 425 2559 est]
496 2496 678 2547 Quam
703 2497 985 2561 sapientior
1016 2496 1119 2548 fuit
1150 2499 1239 2549 ille
1261 2499 1417 2550 Pisis-

329 2579 501 2623 tratus
537 2574 550 2622 !
612 2575 1038 2625 ‘comessatores
1098 2576 1303 2642 quidam
1362 2578 1418 2628 in

329 2647 616 2700 Pisistrati
636 2666 847 2702 uxorem
882 2651 1199 2716 inciderant,
1229 2655 1416 2706 multa-

331 2742 435 2791 que
475 2728 689 2778 lascive
724 2730 775 2778 in
816 2729 979 2794 illam,
1013 2736 1122 2781 tum
1163 2731 1417 2795 fecerant,

330 2810 443 2853 tum
466 2804 743 2855 dixerant.
810 2806 1031 2857 Postero
1054 2823 1176 2857 vero
1204 2809 1288 2859 die
1303 2809 1416 2874 jam

329 2878 570 2931 decocta
592 2883 915 2949 temulentia,
946 2884 1276 2937 mistrutum
1310 2888 1418 2937 adi-

330 2961 500 3007 eruut‘
527 2971 646 3005 cum
684 2958 925 3023 lucrymis
959 2970 1166 3013 orantes
1197 2965 1416 3015 veniam.

329 3036 462 3087 Tum
482 3037 828 3090 Pisistratus:
855 3042 962 3092 Vos
986 3043 1195 3108 quidem
1221 3046 1271 3094 in
1298 3060 1415 3110 pos·

330 3119 516 3164 terum
558 3114 683 3165 date
728 3132 937 3182 operam
989 3129 1051 3169 ut
1088 3121 1204 3171 sitis
1238 3123 1414 3174 sobrii.

331 3189 485 3240 Uxor
530 3207 654 3241 mea
690 3192 801 3243 beri
832 3209 1155 3261 nequaquam
1200 3212 1414 3263 usquam

332 3267 541 3328 prodiit
563 3283 633 3316 ex
657 3269 890 3321 aedibus!
924 3271 1254 3338 Apophtbeg.
1279 3276 1314 3325 l.
1337 3288 1391 3326 ν.

401 3344 767 3396 Humanitatis
812 3356 961 3409 erat,
1023 3349 1160 3415 qnod
1215 3351 1416 3416 ignovit

332 3420 792 3473 adolescentibus:
840 3424 1053 3489 pietatis
1091 3433 1148 3476 et
1191 3428 1416 3491 pruden-

329 3498 442 3557 tiae,
466 3499 614 3564 quod
636 3500 710 3549 sic
733 3502 905 3551 uxoris
928 3501 1108 3552 honori
1139 3505 1417 3568 consuluit,

330 3577 584 3641 negando
610 3578 717 3627 t'ale
739 3579 1013 3645 quicquam
1052 3581 1106 3629 in
1130 3581 1270 3631 illam
1304 3581 1413 3632 fac-

330 3658 447 3703 tum
467 3666 626 3702 esse.-

1482 2346 1688 2406 minum
1722 2361 1827 2396 non
1863 2347 2080 2396 venerit.

1493 2037 1697 2088 ‘Julius
1721 2037 2003 2087 Montanus
2040 2041 2248 2087 senator
2275 2043 2562 2087 commotus
2649 2032 2657 2041 '

1495 2115 1676 2164 uxoria
1698 2129 1871 2176 causa,
1892 2113 2035 2165 facto
2073 2115 2124 2163 in
2167 2115 2430 2164 Neronem
2468 2113 2574 2163 ini-³

1496 2200 1644 2257 petn,
1682 2193 1731 2241 ei
1768 2193 1954 2242 multas
1990 2193 2170 2257 plagas
2203 2189 2409 2241 inflixit.
2476 2190 2566 2242 Ita

1496 2275 1558 2318 ut
1578 2283 1674 2334 per
1696 2270 1886 2319 multos
1909 2268 2020 2318 dies
2043 2269 2094 2317 in
2118 2275 2452 2333 conspectum
2477 2267 2567 2318 ho-

2144 2345 2275 2398 Quae
2309 2360 2391 2395 res
2412 2345 2580 2396 Mon-‘

1495 2430 1620 2474 tano
1640 2423 2103 2475 nullum‘damnum
2123 2412 2316 2474 intulit.
2383 2423 2454 2472 Et
2477 2421 2566 2473 cui

1494 2502 1661 2565 Nero,
1679 2514 1747 2550 ne
1769 2501 1929 2551 iratus
1969 2500 2176 2566 quidem
2210 2498 2416 2548 omnino
2440 2495 2576 2548 suis*

1493 2584 1595 2642 set,
1615 2579 1700 2643 qui
1724 2578 1917 2643 alioqui
1934 2577 2154 2628 fortuito
2172 2591 2294 2625 casu
2309 2589 2365 2624 se
2382 2574 2574 2624 loesnm³

1496 2655 1737 2721 putabat,
1768 2656 1867 2706 nisi
1901 2655 2015 2720 ipse
2037 2669 2133 2718 per
2152 2654 2328 2704 literas
2358 2653 2576 2702 veniam

1497 2732 1784 2796 petivisset.
1820 2731 2020 2784 Quibus
2044 2730 2198 2781 lectis
2213 2729 2396 2790 literis,
2417 2729 2575 2780 Nero'

1496 2809 1572 2858 ita
1589 2807 1776 2858 effatus
1793 2815 1902 2868 est:
1937 2807 2104 2856 οὐκοῦν
2126 2808 2217 2866 ἤδη
2237 2804 2428 2871 Νέρωνα
2446 2803 2571 2855 rus-d

1495 2904 1595 2936 των
1606 2884 1774 2936 {ambr
1788 2886 2122 2950 κατεχρήσατο
2136 2902 2151 2948 ;
2168 2888 2184 2916 ⁸
2198 2887 2422 2937 nondum
2437 2885 2576 2951 ergo*

1497 2979 1555 3013 se
1568 2963 1677 3029 jam
1702 2962 1985 3028 interfecit,
2022 2963 2112 3029 qui
2152 2964 2414 3014 Neronem
2445 2975 2568 3027 per·

1495 3040 1705 3091 cussit?
1797 3062 1800 3065 >
1845 3032 1859 3068 ¹

1559 3125 1595 3153 ¹·
1631 3119 1861 3169 Fautores
1879 3119 2184 3183 histrionum]
2249 3116 2566 3184 Lego,sato-

1493 3211 1584 3246 res.
1616 3196 1899 3246 Acidalius.
1965 3197 2130 3245 Immo
2170 3197 2437 3260 eleganter
2466 3197 2580 3245 'ra-2

1495 3274 1629 3324 citus
1651 3274 1798 3324 idein‘
1815 3273 1914 3323 hoc
1935 3275 2151 3323 verbum
2184 3272 2385 3322 duabus
2407 3270 2575 3340 rebus²¹

1493 3350 1704 3400 diversa
1724 3350 2097 3415 significatione
2122 3349 2378 3400 attribuit.
2442 3352 2562 3402 Quo

1491 3427 1563 3476 in·
1597 3442 1785 3491 genere
1829 3426 2275 3491 frequentissimus
2319 3424 2565 3490 Ovidius,

1493 3518 1665 3569 neque
1717 3503 2017 3568 infrequens
2061 3506 2257 3554 noster.
2344 3503 2566 3554 Licentia

1492 3581 1674 3631 ludicra
1709 3580 1763 3631 in
1797 3583 1968 3646 proelia
2004 3582 2216 3631 converti
2253 3586 2398 3631 recte
2438 3580 2574 3647 dici?

1492 3663 1607 3707 tur:
1644 3659 1799 3722 paulo
1824 3657 2088 3722 audacius,
2108 3674 2206 3709 nec
2228 3659 2392 3708 minus
2415 3666 2576 3708 rectu·

396 3730 612 3780 Seneca
652 3732 706 3780 in
741 3732 865 3797 Sap.
903 3747 1008 3784 non
1048 3735 1237 3785 cadere
1278 3734 1415 3799 injn·
1480 3734 1704 3796 fautores
1733 3736 2045 3785 histrionum:
2076 3745 2134 3785 ut
2168 3751 2328 3785 versus
2358 3732 2570 3796 issara-³

329 3803 492 3867 riam,
532 3821 581 3855 c.
623 3812 704 3858 14.
734 3809 986 3874 ‘Sapiens
1026 3812 1259 3877 colaphis
1295 3827 1417 3877 per-

330 3897 541 3948 cussus,
566 3884 692 3949 quid
715 3884 910 3936 faciet?
945 3889 1082 3952 qnod
1118 3891 1269 3952 Cato,
1297 3904 1414 3939 cum

330 3959 412 4009 illi
455 3976 518 4011 os
559 3975 862 4026 percussum
886 3974 1050 4014 osset:
1087 3979 1190 4014 non
1229 3978 1415 4016 excan-

331 4035 603 4099 auin-non
639 4038 925 4090 vindicavit
960 4040 1218 4106 injuriam,
1240 4055 1308 4091 ne
1334 4056 1416 4092 re·

333 4114 488 4164 misit
512 4115 769 4180 quidem:
817 4118 910 4167 sed
951 4116 1145 4168 factam
1185 4121 1415 4184 negavit,

278 4210 287 4217 ·
336 4190 539 4254 majore
563 4192 735 4242 animo
768 4192 870 4243 non
904 4195 1137 4260 agnovit,
1162 4211 1315 4285 quam
1338 4198 1414 4263 ig·

333 4266 610 4317 novisset.

355 4339 424 4408 3
454 4343 921 4413 Mori-ductuum]
983 4347 1071 4398 Sic
1106 4348 1272 4401 mol.
1297 4361 1413 4403 ιιι.

1492 3826 1613 3873 rem,
1632 3826 1791 3861 vernes
1823 3814 1875 3861 in
1907 3813 2253 3875 poenitentiam,
2289 3812 2342 3862 in
2377 3812 2576 3862 miseri-r

1493 3888 2345 3951 cordiamnausragiversi,.1ustino;
2366 3896 2565 3953 nostro,

1493 3966 1850 4015 diuturnitate
1831 3981 1883 4014 m
1903 3927 2170 4030 superbiam
2186 3971 2392 4016 mutans.

1559 4043 1881 4106 Quinetiam,
1917 4043 2008 4110 (de
2030 4043 2233 4103 eodem,
2265 4042 2367 4091 alio
2388 4042 2570 4107 modo,

1494 4125 1557 4169 nt
1601 4120 1653 4169 in
1695 4119 1930 4170 formulis
1968 4119 2111 4186 erat)
2146 4120 2314 4171 verbis
2344 4120 2397 4170 in
2429 4120 2571 4185 istis‚·

1493 4197 1734 4246 &centiam
1770 4198 2016 4261 ludicram,
2048 4203 2096 4248 et
2120 4197 2340 4258 fautores
2369 4198 2574 4247 histrio-'⁸

1490 4284 1607 4324 aum
1636 4283 1815 4339 potest
1846 4275 2069 4340 intelligi
2102 4274 2282 4341 figura,
2319 4291 2473 4341 quam
2509 4275 2562 4326 ἓν

1492 4350 1571 4401 διὸ,
1591 4353 1731 4401 δυοῖν
1727 4348 1827 4402 -voc
1835 4358 1959 4403 ant.-
2565 4354 2576 4370 ¹
