3063 4952
475 379 651 453 lom
1174 396 1267 446 sc.
1301 394 1685 446 conanus
1713 397 1986 449 'rAcrrr-
2372 405 2560 471 [mv.
2582 387 2698 458 sis.

475 561 677 629 super
716 541 1129 627 octingentos
1152 544 1220 606 et
1246 541 1707 626 quadraginta¹
1738 552 1892 610 ante
1920 551 2157 610 annos⁰
2201 543 2408 613 Remi
2442 544 2703 615 Romu-

472 647 657 732 lique
677 646 1051 713 infantiamv
1068 649 1352 723 texerat,
1375 646 1655 712 mortuis
1678 645 2041 713 ramalibus
2071 651 2138 714 et
2160 653 2498 715 arescente
2521 654 2701 716 trun-

476 757 588 819 coq
616 746 1051 828 deminutam,
1075 743 1366 833 prodigii
1393 747 1548 814 loco
1573 748 1916 817 habitum²
1945 755 2096 829 est:
2129 749 2339 818 donec
2384 753 2456 819 in
2479 772 2698 821 novos

473 851 700 920 foetus⁸
724 853 1198 921 reviresceret.³
1667 859 1671 861 ‘

474 1019 530 1070 in
549 1020 757 1086 comitio,
777 1037 881 1085 quoe
901 1019 1070 1071 abhinc
1087 1020 1385 1083 octingentos
1403 1024 1452 1071 et
1475 1020 1793 1087 quadraginta
1812 1028 1978 1083 annos,
1997 1021 2072 1072 vel
2090 1020 2308 1087 amplius,
2323 1021 2542 1072 umbram
2570 1035 2702 1086 pra·

476 1085 643 1136 beer-at
657 1087 882 1151 pueritia·
898 1087 1041 1138 Remis·
1062 1086 1359 1151 Romulique,
1379 1087 1528 1138 ranis
1544 1085 1788 1153 arefactis,
1809 1091 1859 1139 et
1877 1092 2190 1139 marcescente
2221 1088 2388 1154 stipite
2406 1087 2703 1152 elanguisse,

474 1151 619 1203 donec
639 1153 691 1203 in
706 1167 851 1207 novos
869 1153 1080 1203 sun-uos
1097 1153 1431 1218 refloresceret.

1404 1278 1765 1301 OOO‘O‘OOOOOO

493 1385 572 1432 --1
606 1380 672 1432 ιιι
691 1381 821 1433 Mu.
841 1380 1013 1432 vnio.
1040 1386 1167 1433 isos
1190 1386 1248 1433 et
1268 1387 1413 1434 1864.
1437 1383 1598 1434 corb.
1620 1389 1679 1435 et
1701 1382 1936 1436 editione
1954 1383 2209 1450 principe,
2229 1399 2335 1449 9·ae
2370 1383 2704 1460 chethma*

469 1452 523 1498 et
541 1451 626 1498 40.
690 1447 756 1499 In
778 1447 879 1499 Ms.
899 1448 1071 1499 Vatic.
1095 1453 1241 1500 1958.
1263 1449 1556 1512 octingentos
1579 1455 1629 1500 et
1649 1451 1984 1516 quadraginta.
2025 1452 2347 1502 Puteolanus
2369 1449 2567 1514 primus
2588 1447 2701 1497 edi·-

475 1512 574 1573 dit,
610 1527 715 1577 que
745 1528 886 1577 uper
917 1514 1209 1577 octingentos
1246 1520 1296 1565 et

474 1577 723 1644 Byckius.
789 1577 957 1629 Abest
980 1594 1184 1645 quoque
1224 1595 1256 1631 a
1352 1597 1421 1632 ss.
1444 1521 1665 1633 ssffgt
1685 1516 2704 1646 ΑἶῖμνΒι-νῖᾶιίἳνῃᾶῃέεξξὲῗᾞῗιῖνοᾌῗὲ

473 1647 694 1696 ποι-2
727 1643 965 1695 Habitum
993 1651 1065 1695 est
1097 1646 1284 1695 absunt
1306 1660 1339 1695 a
1362 1649 1463 1697 Ms.
1487 1646 1768 1699 Guelf.—-3
1801 1646 1891 1698 Sic
1913 1648 2148 1699 Pichena
2168 1663 2198 1698 e
2221 1649 2324 1698 Ms.
2346 1646 2490 1701 Flor.
2532 1644 2608 1694 sic
2644 1650 2708 1695 et

474 1707 581 1761 Ms.
600 1707 777 1760 Guelf.
841 1710 908 1760 In
931 1711 1060 1760 Mss.
1084 1711 1237 1765 Harl.
1260 1711 1414 1763 Bodl.
1436 1713 1549 1766 Jes.
1571 1719 1631 1764 et
1652 1713 1971 1765 editionibus
1993 1712 2285 1778 veteribus,
2301 1711 2624 1770 revivisceret.

1065 1936 1075 1944 ,
1509 1883 1726 1938 NOTAE

477 1996 612 2055 tant,
651 1991 791 2058 quod
834 1994 932 2045 sub
975 2005 1038 2045 ea
1076 2009 1236 2060 pecus
1278 1996 1553 2049 Ruminari
1698 1998 1890 2051 Facilis
1922 1998 2127 2065 putatio
2149 2012 2215 2051 ex
2245 1994 2518 2061 Dionysio,
2540 1992 2712 2057 Livio,

477 2071 692 2122 solitum
715 2069 891 2121 esset.’
958 2072 1041 2122 Sic
1064 2073 1192 2137 legit
1213 2073 1464 2138 Scaliger.

1632 2082 1690 2126 et
1724 2077 1859 2128 aliis.
1924 2077 2013 2127 Ita
2043 2090 2171 2140 ergo
2208 2074 2293 2125 hic
2323 2071 2616 2136 emendem,
2651 2075 2711 2121 et

541 2145 873 2214 Ruminalem]
907 2148 1044 2200 Plin.
1064 2162 1179 2201 mv.
1204 2154 1287 2200 28.
1309 2151 1324 2178 ‘
1347 2151 1554 2201 Colitur
1632 2153 1926 2217 octingentos
1980 2157 2029 2202 et
2079 2151 2288 2215 triginta
2331 2148 2589 2208 scribam3
2640 2158 2710 2195 ne

418 2259 445 2269 κ
474 2222 604 2276 ficus
627 2225 782 2276 arbor
815 2228 867 2276 in
904 2225 1019 2279 foro
1054 2227 1168 2293 ipso
1199 2245 1262 2280 ac
1302 2229 1548 2281 comitioz

474 2300 660 2353 Romae
682 2309 827 2367 nata,
845 2319 995 2354 sacra
1017 2303 1306 2371 fulguribus
1329 2306 1404 2356 ibi
1428 2321 1550 2358 con·

473 2376 620 2442 ditis,
656 2379 926 2447 magisque
965 2382 1031 2432 ob
1078 2383 1376 2434 memoriam
1417 2385 1550 2450 ejus,

473 2471 590 2523 quae
614 2458 793 2509 nutrix
814 2457 917 2510 fuit
939 2459 1147 2511 Romuli
1171 2467 1228 2512 et
1252 2460 1404 2512 Remi
1427 2476 1551 2519 con·

473 2534 662 2587 ditoris
704 2538 998 2602 appellata3
1051 2539 1295 2603 quoniam
1343 2539 1442 2590 sub
1485 2554 1551 2590 ea

471 2610 684 2662 inventa
711 2618 793 2663 est
824 2614 950 2678 lupa
985 2613 1268 2666 infantibus
1302 2616 1549 2681 praebens

471 2691 713 2755 Rumam,
734 2692 813 2758 (id
835 2699 935 2756 est,
958 2693 1274 2760 mammam,)
1295 2696 1547 2747 miraculo

473 2783 541 2819 ex
565 2782 667 2819 aere
679 2768 837 2832 juxta
859 2769 1069 2821 dicato?

532 2852 565 2882 ⁷¹¹
595 2846 658 2896 In
690 2846 901 2911 comitio]
952 2848 1070 2901 Quo
1100 2850 1218 2900 loco
1245 2858 1547 2904 convocatae

473 2920 642 2975 tribus
700 2923 885 2988 populi
942 2926 1157 2976 Romani
1211 2929 1549 2994 magistratus

475 2996 761 3062 eligebant.
800 3017 805 3022 ·
844 2999 1094 3067 Prodigia
1151 3018 1220 3054 ex
1276 3005 1551 3058 arboribus

474 3075 641 3136 multa
657 3075 713 3132 in
735 3076 981 3129 historiis.

541 3152 678 3203 Tum
700 3161 960 3206 ostentum
980 3157 1034 3208 in
1056 3173 1122 3209 eo
1144 3158 1266 3223 fuit,
1289 3161 1428 3226 quod
1457 3160 1551 3214 diu

474 3229 729 3296 viguisset
767 3234 923 3293 arbor
962 3237 1074 3287 loco
1115 3238 1356 3302 publico;
1405 3239 1547 3306 quod

472 3307 563 3359 illa
597 3309 814 3360 texisset
846 3326 1034 3375 pueros
1074 3314 1280 3378 imperii
1314 3316 1549 3370 condito-

472 3400 574 3451 tes,
594 3392 651 3437 et
684 3388 848 3438 veluti
870 3388 1226 3453 defendissem
1263 3393 1402 3458 quod
1426 3409 1545 3446 cum

474 3480 537 3519 ea
558 3465 810 3531 incepisse
850 3483 934 3519 res
973 3472 1223 3535 Romana,
1259 3473 1547 3526 adolevisse

474 3547 531 3592 et
566 3544 729 3593 etiam
766 3542 997 3596 floruisse
1037 3548 1341 3612 videretur;
1377 3552 1452 3601 sic
1491 3558 1549 3603 et

475 3633 542 3671 ea
563 3626 854 3683 arescente,
878 3622 1025 3672 simul
1061 3631 1118 3674 et
1149 3640 1464 3678 marcessere
1485 3643 1549 3680 ac

474 3698 724 3761 languere
781 3699 858 3749 vis
925 3701 1162 3752 Romana
1225 3704 1544 3767 putabatur:

474 3772 597 3830 hinc
617 3776 938 3840 superstitio,
957 3777 1075 3828 hinc
1102 3780 1398 3843 prodigium.

540 3857 565 3884 ⁰
600 3851 724 3909 Quoe
758 3867 900 3917 super
937 3855 1233 3916 octingentos
1263 3863 1312 3908 et
1344 3860 1549 3921 quadra-

471 3930 614 3991 ginta
652 3935 763 3981 ante
797 3931 966 3994 anuos]
1017 3932 1218 3984 Damno
1257 3948 1546 3986 numerum.

477 4005 617 4060 Nam
660 4007 744 4056 hic
782 4022 942 4057 annus
981 4009 1123 4059 urbis
1163 4009 1391 4072 conditae
1430 4017 1548 4064 811.

479 4082 727 4136 Romulus
750 4093 923 4136 autem
948 4088 1242 4153 Remusque
1256 4090 1548 4141 octodecim

476 4157 734 4214 duntaxat
749 4178 912 4214 annos
931 4164 1057 4226 nati,
1081 4179 1198 4216 cum
1221 4164 1363 4217 facta
1382 4169 1550 4220 Roma

478 4241 577 4286 est.
641 4238 763 4290 Non
783 4252 911 4302 ergo
932 4239 1109 4303 plures
1131 4240 1196 4292 ab
1217 4240 1440 4295 infantia
1462 4260 1550 4297 eo-

478 4325 592 4368 rum
614 4313 681 4367 sd
697 4314 836 4367 hunc
858 4314 998 4373 diem
1019 4316 1167 4370 annis
1189 4318 1424 4386 triginta.

1629 2231 1845 2282 Tacitus
1867 2228 2146 2281 manifesta
2169 2228 2317 2280 sitin
2350 2226 2525 2291 culpa.
2590 2223 2713 2291 Lip-

1627 2322 1745 2359 stus.

1691 2391 1718 2426 Ρ
1751 2382 2043 2449 Infantiam]
2077 2385 2286 2450 Nempe
2324 2395 2442 2432 cum
2464 2379 2709 2435 hocloco

1625 2476 1875 2514 mammas
1911 2461 2035 2526 ipsis
2072 2460 2304 2513 admovit
2334 2459 2479 2523 lupa,
2511 2457 2624 2508 sive
2648 2469 2706 2506 re

1625 2540 1744 2604 ipsa
1764 2539 1957 2603 bellua,
1975 2539 2084 2590 sive
2105 2538 2319 2590 foemina
2338 2537 2415 2588 sic
2437 2547 2710 2600 nuncupa-

1631 2626 1704 2683 ta,
1724 2616 1904 2668 fuerit.

1693 2701 1720 2737 ‘1
1767 2693 2026 2744 Arest-ente
2065 2690 2255 2755 trunco]
2319 2688 2472 2741 Anno
2525 2688 2708 2738 Romae

1630 2776 1747 2823 811.
1770 2770 1965 2821 Christi
1986 2771 2099 2821 68.:
2136 2776 2199 2819 ut
2221 2781 2382 2832 supra
2401 2780 2449 2818 c.
2469 2768 2556 2816 41.
2610 2762 2714 2814 Til-

1693 2932 1715 2959 ‘
1745 2924 1975 2989 Prodigii
2015 2925 2112 2974 loco
2149 2922 2367 2973 habitum
2406 2920 2500 2984 est]
2547 2919 2711 2982 Puto,

1632 3002 1761 3070 quia
1796 3004 1911 3053 haec
1950 2999 2448 3052 arbor-fundatoris
2491 2996 2710 3048 Romani

1629 3078 1905 3131 infantiam
1952 3083 2177 3142 texerat,
2215 3083 2273 3127 et
2317 3082 2401 3128 tot
2440 3089 2603 3124 annos
2642 3069 2711 3124 ab

1631 3157 1760 3208 urbe
1799 3155 2012 3207 condita
2049 3154 2322 3219 viguerat;
2357 3149 2556 3202 ostenti
2593 3151 2714 3200 loco

1626 3235 1860 3286 habitum
1895 3234 2001 3298 est,
2043 3233 2178 3282 hanc
2217 3230 2530 3295 elanguisse,
2563 3227 2714 3294 quasi

1629 3312 1778 3378 vigor
1800 3311 1965 3376 ipsius
1988 3309 2329 3361 stabilitatem
2366 3308 2526 3358 etiam
2545 3306 2713 3370 impe·

1629 3390 1694 3440 rii
1728 3389 2046 3453 ostenderet,
2078 3393 2135 3437 et
2164 3385 2346 3453 quasi,
2368 3386 2506 3436 sicut
2539 3381 2714 3434 infan-

1629 3468 1719 3520 tiae
1745 3468 1902 3533 Reip.
1919 3465 2162 3531 affuerat,
2178 3466 2256 3515 ita
2276 3471 2331 3515 et
2356 3463 2581 3515 cadente
2605 3462 2715 3525 illa,
2756 3460 2771 3471 ⁶

1629 3544 1802 3611 aliqua
1839 3542 2015 3595 clades
2049 3542 2257 3608 imperii
2290 3539 2537 3608 portendi
2571 3538 2715 3590 vide·

1629 3628 1793 3674 retur.

1694 3698 1849 3753 Quod
1872 3697 2034 3749 nobili
2057 3697 2280 3760 contigit
2303 3698 2474 3756 lauro,
2505 3708 2610 3760 qua
2630 3705 2713 3742 re-

1632 3776 1804 3828 dimiri
1857 3774 2099 3826 solebant
2152 3776 2385 3825 victores
2440 3772 2714 3830 Caesarem

1630 3845 1903 3904 arescente
1938 3852 2136 3919 quippe
2176 3853 2323 3902 lauro
2358 3857 2415 3902 et
2454 3849 2714 3911 extincta,

1629 3930 1825 3981 familia
1862 3932 2127 3982 Caesarum
2161 3929 2402 3995 stirpitus
2437 3927 2601 3978 etiam
2635 3926 2712 3976 in·

1629 4010 1809 4071 teriit;
1842 4009 1897 4060 in
1922 4009 2135 4059 Nerone
2161 4020 2366 4071 nempe.

1692 4085 1913 4135 Sueton.
1942 4083 2100 4134 Galb.
2126 4089 2173 4133 1.
2205 4083 2220 4111 ‘
2242 4084 2386 4147 Ergo
2426 4078 2709 4131 novissimo

1629 4161 1855 4212 Neronis
1879 4174 2036 4224 anno,
2058 4169 2115 4212 et
2137 4161 2283 4226 sylva
2307 4159 2476 4212 omnis
2497 4157 2709 4215 exaruit

1626 4239 1896 4302 radicitus,
1919 4237 2247 4306 et,quicquid
2270 4237 2346 4291 ibi
2376 4236 2702 4297 Gallinarum

1628 4321 1763 4382 erat,
1783 4314 2021 4369 interiit?
