3063 4952
467 460 470 463 >
517 411 695 486 1914

1233 424 1299 473 ὓ·
1344 419 1706 471 connum
1754 417 2011 469 'rAct‘rt

2400 421 2591 491 [Αιι
2605 423 2735 475 su.

542 525 717 688 32
759 569 1019 637 Eodem
1061 587 1240 634 anno
1270 566 1507 633 Caesar
1550 563 1855 631 nationes
1901 560 2177 713 Alpium
2216 564 2721 631 maritimarmn·

589 766 770 816 Eodem
791 770 996 829 tempore
1017 763 1148 814 Nero
1168 762 1400 812 admisit
1383 778 1432 813 ιιι
1446 763 1534 826 jus
1564 760 1701 812 Latii
1718 765 1884 825 gentes
1911 716 2109 823 Alpium
2137 757 2504 808 maritimarum.
2569 707 2725 806 Ludis

1523 934 1738 986 NOTAE

527 1071 584 1117 et
614 1065 680 1116 de
703 1067 947 1117 Romanis
981 1065 1122 1130 ipsis,
1153 1066 1242 1131 qui
1276 1065 1328 1115 in
1367 1064 1588 1116 Oriente

526 1143 945 1208 praepolluerunt.
1015 1142 1128 1192 Nec
1154 1157 1375 1208 unquam
1399 1140 1590 1192 Oriens

528 1219 825 1284 praepolluit
851 1220 903 1268 in
928 1218 1289 1268 Occidentem.

592 1304 629 1331 ¹¹⁸
665 1296 855 1359 Nostri]
895 1296 985 1345 Sui
1018 1296 1180 1360 ipsius
1205 1297 1348 1347 velut
1384 1294 1592 1345 oblivis-

529 1372 668 1423 citur
687 1373 917 1434 Tacitus,
957 1379 1014 1422 et
1036 1371 1226 1422 fastum
1260 1375 1426 1423 altero
1449 1371 1591 1422 fastu

527 1449 713 1519 calcat.
748 1451 883 1500 Nam
907 1456 963 1499 et
983 1450 1092 1499 haec
1114 1450 1279 1499 inania
1300 1464 1402 1499 non
1426 1456 1591 1499 trans-

526 1526 717 1578 misere
773 1526 1013 1588 Romani,
1053 1532 1111 1576 ut
1155 1526 1272 1576 Rex
1313 1525 1592 1578 Arsacides

529 1605 752 1668 supplex
778 1603 978 1653 veniret
1005 1604 1055 1652 in
1078 1609 1271 1664 castra,
1303 1610 1357 1650 et
1380 1602 1443 1651 ad
1467 1602 1591 1653 ima-

529 1683 701 1746 ginem
758 1683 981 1733 Neronis
1027 1682 1414 1747 procumberet,
1471 1683 1593 1733 dein

528 1757 668 1809 idem
695 1758 871 1808 Romae
897 1758 964 1808 ad
1001 1758 1160 1821 ipsius
1186 1759 1409 1809 Caesaris
1433 1758 1593 1823 pedes

531 1835 945 1899 provolveretur.

599 1909 757 1957 Certe
786 1909 898 1958 haec
929 1908 1190 1973 utrimque
1229 1909 1403 1960 inania
1434 1925 1501 1960 ex
1526 1927 1596 1961 ae-

534 1998 657 2048 quo,
676 1990 733 2033 et
757 1991 931 2034 tamen
969 1986 1123 2049 longe
1146 1986 1311 2050 major
1335 1987 1386 2036 in
1411 1989 1599 2039 Roma·

533 2062 614 2125 nis
645 2061 911 2125 superbia.
980 2062 1139 2114 Quasi
1175 2078 1301 2113 vero
1334 2064 1597 2115 Tiridates

534 2138 790 2189 exhibitus
834 2140 1058 2189 ostentui
1102 2141 1171 2191 sit
1216 2139 1407 2208 populo
1446 2143 1596 2194 Rom.

535 2216 836 2282 etprincipi
860 2216 971 2266 sine
995 2217 1133 2267 fastu
1159 2224 1214 2268 et
1230 2215 1411 2282 grandi
1445 2233 1602 2267 vana-

538 2308 661 2357 que,
693 2294 916 2358 imagine
965 2295 1184 2347 decoris.
1275 2295 1435 2346 Quasi
1475 2309 1602 2345 vero

536 2375 740 2439 ceteros
785 2386 1025 2435 proceres
1065 2374 1211 2421 Rom.
1252 2387 1347 2421 rex
1389 2372 1605 2437 adierit,

536 2462 638 2500 non
661 2448 935 2500 observata
957 2457 1102 2501 certa
1123 2451 1374 2502 honorum
1398 2465 1607 2517 pompa,

538 2531 597 2573 ut
621 2539 874 2590 quemque
895 2527 1143 2589 nobilium
1168 2527 1370 2590 decuit,
1393 2528 1478 2577 vel
1511 2542 1607 2592 pro

538 2600 866 2665 claritudine,
890 2603 970 2652 vel
994 2617 1090 2667 pro
1108 2605 1429 2668 magistratu,
1454 2619 1608 2669 quem

538 2677 898 2744 obtinuerant3
919 2679 1212 2745 ceterisque
1230 2680 1470 2742 servatis,
1490 2695 1609 2744 quae

540 2760 705 2817 certe,
742 2756 868 2805 licet
901 2770 958 2805 re
994 2757 1187 2820 inania,
1220 2764 1392 2805 tamen
1417 2757 1610 2806 acriter

542 2828 912 2895 efflagitantur,
934 2840 990 2882 et
1011 2834 1144 2883 serio
1166 2834 1461 2897 exiguntur.

606 2907 681 2957 At
702 2908 815 2958 haec
852 2909 1057 2959 ferebat
1088 2926 1180 2975 pro
1220 2926 1380 2974 regno
1418 2911 1613 2961 Tirida·

542 2992 643 3046 teS,
689 2985 911 3035 Romani
957 3002 1051 3051 pro
1096 2987 1334 3052 imperio,
1379 3004 1470 3038 seu
1508 3005 1611 3054 pro

536 3060 661 3128 jure
719 3060 923 3125 imperii
978 3063 1249 3114 retinendo
1304 3066 1608 3129 exigebant.

546 3138 737 3189 Omnia
763 3154 867 3203 pro
908 3155 1071 3228 regno
1118 3141 1277 3191 licere
1323 3150 1378 3192 et
1417 3143 1610 3194 decere

543 3214 820 3284 videntur.
853 3217 1067 3267 ‘omnia
1090 3205 1347 3269 serviliter
1388 3235 1483 3283 pro
1523 3220 1611 3270 do-

545 3291 866 3354 minatione,’
900 3294 1068 3359 inquit
1101 3295 1311 3346 Tacitus
1346 3296 1484 3347 infra
1522 3297 1611 3349 lib.

546 3359 687 3418 Hist.
711 3370 775 3418 de
799 3370 1027 3422 Othone.

612 3445 811 3509 ’Apud
831 3463 942 3511 quos
964 3450 1036 3498 vis
1055 3450 1246 3514 imperii
1266 3452 1408 3513 valet,
1445 3451 1613 3502 inania

546 3525 962 3588 transmittuntur]
992 3527 1082 3576 Sic
1110 3527 1310 3590 potius
1332 3528 1401 3577 sit
1440 3529 1614 3592 legen-

550 3598 703 3650 dum·
691 3636 703 3648 .
739 3601 848 3650 scil.
872 3602 945 3649 vis
966 3617 1060 3666 pro
1069 3619 1172 3663 με.
1246 3604 1332 3652 Vis
1353 3604 1489 3653 enim
1510 3619 1615 3653 ma·

547 3674 628 3738 gis
646 3675 852 3739 proprie
873 3678 1154 3741 opponitur
1178 3678 1242 3728 ad
1266 3679 1447 3743 inania,
1463 3695 1615 3745 quam

579 3819 587 3889 ’,
618 3829 782 3881 Quasi
803 3829 974 3880 dicat:
1010 3832 1094 3881 Illi
1134 3833 1306 3882 inania
1341 3834 1614 3884 sectaban-

552 3914 658 3967 tur,
678 3923 771 3957 nos
796 3923 968 3957 rerum
987 3909 1292 3960 substautiae
1312 3912 1615 3963 insistimus.

555 3985 671 4037 Lib.
694 3998 758 4035 ιι.
799 3986 814 4013 ‘
840 3986 1132 4036 Favorabili
1169 3987 1222 4036 in
1244 3990 1472 4051 speciem
1505 4005 1619 4039 ora-

553 4059 712 4123 tione,
735 4061 837 4110 vim
859 4062 1062 4124 imperii
1090 4064 1294 4115 tenuit.’

620 4138 692 4186 Et
712 4139 747 4186 l.
771 4151 858 4188 ιιι.
897 4141 912 4165 ‘
931 4139 1040 4189 Sed
1075 4141 1320 4192 Tiberius
1357 4143 1454 4192 vim
1481 4146 1620 4208 prin-

559 4212 762 4274 cipatus
787 4213 883 4262 sibi
921 4213 1144 4280 firmans,
1181 4218 1454 4283 imaginem
1488 4223 1621 4272 anti-

560 4288 770 4362 quitatis
791 4291 993 4341 senatui
1016 4294 1317 4356 praebebat!
1373 4297 1500 4364 Lib.
1526 4311 1619 4350 xv.

1667 1064 1684 1093 ‘
1708 1061 1794 1112 Ad
1836 1060 1940 1111 vim
1995 1058 2363 1111 dominationis
2411 1056 2735 1111 conversns.’

1670 1141 1900 1190 Pickena.
2730 1192 2733 1195 ,

1735 1215 1931 1280 luania]
1976 1216 2148 1266 Ιιιαιιίιι
2187 1212 2296 1265 fere
2343 1214 2476 1277 baec,
2521 1229 2593 1279 an
2636 1212 2736 1277 gls-

1672 1294 1812 1346 dium
1835 1301 2072 1359 poneret,
2110 1309 2175 1344 an
2213 1293 2406 1344 foribus
2445 1293 2737 1356 legatorum

1668 1373 1972 1434 assisteret3
2024 1370 2111 1420 sed
2153 1372 2226 1419 vis
2263 1368 2457 1433 imperii
2500 1366 2739 1417 retineba-

1670 1453 1752 1498 tur
1772 1448 1994 1513 principi
2034 1448 2288 1509 Romano,
2321 1460 2439 1495 cum
2463 1444 2739 1509 possessio·
2801 1454 2806 1462 ’

1670 1539 1789 1574 nem
1810 1523 2069 1575 Armeniae
2089 1522 2438 1583 continuaret,
2454 1535 2577 1570 cum
2593 1519 2740 1569 daret

1672 1602 1787 1667 ipse
1809 1615 2023 1665 regnum
2045 1599 2271 1665 supplici
2300 1606 2356 1647 et
2380 1596 2623 1647 adoranti
2644 1595 2740 1646 Ar·

1671 1678 1878 1728 sacidae.

1736 1764 1761 1788 ⁰
1796 1757 1960 1806 Cesar
2000 1754 2212 1804 nationes
2245 1753 2446 1818 Alpium
2480 1750 2746 1802 auritium·

1673 1831 1803 1894 rum]
1852 1833 2022 1882 Locus
2068 1831 2152 1881 hic
2195 1830 2459 1892 admonet,
2501 1834 2566 1878 ιιι
2601 1822 2749 1878 viria»

1676 1911 1889 1976 Alpium
1908 1911 2110 1960 nomina
2131 1909 2404 1972 attingam,
2427 1906 2638 1972 quando
2661 1920 2747 1956 eo·

1677 2002 1810 2052 rum,
1847 1987 1937 2053 qui
1974 1986 2041 2036 de
2080 1985 2157 2035 his
2195 1985 2454 2049 scripsere
2487 1984 2648 2034 etiam
2681 1995 2748 2031 ex

1679 2064 2071 2125 recentioribus,
2113 2062 2437 2125 diligentiam
2477 2075 2581 2111 non
2622 2060 2749 2113 satis

1678 2142 1910 2206 probem.
2000 2140 2175 2204 Igitur
2232 2139 2383 2202 Alpes
2423 2139 2602 2189 Poeuao
2637 2151 2748 2186 esse

1682 2218 1886 2282 opinor,
1909 2229 2005 2281 per
2038 2230 2164 2281 quas
2181 2229 2248 2264 ex
2271 2215 2517 2265 Druentia
2539 2212 2749 2264 flumine

1683 2303 1829 2345 recta
1860 2294 1915 2343 in
1950 2291 2157 2345 Italiam
2196 2291 2429 2342 tenditur
2468 2290 2752 2353 Brigantio·

1682 2386 1791 2421 nem
1810 2384 1988 2421 versus
2011 2374 2068 2419 et
2091 2366 2352 2431 Fen-fetam,
2387 2381 2504 2431 quae
2530 2366 2617 2415 via
2638 2378 2754 2414 nos-

1687 2452 1772 2499 tro
1795 2461 1998 2514 qnoque
2024 2453 2262 2510 tempore
2285 2450 2365 2494 est
2388 2441 2658 2507 frequens.

1755 2523 1918 2589 Alpes
1963 2522 2163 2583 Graias,
2216 2537 2333 2587 quae
2376 2526 2453 2580 et¹
2476 2520 2754 2580 maritime,

1688 2601 1827 2666 quod
1873 2613 1969 2665 per
2012 2615 2101 2650 eas
2144 2599 2404 2649 Hercules
2448 2596 2625 2659 iverit,
2669 2595 2756 2645 ubi

1690 2677 1848 2727 etiam
1890 2675 2117 2726 Monoeci
2156 2684 2338 2739 portus
2375 2673 2451 2723 illi
2497 2687 2668 2735 sacer,
2699 2677 2758 2722 ut

1689 2759 1871 2804 auctor
1892 2758 1973 2802 est
1993 2750 2297 2801 Ammianus
2318 2752 2355 2801 l.
2377 2763 2474 2799 ιν.

1760 2830 1965 2893 Cottius,
1988 2844 2088 2894 qua
2125 2844 2157 2878 a
2195 2828 2395 2890 Segusio
2429 2826 2629 2891 oppido
2668 2838 2760 2890 per

1691 2908 1963 2964 centn-onas,
1991 2906 2129 2956 itur:
2178 2905 2390 2956 tametsi
2423 2903 2763 2970 recentiores,

1690 2990 1747 3033 nt
1771 2983 1969 3033 Paulus
1998 2983 2279 3032 Diaconns.
2298 2987 2354 3030 et
2391 2979 2493 3030 Ge.
2533 2978 2761 3040 Merula,

1693 3059 1882 3109 Cottius
1935 3073 2050 3110 esse
2110 3057 2429 3119 existiment,
2454 3057 2529 3105 ,ιιι
2576 3056 2760 3120 quibus

1690 3140 1895 3189 Bobium
1916 3139 2041 3188 urbs
2081 3145 2180 3201 est,
2217 3137 2358 3203 quod
2392 3136 2623 3201 antiquis
2645 3149 2761 3186 auc·

1689 3219 1888 3269 toribus
1913 3232 2015 3267 non
2043 3225 2125 3267 est
2146 3216 2434 3282 probabile.

1756 3296 1957 3346 Cottias
1971 3293 2259 3360 appellatas
2274 3272 2593 3359 quandoque
2606 3259 2761 3342 etiam

1689 3374 1850 3422 Julius
1891 3385 1994 3421 non
2030 3370 2160 3419 falso
2196 3367 2421 3418 fortasse
2459 3361 2647 3431 aliq'ui
2666 3373 2762 3416 tra·-

1694 3450 1841 3512 dunt,
1879 3446 2058 3513 quod
2045 3462 2101 3496 ιιι
2123 3462 2212 3496 eas
2235 3460 2331 3509 per
2370 3443 2667 3494 meminus
2685 3458 2764 3503 ea·

1693 3533 1795 3578 tur.
1860 3527 2191 3576 Bellovesum
2227 3529 2398 3574 autem
2431 3538 2547 3611 per
2569 3523 2764 3573 Tricas

1695 3603 1833 3653 sinos
1855 3602 1908 3652 in
1933 3602 2100 3654 Julias
2142 3600 2304 3665 Alpes
2329 3600 2575 3665 venisse,
2592 3598 2765 3650 Livius

1696 3687 1778 3730 est
1800 3687 2001 3730 auctor.

1758 3757 1864 3807 Sed
1890 3763 1947 3807 et
1965 3770 2069 3805 nou
2103 3755 2236 3805 male
2272 3753 2435 3803 Julian
2454 3717 2668 3804 Tacitus
2686 3719 2769 3817 ap·

1695 3833 1862 3897 pellat
1881 3832 2063 3897 Alpes,
2078 3847 2195 3897 quae
2213 3845 2392 3880 versus
2414 3831 2601 3879 Carnos
2619 3837 2767 3888 sunt·

1698 3909 1836 3959 unde
1869 3918 1926 3960 et
1955 3909 2147 3958 Julium
2182 3908 2460 3968 Carnicum,
2502 3915 2562 3959 et
2597 3908 2767 3974 Forum

1697 3986 1844 4047 Jalii,
1896 3997 2000 4049 qua
2042 3999 2108 4034 ex
2143 3984 2393 4036 Venetia⁴
2420 3984 2477 4032 in
2519 3983 2767 4034 Noricum

1702 4061 1839 4121 itur,
1826 4078 1838 4089 ·
1876 4062 1961 4110 eui
1984 4060 2262 4110 sententiae
2284 4074 2352 4109 ex
2387 4059 2763 4110 recentioribus

1696 4140 2011 4203 astipulatur
2048 4138 2333 4192 Sabellicus
2383 4138 2438 4186 in
2473 4135 2764 4262 Aquiliensi

1700 4216 1936 4267 historia.

1769 4294 1899 4348 Sunt
1930 4269 1988 4343 et
2026 4269 2260 4343 Rhatieoe
2296 4288 2461 4355 Alpes,
2496 4253 2683 4372 quibus
2716 4288 2765 4337 in
