3063 4952
511 400 686 474 1928

508 563 761 635 edicto⁴
777 564 1203 644 testificatus,
1234 571 1256 601 ‘
1284 586 1440 631 non·
1461 568 1728 651 longam
1752 644 1759 650 ,
1779 567 1886 647 sui
1935 564 2372 643 absentiam,5-
2386 571 2455 632 et
2483 571 2723 633 cuma

507 671 579 736 in
605 664 991 751 ‘Republica
1019 668 1314 753 perinde⁶
1335 670 1621 735 ‘immota
1659 688 1741 733 ac
1780 687 2100 752 prospera
2144 667 2284 731 fore
2303 666 2344 749 ;’
2388 689 2593 752 super
2641 688 2725 745 ea

506 770 922 857 profectione·
944 771 1110 835 adiit
1138 770 1579 855 capitolium.¹>
1666 770 1844 834 Illic⁷
1876 769 2253 834 veneratus⁸
2276 777 2300 805 ⁰
2330 752 2727 848 Deos,-cuni

513 866 739 937 Vestae
771 891 1036 956 quoque
1062 871 1399 956 templum‘¹
1439 874 1702 949 inisset,
1704 880 1731 921 ⁹
1778 881 2043 956 repente
2077 879 2359 936 cunctos
2388 892 2512 957 per
2538 878 2725 939 artus

1219 420 1297 491 ρ.
1340 418 1704 469 constan
1750 414 2006 473 'raom
2403 403 2588 489 [aa.
2607 406 2720 479 sia

504 1022 991 1085 AEgyptam.13xia
1011 1039 1115 1072 cum
1136 1024 1288 1072 edicto
1313 1024 1583 1083 manumet,
1621 1023 1739 1073 Non
1775 1021 1867 1072 diu
1894 1036 1951 1072 se
1974 1020 2268 1073 abfuturum
2298 1023 2445 1083 Urbe,
2470 1030 2528 1072 et
2554 1015 2727 1073 omnia

509 1087 841 1149 Reipublicae
865 1089 1082 1151 perinde
1106 1098 1293 1151 pacata
1323 1094 1380 1138 et
1410 1086 1586 1138 felicia
1619 1087 1747 1150 fore,
1767 1104 1825 1137 ac
1855 1089 1901 1136 si
1933 1091 2151 1145 adesum·
2181 1091 2240 1137 de
2260 1104 2319 1138 ea
2333 1089 2728 1151 peregrinati-ae

509 1152 744 1215 cogitans
767 1153 966 1202 intravit
991 1154 1298 1217 Capitolium.
1366 1153 1479 1203 Illic
1501 1155 1631 1203 Deos
1655 1168 1761 1202 σιυιι
1792 1155 2050 1214 adorasset,
2069 1169 2150 1203 seu
2170 1158 2403 1216 rogasset,
2433 1154 2594 1204 Vesta
2615 1169 2727 1229 quo-

509 1230 596 1282 que
617 1216 891 1266 delabrum'
873 1233 1130 1282 ingressus,
1149 1218 1362 1270 omnibus
1380 1218 1537 1268 subito
1561 1211 1779 1268 membru
1798 1220 2172 1281 contremiscens,
2190 1234 2273 1268 seu
2294 1218 2538 1267 divinitas
2557 1216 2733 1279 utiocto

1420 1329 1776 1350 OOOOOOOOOOOO

513 1375 623 1448 Jes.
646 1393 823 1445 Guelf.
846 1403 903 1446 et
925 1364 1237 1447 editionibus
1261 1397 1546 1459 veteribus,
1573 1400 1718 1448 dioto.
1776 1398 2067 1460 Rhenanus,
2088 1397 2258 1446 edicto.
2263 1403 2356 1447 -5
2392 1396 2483 1445 Ita
2505 1396 2649 1444 Flor.
2674 1401 2733 1445 et

515 1459 670 1510 Meus
694 1462 820 1510 Mss
859 1470 913 1510 et
946 1461 1079 1513 Edd.
1114 1478 1241 1527 quas
1281 1464 1387 1512 vidi
1427 1478 1605 1513 omnes
1647 1470 1842 1526 praeter
1876 1434 2351 1526 Bemeggeraum,
2375 1470 2433 1511 et
2448 1476 2572 1526 qna·
2596 1462 2730 1509 liano

513 1525 781 1585 insecuta3
815 1527 869 1574 in
904 1528 1089 1591 quibus
1116 1529 1223 1577 ιιιιιί
1256 1528 1536 1578 αὺσειιέἰιιηι.
1604 1527 1853 1592 Ryckius.
1856 1533 1956 1577 —6
1986 1527 2076 1577 Sic
2113 1528 2246 1576 bene
2284 1527 2520 1575 Pichena
2554 1541 2588 1575 e
2625 1525 2730 1576 Mn.

512 1590 655 1641 Flor.
697 1593 869 1656 Vulgo
899 1592 953 1640 in
996 1593 1124 1642 Mss.
1155 1600 1212 1641 et
1250 1594 1595 1656 Puteolanus,
1630 1594 1819 1643 exinde.
1822 1596 1917 1642 -7
1955 1593 2182 1642 Budens.
2219 1606 2323 1640 non
2350 1591 2513 1641 babet
2534 1591 2656 1652 iaie,
2678 1596 2733 1639 et

516 1654 658 1705 delet
677 1666 925 1719 punctum
947 1665 1067 1720 post
1086 1659 1474 1721 capitatim—8
1506 1658 1594 1708 Sic
1633 1658 1760 1708 Mss.
1807 1658 1945 1707 Flor.
1991 1657 2145 1708 Corb.
2185 1657 2348 1706 editio
2385 1656 2636 1720 princeps
2673 1656 2732 1707 et

516 1720 865 1771 Pichena.1n
889 1722 1015 1772 Mss.
1035 1723 1183 1773 Harl.
1205 1724 1362 1773 Bodl.
1395 1725 1506 1775 Jes.
1536 1722 1714 1775 Guelf.
1738 1729 1792 1772 et
1814 1723 2154 1787 Puteolanus,
2171 1726 2498 1772 veneraturus.
2502 1725 2603 1770 -9
2628 1720 2732 1770 Ms.
2756 1778 2761 1783 ,

1512 1823 1559 1873 N
1568 1822 1734 1873 oTAE

515 1921 694 1964 meatu
715 1915 987 1981 Neapolim
1009 1917 1386 1987 confluxerant,
1403 1923 1581 1986 plures

516 1990 842 2042 Alexandria
861 1995 1131 2046 evocavit?

581 2066 794 2132 AEgypti
833 2071 991 2121 etiam
1028 2072 1081 2121 in
1114 2076 1359 2124 extremis
1382 2076 1581 2140 positus

515 2144 752 2194 meminit
773 2146 935 2197 Nero.
956 2148 1101 2200 Suet.
1120 2155 1203 2201 47.
1237 2157 1252 2181 ⁴
1281 2153 1439 2203 Varia
1471 2153 1582 2219 agi-

515 2219 671 2282 tavit,
689 2221 1000 2287 Parthosne,
1020 2239 1086 2275 au
1110 2227 1331 2278 Galbam
1355 2231 1579 2294 supplex

515 2304 743 2363 peteret,
763 2315 827 2349 an
849 2308 1047 2353 atratus
1077 2304 1309 2368 prodiret
1329 2308 1383 2355 in
1407 2307 1578 2371 publi-

516 2385 654 2437 cnm,
675 2390 870 2442 proque
909 2382 1090 2431 rostris
1127 2389 1323 2449 quanta
1355 2384 1579 2434 maxima

512 2458 690 2513 posset
720 2454 1070 2524 miseratione,
1107 2460 1310 2510 veniam
1343 2462 1580 2525 praeteri·

516 2536 687 2581 torum
710 2542 1039 2597 precaretur:
1066 2553 1127 2588 ac
1149 2539 1200 2587 ni
1222 2537 1456 2589 flexisset
1474 2540 1579 2589 ani·

514 2620 648 2672 mos,
683 2610 768 2658 vel
810 2613 1024 2678 AEgypti
1062 2614 1432 2680 praefecturam
1459 2631 1580 2666 con-

513 2686 635 2737 cedi
658 2687 761 2737 sibi
783 2690 996 2740 oraret?

579 2764 869 2829 AEgypeum]
903 2766 1021 2818 Lib.
1040 2781 1119 2819 vr.
1140 2782 1258 2834 sap.
1278 2771 1359 2820 28.

579 2842 845 2914 AEgyptum
865 2844 1127 2909 cogitabat]
1164 2845 1320 2898 Quod
1344 2845 1580 2909 explicat

512 2917 658 2968 Suet.
693 2923 775 2970 20.
810 2919 826 2947 ‘
851 2920 1049 2985 Captus
1090 2928 1263 2972 autem
1302 2922 1578 2984 modulatis

513 2994 983 3048 Alexandrinorum
1025 2998 1436 3063 laudationibus‚’
1474 3004 1578 3051 &c-

516 3069 604 3119 Ibi
625 3085 681 3121 se
706 3087 832 3122 voce
855 3080 911 3123 et
924 3080 1036 3124 arte
1060 3075 1276 3126 citharae
1301 3075 1439 3125 tueri
1461 3090 1580 3140 spe-

514 3145 681 3213 rabat,
702 3148 719 3176 ‘
744 3149 881 3199 unde
920 3150 1007 3200 illa
1038 3167 1142 3203 vox
1164 3152 1276 3215 ejus
1300 3152 1579 3202 celeberri-

512 3235 631 3272 ma:
662 3227 981 3277 artemomnie
998 3233 1131 3279 terra
1144 3227 1341 3279 nutrit!
1394 3228 1544 3279 Suet.

571 3297 878 3353 'Destitutus
915 3305 1153 3369 agitavit,
1208 3321 1271 3356 an
1314 3307 1579 3370 postularet

505 3377 844 3443 prefecturam
880 3382 1105 3447 AEgypti,
1138 3388 1275 3434 teste
1304 3382 1577 3446 Suetonio,

513 3460 571 3504 et
602 3453 655 3503 in
691 3457 883 3506 scrinio
920 3458 1034 3521 ejus
1054 3456 1295 3509 inventus
1317 3473 1485 3509 sermo
1507 3459 1576 3510 de

514 3543 579 3580 ea
601 3542 659 3579 re
679 3529 926 3581 formatus
946 3548 961 3595 ;
1001 3532 1092 3584 sed
1127 3549 1278 3600 quem
1302 3535 1494 3585 habere
1519 3541 1576 3586 et

513 3604 738 3655 recitare
755 3621 850 3671 pro
873 3609 1051 3660 rostris
1085 3625 1188 3660 non
1212 3626 1366 3661 ansus
1386 3617 1487 3674 est,
1509 3625 1577 3663 ne

512 3681 569 3731 in
591 3681 675 3731 via
697 3682 1103 3748 discerperetur.

578 3762 603 3790 ⁸
631 3753 865 3823 Agitatis]
919 3760 1041 3811 Non
1080 3761 1258 3812 omisit
1297 3761 1577 3827 profectio-

512 3845 632 3884 nem
652 3834 882 3898 Achaiae,
900 3836 1022 3901 qnia
1036 3835 1310 3887 Orientem
1323 3845 1379 3889 et
1389 3840 1579 3905 AEgyp-

516 3916 627 3962 tum
663 3912 936 3975 cogitaret,
968 3912 1125 3961 immo
1147 3914 1199 3962 in
1223 3911 1423 3962 Achaia
1460 3929 1579 3978 pro-

514 3987 633 4051 pius
671 3988 861 4038 orienti
907 3985 1174 4051 affuissem
1204 3990 1299 4041 sed
1335 4006 1451 4041 cum
1497 4006 1579 4041 re·

515 4063 637 4114 visit
658 4064 859 4128 urbem,
879 4071 988 4116 tum
1014 4065 1204 4117 omissa
1234 4066 1451 4130 Achaia,
1474 4070 1579 4132 agi·

514 4139 649 4189 tavit
670 4139 958 4193 Orientem.
1025 4142 1290 4194 volvebat
1309 4143 1502 4194 bellum
1520 4146 1578 4197 in

515 4213 746 4268 Albanos
784 4218 1071 4283 praecipue,
1114 4225 1170 4269 et
1208 4220 1263 4270 in
1298 4221 1577 4286 AEgyptum

491 4291 802 4361 ,transferre
823 4308 878 4350 se
900 4301 956 4349 et
975 4295 1246 4366 imperium
1267 4297 1509 4365 parabat.

1726 1919 1866 1972 Quia
1904 1919 1978 1968 ibi
2020 1917 2213 1969 Graeca
2251 1916 2461 1982 ingenia
2498 1921 2557 1966 et
2591 1915 2733 1979 plus·

1660 2013 1811 2063 qnam
1839 1998 2047 2061 Graeca,
2071 1996 2409 2060 cantibusque
2431 2001 2488 2045 et
2511 1990 2730 2043 citharae

1662 2090 1723 2125 ac
1747 2089 1919 2125 scenae
1942 2075 2146 2138 aptiora
2166 2073 2264 2124 sibi
2288 2069 2617 2130 destinabat;
2643 2073 2734 2117 ant

1661 2150 1841 2214 etiam,
1855 2157 1916 2199 ut
1939 2150 2123 2200 amisso
2140 2149 2454 2214 principatu,
2471 2146 2617 2212 quod
2634 2144 2733 2210 ipsi

1660 2226 1820 2278 fatale
1840 2227 1964 2291 fuit,
1988 2243 2044 2278 se
2065 2227 2139 2277 ibi
2163 2233 2400 2277 tueretur
2432 2224 2736 2276 artecitha·

1659 2306 1873 2356 roedica.

1725 2383 1924 2445 Quare,
1943 2389 2003 2433 nt
2021 2391 2170 2446 puto,
2194 2382 2341 2431 velut
2363 2379 2415 2428 in
2441 2392 2500 2428 re
2535 2372 2735 2442 gravis?-

1660 2459 1788 2511 sima
1814 2459 2103 2527 Capitolium
2118 2458 2243 2509 adiit
2259 2464 2314 2508 et
2332 2459 2462 2508 Deos
2482 2460 2736 2507 veneratus

1658 2545 1775 2589 est:
1828 2545 1886 2589 et
1924 2553 2042 2588 cum
2077 2543 2365 2588 testaretur
2398 2534 2599 2598 edicto,
2641 2548 2734 2583 noa

1656 2615 1848 2676 longam
1884 2615 1961 2663 sui
1996 2613 2259 2664 absentiam
2282 2611 2419 2675 fore,
2442 2610 2733 2662 dissimula-

1658 2689 1751 2739 bat
1770 2689 2125 2756 illudebatque
2148 2691 2322 2754 vulgo.

1721 2766 1858 2816 Nam
1897 2764 2277 2829 profectionem
2317 2780 2408 2815 seu
2443 2764 2735 2829 expeditio·

1658 2842 1776 2893 dem
1820 2844 2168 2909 longinquam,
2212 2844 2296 2894 vel
2333 2842 2493 2893 etiam
2548 2841 2736 2892 absen-

1657 2921 1782 2971 tiam
1828 2928 2136 2986 perpetuam
2181 2920 2541 2971 meditabatur
2563 2936 2589 2968 ιι
2639 2917 2732 2969 sed

1658 2999 1969 3049 absterritus
2007 3006 2089 3048 est
2124 2998 2215 3047 illo
2258 3003 2484 3047 tremore
2506 3010 2606 3060 per
2629 3009 2736 3044 om·

1658 3089 1751 3125 nes
1772 3083 1915 3124 artus
1950 3082 2247 3139 grassante,
2281 3081 2375 3123 aut
2410 3072 2738 3124 conscientia

1655 3150 1945 3201 facinorum
1985 3158 2041 3201 et
2078 3151 2216 3200 mala
2243 3155 2418 3200 mente
2457 3148 2733 3211 abreptus.

1658 3228 1808 3278 Inter
1844 3243 1988 3278 arma
2026 3235 2083 3278 et
2111 3234 2359 3279 externos
2385 3226 2526 3276 forte
2548 3224 2736 3275 melior

1657 3303 1886 3371 futurus,
1908 3320 2008 3357 nec
2032 3320 2090 3355 se
2114 3303 2556 3370 pessumdedisset
2593 3299 2734 3349 urbis

1658 3387 1714 3433 et
1733 3383 1863 3432 aulae
1896 3380 2111 3446 flagitiis
2132 3380 2323 3446 passim
2347 3386 2401 3430 et
2434 3377 2604 3429 veluti
2626 3390 2735 3426 cer·

1657 3458 1811 3508 tatim
1830 3457 2254 3522 irrumpentibus.
2724 3447 2731 3452 ’

1719 3531 1744 3568 ⁸
1779 3533 2093 3598 Capitolium]
2128 3534 2243 3584 Lib.
2266 3546 2344 3582 vr.
2368 3546 2490 3597 cap.
2517 3535 2602 3581 12.

1721 3615 1744 3643 ⁰
1783 3609 2067 3673 Vener-atus]
2101 3609 2164 3658 ld
2182 3614 2284 3673 est,
2300 3621 2415 3657 cum
2441 3606 2592 3657 Deos
2614 3605 2736 3656 ado·

1657 3692 1844 3748 nasset,
1868 3687 2127 3751 simulque
2145 3691 2201 3735 et
2222 3689 2455 3734 orasset:
2491 3697 2659 3748 quare
2678 3687 2734 3733 et

1658 3777 1816 3828 supra
1846 3765 1885 3813 1.
1918 3777 2039 3814 xrv.
2078 3763 2358 3828 Repetitam
2392 3762 2736 3824 meratina,

1656 3840 1908 3904 intelligo,
1923 3845 2225 3890 veneratam
2246 3839 2435 3889 iterum
2453 3853 2572 3887 esse
2591 3839 2732 3888 Deos

1659 3917 1885 3981 plebem,
1904 3917 1972 3967 ob
1995 3917 2282 3982 repetitum
2311 3915 2729 3965 matrimonium:

1658 3995 1781 4060 quia
1817 4009 2007 4060 nempe
2049 4000 2447 4045 revocatasserat
2469 3992 2730 4051 Octavia;

1654 4072 1879 4138 ideoque
1921 4072 2042 4123 Diis
2083 4077 2257 4137 grates
2319 4070 2551 4134 agebant
2596 4066 2730 4133 apud

1658 4148 1896 4200 delubra.
2002 4139 2011 4144 ’
2034 4159 2045 4164 ”

1721 4223 1746 4258 ‘¹
1786 4224 1940 4275 Vesta
1953 4238 2133 4289 quoquo
2152 4223 2401 4287 templum]
2433 4221 2580 4272 Suet.
2598 4219 2727 4270 Ner.

1660 4304 1740 4354 19.
1781 4300 1798 4330 ⁴
1816 4300 2285 4369 ‘Peregrinationes
2337 4297 2468 4352 duas
2524 4293 2727 4376 omnino
