3063 4952
356 340 372 367 ἶ

352 436 412 487 J.
437 435 504 487 e.
520 431 632 497 aa]
2384 370 2560 469 1919

356 572 774 653 contractum
802 563 1288 649 oppidanorum
1316 562 1576 642 vulguS,
1622 564 1691 624 et
1736 580 1908 644 quos
1938 580 1976 624 e
2025 558 2352 644 proximis
2383 552 2564 634 colo,-

355 673 491 738 niis
517 677 582 736 et
606 668 988 752 municipiis
1013 665 1161 750 ejus
1189 665 1285 729 rei
1311 664 1511 746 ⁴fama
1542 666 1794 729 civerat
1818 663 1867 744 3⁶
1910 665 2180 747 quique⁷
2230 661 2566 727 Caesarem

357 795 484 860 per
509 775 847 849 honorem,
896 775 1009 834 aut
1033 769 1260 833 varios
1290 786 1454 832 usus
1479 773 1840 845 sectantur,
1887 769 2084 832 etiam
2105 765 2385 857 militum
2423 781 2566 828 ma·

357 870 976 965 nipuli,⁸.theat1¹um
1007 870 1600 954 Neapolitanorum
1628 869 1981 953 complent.
2091 918 2097 929 .
2242 930 2247 935 .
2394 866 2399 872 ’
2508 915 2523 949 ,

345 1022 348 1027 -
444 980 559 1044 34.
604 978 782 1054 Illic,
812 970 1109 1059 plerique
1136 979 1206 1037 ut
1244 973 1774 1049 arbiuabantur,¹
1820 967 2053 1048 triste,f
2090 976 2168 1034 ut
2213 970 2384 1052 ipse,
2414 987 2568 1053 pro-

358 1081 595 1146 vidum
623 1080 847 1163 potius
872 1082 941 1142 et
969 1074 1275 1140 secundis
1317 1073 1746 1150 NuminibuS‚
1792 1073 2039 1137 evenit.
2132 1071 2309 1136 Nam
2352 1089 2570 1153 egres-

363 1203 466 1261 so,
497 1182 612 1266 qui
643 1181 940 1257 affuerat,
984 1178 1257 1262 popu10‚
1287 1194 1575 1240 vacuum
1621 1177 1688 1238 et
1731 1174 1873 1238 sine
1915 1174 2115 1238 ullius
2157 1172 2571 1251 noxa,;thea-

362 1293 538 1352 trum
583 1285 951 1368 collapsum
996 1288 1118 1346 est.
1208 1279 1409 1361 Ergo,
1453 1299 1572 1362 per
1615 1278 2022 1361 compositos
2067 1284 2326 1354 cantus,
2355 1279 2572 1357 grates

369 1388 527 1454 Diis
555 1392 754 1475 atque
795 1388 1012 1470 ipsam
1038 1384 1315 1448 recentis
1345 1401 1547 1446 casus
1588 1381 1921 1444 fortunam
1965 1380 2357 1455 celebrans}
2401 1375 2573 1461 peti-

1044 404 1456 471 Ammnmu
1507 418 1655 469 un.
1705 418 1834 468 xv,

367 1587 472 1632 ret.
540 1581 708 1645 Itaque
728 1578 962 1644 confluens
978 1577 1332 1642 municipalium
1350 1576 1605 1640 plebecula,
1628 1579 1676 1623 et
1697 1587 1851 1636 quos-e
1868 1571 2041 1621 vicinis
2073 1569 2256 1632 oppidis
2281 1565 2575 1617 ciuitatibus·

368 1661 461 1710 que
479 1647 580 1708 ejus
599 1648 672 1695 rei
689 1660 848 1694 rumor
867 1645 1124 1706 exciverat,
1160 1648 1207 1692 et
1237 1643 1320 1706 qui
1353 1641 1614 1704 principem
1646 1643 1916 1701 sequuntur,
1949 1638 2022 1685 cel
2055 1635 2195 1700 officii
2231 1648 2389 1695 causa,
2424 1634 2497 1681 vel
2516 1631 2574 1687 ob

370 1713 560 1761 diversa
580 1712 794 1773 negotia,
816 1710 960 1761 etiam
980 1709 1165 1758 cohorte
1185 1709 1393 1759 militum
1415 1721 1601 1754 scenam
1627 1704 2041 1768 Neapolitanorum
2057 1701 2267 1762 implent.

351 1778 356 1783 ’
436 1775 547 1826 mic
566 1789 644 1824 res
662 1774 884 1838 contigit„
898 1778 951 1822 ut
968 1773 1183 1837 plerique
1203 1771 1555 1831 existimabant,
1575 1771 1879 1832 improspera,
1902 1773 1957 1816 at
1978 1770 2031 1814 ut
2047 1765 2146 1828 ipse
2168 1764 2311 1813 Nero
2336 1759 2579 1825 putabat,

358 1840 493 1900 felix
511 1855 568 1888 ac
590 1839 760 1899 fausta
778 1839 953 1902 potius,
981 1836 1468 1901 Diisquefaventibus
1488 1834 1698 1885 accidit.
1770 1833 1955 1895 Quippe
1975 1831 2205 1892 digressa,
2226 1843 2327 1891 quae
2348 1829 2581 1888 spectave-

369 1911 470 1968 rat,
498 1904 649 1968 plebe,
682 1905 864 1953 corruit
882 1904 1353 1964 theatrumvacuum,
1373 1906 1420 1950 et
1435 1899 1537 1950 sine
1557 1900 1821 1962 cuiusquam
1841 1901 2025 1946 damno.
2093 1895 2265 1957 Itaque
2284 1891 2398 1942 Diis
2414 1893 2581 1951 graus

372 1985 533 2035 agens
549 1985 639 2034 per
667 1969 922 2019 meditatos
939 1973 1121 2035 cannas,
1143 1972 1189 2018 et
1223 1967 1377 2031 ipsum
1408 1965 1609 2015 recentis
1635 1965 1850 2026 fortune
1869 1965 2084 2011 eventum
2104 1957 2371 2027 eagtollebat,
2391 1961 2439 2004 et
2461 1968 2582 2004 eum

1301 2109 1659 2130 OOOONOONOO

337 2236 350 2247 .,
373 2204 408 2248 6
441 2199 736 2262 Rhenanus,
774 2199 1027 2248 acciverat.
1090 2198 1292 2247 vitiose
1316 2197 1369 2245 in
1395 2197 1499 2244 Ms.
1536 2196 1670 2258 Reg.
1706 2195 1936 2242 evenerat.
1982 2189 2307 2239 Brotier.—⁷
2343 2185 2427 2233 Sic
2450 2184 2584 2234 bene

374 2264 715 2316 Puteolanus.
779 2263 844 2313 In
867 2263 1095 2313 editione
1116 2262 1375 2327 principe,
1397 2274 1599 2324 quaeque.
1672 2259 1739 2308 In
1761 2257 1866 2306 Ms.
1880 2255 1994 2327 jes.
2015 2253 2232 2317 quisque..
2253 2251 2421 2300 Idem.
2520 2290 2523 2301 .

1379 2438 1595 2491 NOTAE
1654 2487 1661 2492 .

325 2626 333 2634 ¹
372 2556 570 2619 tonius,
592 2557 1146 2624 Neronemreversum
1168 2571 1198 2606 e
1221 2556 1444 2620 Gracia,
1522 2557 1654 2615 dcun,
1675 2557 1722 2602 et
1757 2549 1971 2601 secundis
2002 2544 2268 2598 numinibus
2298 2543 2350 2591 id
2386 2540 2587 2594 evenisse

343 2681 346 2682 γ
373 2633 657 2696 Neapolim
679 2632 899 2697 disjecta
926 2632 1059 2683 muri
1095 2638 1248 2697 parte
1284 2633 1443 2681 intro·
1525 2628 1764 2694 putabat,
1783 2624 1917 2691 quod
1935 2624 2045 2673 scil.
2065 2617 2428 2692 theatrum-sine
2444 2616 2589 2666 ullius

373 2709 498 2772 isse,
520 2709 891 2759 Hieronicmm
912 2723 1073 2760 more.
1522 2720 1651 2755 noxa
1671 2704 1920 2766 collapsum
1940 2703 2075 2749 esset.
2431 2725 2437 2729 -

445 2786 636 2837 Cicero
659 2801 755 2850 pro
773 2787 964 2836 Flacco
989 2787 1080 2852 ait,
1096 2786 1259 2850 majus
1284 2782 1445 2834 fuisse
1590 2780 1679 2829 Sic
1703 2793 1818 2844 quae
1842 2774 2060 2825 fortuita
2080 2769 2270 2821 suntin
2288 2765 2591 2830 religionem

377 2867 519 2930 apud
577 2864 797 2914 Graecos
848 2864 901 2913 in
953 2864 1032 2913 his
1076 2862 1444 2913 certaminibus
1526 2858 1816 2917 trahuntur,
1839 2858 1997 2917 prout
2019 2849 2235 2915 quisque
2259 2844 2474 2915 affectus
2493 2848 2590 2891 est.

376 2940 589 3006 vicisse,
634 2955 789 3006 quam
842 2941 1186 3005 triumphasse
1246 2933 1446 2989 Romae.
1523 2934 1677 2999 Saepe
1696 2933 1874 2995 inepte
1894 2936 1947 2977 et
1969 2921 2166 2987 insane,
2188 2938 2329 2974 more
2353 2919 2513 2985 vulgi.

377 3017 570 3081 Itaque
600 3031 760 3065 sacras
779 3016 1085 3065 coronas'hic
1107 3023 1263 3065 vocat
1295 3015 1447 3078 Taci-

1589 3012 1805 3062 Suetou.
1828 3008 1957 3058 Ner.
1974 3010 2058 3055 20.
2091 3006 2105 3033 ‘
2131 3001 2337 3052 Prodiit
2366 2995 2594 3061 Neapoli
2674 3023 2679 3027 ·

333 3101 469 3159 „tus
506 3107 573 3142 ea
610 3085 785 3143 causa.
819 3085 1060 3156 Lupanus.
1113 3092 1299 3142 -Sacras
1319 3106 1445 3141 coro-

378 3184 470 3219 nas
487 3174 667 3238 vocat,
708 3166 828 3233 quia
852 3182 1000 3217 sacra
1020 3168 1140 3217 Diis
1162 3168 1447 3217 certamina

380 3245 492 3295 illa.

450 3329 472 3354 θ
514 3320 677 3369 Etiam
707 3319 911 3369 militum
949 3318 1200 3381 manipuli]
1251 3318 1449 3366 Praeto-

380 3397 520 3449 riani
561 3411 767 3459 nempe,
809 3409 912 3445 non
957 3394 1104 3456 quasi
1160 3393 1448 3450 assiderent

383 3475 617 3536 theatro,
642 3481 700 3521 ut
721 3472 1052 3521 immodestos
1086 3469 1317 3519 fautores
1352 3468 1454 3517 his·

379 3552 631 3612 trionum,
652 3555 745 3598 aut
763 3548 929 3612 plebis
961 3547 1224 3596 licentiam
1245 3544 1453 3594 cohibe-

381 3633 527 3688 rent,
561 3632 622 3694 ut
656 3627 711 3676 in
752 3626 912 3685 urbe;
948 3623 1040 3672 sed
1077 3631 1137 3671 ut
1177 3623 1457 3687 implerent

385 3705 676 3766 theatrum,
695 3710 751 3751 et
773 3698 1172 3764 infrequentiam
1201 3699 1305 3747 loci
1337 3687 1456 3761 sup-

384 3782 620 3847 plerent,
633 3781 881 3843 juvarent
901 3786 1138 3837 cantnm3
1181 3782 1235 3825 et
1255 3781 1455 3838 partem

337 3915 345 3920 ,
386 3856 766 3910 oblectamenti
793 3854 1144 3918 perciperent.
1211 3854 1281 3902 Et
1306 3851 1457 3900 simul

385 3934 620 4001 principi
656 3929 941 3982 citharoedo
974 3927 1231 3988 faverent,
1266 3928 1457 3989 palam-

386 4025 492 4078 que
517 4009 854 4060 adularentur
877 4021 937 4053 ac
963 4004 1291 4066 plauderent.

456 4082 476 4118 s
505 4084 689 4146 Triste]
746 4083 860 4129 Suis
906 4080 1120 4144 quisque
1174 4079 1458 4131 rationibus

388 4160 684 4212 nitebatur.
741 4157 817 4206 Hi
839 4164 896 4205 ut
917 4158 1103 4205 tristem
1125 4163 1364 4205 eventum
1386 4155 1460 4204 in-

391 4235 842 4304 terpretabantur,
855 4232 1028 4286 suhito
1047 4232 1331 4295 collapsum
1346 4245 1459 4282 esse

391 4314 660 4365 theatrum
678 4327 695 4376 ς
728 4311 873 4364 Nero
895 4323 1020 4360 vero
1042 4314 1286 4380 tanquam
1302 4308 1462 4373 proci-

1524 3088 1745 3153 primum
1768 3102 1784 3146 3
1819 3099 1879 3134 ac
1902 3098 1987 3145 ne,
2011 3093 2260 3131 concusso
2284 3075 2490 3143 quidem
2513 3087 2595 3146 re-

1527 3169 1686 3229 pente
1719 3168 1864 3209 motu
1905 3165 2060 3208 terrae
2086 3157 2309 3217 theatro,
2331 3157 2452 3201 ante
2476 3164 2595 3199 can·-

1528 3247 1642 3288 tare
1677 3236 1879 3287 destitit
1916 3248 2070 3298 qnam
2105 3231 2404 3279 inchoatum
2431 3225 2599 3274 absol-

1531 3320 1678 3364 veret
1710 3310 1866 3371 νόμον.
1933 3308 2141 3357 Ibidem
2176 3304 2371 3368 saepius
2405 3307 2461 3349 et
2498 3313 2596 3363 per

1529 3388 1823 3450 complures
1837 3383 2068 3434 cantavit
2082 3381 2218 3430 dies:
2255 3384 2426 3427 sumto
2438 3375 2598 3436 etiam

1533 3464 1598 3514 ad
1623 3451 1954 3513 reficiendam
1978 3473 2157 3508 vocem
2183 3456 2325 3505 brevi
2346 3460 2600 3517 tempore,

1535 3539 1806 3603 impatiens
1830 3536 2039 3597 secreti,
2073 3550 2104 3582 a
2139 3532 2333 3583 balneis
2368 3530 2419 3577 in
2456 3529 2600 3598 thea-

1507 3615 1508 3618 ’
1537 3624 1672 3663 trum
1697 3612 1921 3675 transiit,
1938 3610 2209 3674 mediaque
2226 3610 2277 3657 in
2296 3606 2600 3676 Orchestra,

1536 3693 1812 3758 frequente
1852 3689 2044 3753 populo
2077 3688 2338 3751 epulatuS‚
2360 3685 2401 3732 si
2424 3683 2605 3748 paulu·

1538 3770 1643 3818 lum
1685 3766 2016 3827 subbibisset,
2058 3764 2250 3829 aliquid
2297 3777 2351 3812 se
2397 3758 2602 3810 sufferti

1538 3850 1844 3897 tinniturum
1865 3847 2055 3896 Graeco
2079 3856 2311 3894 sermone
2333 3836 2605 3904 promisit!

1603 3934 1628 3969 8
1665 3924 1937 3986 Celebrans]
1971 3924 2091 3973 Non
2125 3920 2259 3983 apud
2281 3932 2485 3968 scenam
2510 3903 2602 3969 aut

1539 4003 1590 4052 in
1616 4004 1837 4062 theatr0,
1855 4013 2018 4063 neque
2039 4000 2173 4046 euim
2198 3996 2374 4045 statim
2398 3991 2602 4042 restitui

1540 4079 1800 4128 theatrum
1825 4075 1989 4138 potuit
2014 4075 2064 4122 in
2087 4071 2362 4133 municipio
2386 4071 2602 4122 Graecu-

1539 4158 1624 4215 lo;
1657 4154 1769 4216 sed,
1790 4154 1910 4201 dum
1946 4149 2309 4214 proficiscitur,
2344 4161 2439 4212 per
2474 4135 2603 4206 vias,
2630 4153 2633 4156 ’

1541 4236 1598 4281 et
1619 4231 1739 4281 dum
1763 4228 1900 4293 petit
1923 4228 2171 4291 trajectus
2193 4217 2344 4277 maris
2379 4221 2603 4286 Hadria·

1544 4307 1667 4360 tici:
1702 4320 1865 4373 usque
1901 4302 2034 4355 adeo
2070 4298 2372 4352 histrionico
2409 4297 2605 4360 Coesari
