3063 4952
544 401 720 493 1898

544 562 768 649 copiae
787 562 1111 629 militares
1128 559 1495 628 Corbuloni
1525 562 1874 646 permissae
1896 580 1915 641 3
1944 565 2012 625 et
2038 560 2534 645 quintadecima
2555 563 2755 647 legio,

541 667 828 739 ducente
884 666 1106 731 Mario
1158 664 1413 743 Celso,¹¹
1442 686 1480 730 e
1523 665 1899 731 Pannoniav
1927 664 2193 749 adjecta
2215 669 2339 730 est.
2428 664 2756 755 Scribitur

537 768 963 834 Tetrarchis'
993 790 1074 834 ac
1099 768 1425 850 Regibus,
1459 768 1969 852 Praefectisque¹
1990 774 2058 832 et
2079 763 2662 849 Procuratoribus,
2687 773 2758 843 et

540 874 660 956 qui
706 874 1082 938 Praetorum
1124 871 1431 936 finitimas
1487 871 1875 955 provincias
1904 872 2239 954 regebant,
2286 870 2542 954 ‘jussis
2588 869 2756 937 Cor·

536 974 797 1038 bulonia
849 973 1130 1057 obsequi
1157 970 1194 1037 τ’
1237 974 1306 1036 in
1351 978 1607 1039 tantum
1635 972 1836 1037 ferme
1866 973 2141 1038 modum
2170 980 2367 1038 aucta
2398 978 2758 1057 potestate,

537 1084 758 1162 quem³
807 1076 1115 1160 Populus
1146 1074 1495 1140 Romanus
1528 1074 1652 1139 Cn.
1680 1075 2063 1158 Pompeio}
2102 1075 2346 1157 bellum
2379 1075 2758 1141 Piraticum

535 1183 829 1262 gesturo,
859 1178 1145 1244 dederat.
1238 1177 1644 1261 Regressum
1673 1178 1956 1257 Paetum,
1979 1197 2132 1242 cum
2160 1177 2473 1261 graviora
2499 1187 2758 1245 metue·

1246 475 1256 487 ,
1283 417 1326 465 o
1392 414 1758 485 coariani
1805 413 2064 481 ‘raeiri
2430 420 2527 503 [4.
2550 422 2621 474 υ.
2638 423 2756 492 aiz.

533 1376 705 1422 emus,
749 1364 798 1410 et
834 1362 1001 1411 addita
1022 1367 1092 1411 est
1114 1326 1460 1426 quintadecima
1495 1378 1521 1413 e
1558 1362 1807 1412 Pannonia
1840 1362 1981 1423 legio,
2017 1361 2093 1411 cui
2112 1365 2318 1426 praerat
2349 1360 2546 1409 Marius
2570 1358 2758 1410 Celsus.

537 1427 811 1478 Nuntiatur
853 1427 1110 1476 tetrarchia
1148 1444 1204 1476 ac
1247 1429 1449 1503 regitur.
1477 1427 1805 1503 presentiaque
1828 1432 1875 1475 et
1891 1426 2290 1490 procuratoribus,
2313 1432 2356 1474 et
2380 1427 2442 1475 iis
2472 1426 2764 1490 praetoribu

533 1493 619 1555 qui
641 1492 820 1541 vicinas
852 1492 1120 1555 pror-ineius
1152 1492 1400 1555 curabant,
1438 1491 1659 1557 imperio
1699 1491 2006 1541 Corbulonis
2045 1490 2294 1540 obedire:
2329 1491 2382 1540 iu
2415 1491 2611 1540 eandem
2637 1490 2758 1550 fere

533 1557 892 1619 amplitudinem
912 1559 1115 1606 adaucta
1132 1557 1365 1620 potentio,
1383 1574 1523 1620 quum
1546 1558 1667 1607 olim
1699 1557 1892 1620 populus
1918 1557 2055 1604 Rom.
2078 1559 2362 1604 concesserat
2399 1556 2488 1604 Cn.
2523 1555 2758 1618 Pompeio

532 1622 701 1672 benum
736 1621 925 1672 Piretis
961 1622 1171 1672 illatura.
1235 1623 1306 1671 Ee
1341 1626 1586 1674 contentus
1606 1622 1716 1682 suit
1738 1623 1869 1672 Nero
1901 1621 2094 1670 illudere
2108 1620 2364 1685 per-jocum
2381 1621 2520 1670 Poeto
2539 1634 2758 1684 reverso,

1467 1757 1823 1777 000000000000

531 1834 854 1896 teolanus,in
872 1836 1020 1885 hoste.
1069 1833 1397 1886 Brotier.-2
1431 1835 1534 1884 Ms.
1557 1833 1698 1883 Flor.
1718 1833 1870 1883 Cieio.
1936 1833 2041 1884 Ms.
2059 1832 2190 1896 Reg.
2214 1832 2368 1882 Tieio.
2435 1832 2564 1884 Mas.
2586 1831 2754 1883 Corb.

531 1898 660 1961 Agr.
686 1898 858 1949 Guelf.
881 1899 1043 1948 editio
1065 1901 1330 1963 princeps,
1355 1900 1503 1950 Citio.
1574 1900 1676 1949 Ms.
1720 1899 1872 1948 Bodl.
1918 1906 1974 1948 et
2014 1898 2350 1959 Puteolanus,
2394 1903 2450 1946 et
2492 1898 2760 1961 Byckius,

531 1963 713 2012 civilio.
749 1965 877 2013 Mss.
912 1964 1060 2014 Harl.
1096 1965 1205 2016 Jes.
1245 1967 1430 2027 Cincio,
1468 1971 1523 2013 et
1557 1964 1632 2013 sic
1670 1963 1981 2013 Gronovius.
2018 1964 2274 2025 Corrupto
2298 1975 2496 2012 omnes.
2529 1963 2759 2026 Pighius

529 2028 925 2089 emendandum,
951 2029 1131 2090 Cestio,
1154 2038 1298 2079 recte
1319 2029 1533 2079 monuit.
1571 2029 1784 2079 Brotier.
1817 2028 1902 2092 qui
1942 2043 2057 2077 cum
2099 2028 2325 2077 Homero
2352 2028 2513 2075 Cestio
2545 2027 2758 2080 scribit.

530 2092 695 2141 Cincio
709 2093 919 2156 Bipont.
938 2094 1149 2143 habent.
1154 2099 1249 2144 -3
1275 2096 1361 2144 Ita
1379 2097 1502 2144 Mas.
1527 2093 1679 2142 Harl.
1701 2094 1832 2156 Reg.
1849 2091 2025 2142 Guels.
2040 2093 2314 2142 Rhenanus
2333 2098 2389 2140 et
2407 2092 2758 2144 recentiores.

525 2157 589 2205 Iu
613 2155 924 2208 editionibus
963 2160 1243 2220 veteribus,
1278 2175 1431 2223 quam.
1498 2160 1582 2209 Sic
1621 2172 1825 2222 quoque
1861 2157 2095 2209 additum
2136 2157 2187 2205 in
2210 2157 2442 2219 margine
2463 2157 2567 2205 Ms.
2595 2156 2753 2207 Harl.

525 2221 697 2334 guigo
725 2222 1015 2274 diceremus
1057 2226 1110 2273 iu
1149 2240 1252 2275 eum
1274 2227 1493 2275 ηιοᾱιιιη.
1546 2237 1762 2287 ..quem
1786 2224 1866 2273 vel
1888 2223 1939 2272 in
1960 2226 2147 2272 tantm
2166 2223 2414 2272 modum..
2430 2227 2752 2286 nonaum.

578 2286 752 2339 rotier.

1527 2428 1743 2482 NOTAE

521 2522 690 2574 libens
706 2526 969 2591 suscepit.’
1034 2528 1263 2579 Seneca:
1299 2527 1315 2557 ‘
1336 2526 1595 2578 Differam
1676 2529 1882 2591 arellius,
1909 2527 2017 2580 sive
2041 2525 2339 2578 ethnan-chios
2359 2524 2614 2591 appellat.
2632 2517 2753 2578 ‘Le-

521 2602 636 2653 haec
675 2603 727 2653 in
764 2606 1029 2669 praesenti.
1099 2607 1415 2656 Desideraut
1453 2606 1592 2656 enim
1673 2619 1842 2667 ponus.

517 2680 722 2743 longam
779 2688 835 2732 et
884 2683 1148 2747 propriam
1192 2683 1592 2734 executionem!

519 2753 785 2807 Addubito
828 2764 1021 2821 tamen,
1054 2776 1174 2810 uum
1208 2761 1312 2824 leg.
1351 2761 1588 2825 Syriaque

518 2830 639 2882 Sex.
664 2835 849 2886 Cincio.
882 2836 1106 2900 Lipsius.

581 2906 825 2973 Syriaeque
844 2912 1080 2976 executio]
1100 2912 1290 2961 Parum
1303 2911 1458 2975 digna
1473 2911 1587 2963 haec

514 2982 714 3034 Tacito.
784 2985 942 3035 Forte
996 2987 1244 3052 Syriaque
1296 3005 1414 3039 eura
1466 2989 1585 3039 Sex.

519 3056 705 3121 Cincio,
725 3060 810 3108 vel
833 3060 979 3123 Syria
999 3062 1145 3112 Sexto
1171 3065 1349 3114 Cincio.

582 3140 605 3165 ¹¹
639 3135 804 3183 Morio
836 3136 997 3200 Celso]
1057 3139 1159 3191 Qui
1203 3141 1284 3188 vir
1307 3137 1587 3206 egregius,

515 3207 757 3275 belloque
780 3213 920 3262 civili
948 3230 1066 3264 mox
1092 3217 1423 3281 clarissimus,
1446 3216 1586 3267 infra

513 3287 656 3337 libris
681 3289 880 3340 Histor.
912 3291 1014 3340 Sed
1039 3291 1144 3343 fide
1166 3295 1348 3357 major,
1370 3295 1497 3344 licet
1517 3309 1582 3344 eo

511 3361 622 3426 ipso
642 3363 893 3415 infaustus
916 3382 929 3425 3
975 3381 1112 3415 nunc
1152 3375 1349 3418 tantum
1380 3370 1584 3433 legatus

512 3440 731 3503 legionis
754 3443 1170 3507 quintae'decimae
1194 3445 1245 3493 in
1275 3445 1516 3495 Oriente.

575 3515 741 3565 Mario
779 3518 938 3580 Celso]
990 3519 1095 3569 Qui
1149 3519 1334 3570 Galbae
1370 3521 1584 3583 amicus,

510 3604 632 3658 mox
654 3592 790 3641 fama
812 3594 938 3643 belli
963 3596 1282 3660 conspicuus,
1314 3598 1581 3662 praecipue

509 3666 658 3716 bellis
677 3667 917 3719 civilibus
943 3670 1163 3721 Othonis
1188 3678 1243 3722 et
1257 3673 1478 3722 Vitellii.

573 3748 596 3773 '
628 3743 899 3808 Pannonia]
925 3745 1041 3796 Lib.
1067 3759 1169 3796 ιιι.
1204 3752 1287 3796 29.
1327 3749 1510 3799 Tillem.

572 3824 607 3850 '¹
638 3819 880 3870 Ser-ibitur
896 3823 1171 3886 tetrarchis]
1207 3825 1475 3874 Tetrarchoe
1501 3825 1577 3875 di-

506 3895 779 3957 cebantur,
802 3897 891 3961 qui
927 3904 1167 3962 quartam
1203 3901 1348 3963 regni
1373 3910 1576 3964 partem

506 3970 833 4021 obtinebant.
857 3972 1042 4022 Cicero
1061 3973 1113 4022 in
1133 3974 1366 4040 Philipp.
1392 3977 1409 4005 ‘
1427 3977 1574 4027 Idem

431 4093 436 4096 .
505 4049 550 4099 si
575 4049 741 4100 ceteri
776 4065 948 4114 reges,
975 4054 1276 4118 tetrarchae,
1315 4055 1575 4120 dynastae·

504 4138 607 4189 que
625 4123 912 4190 fecissent!

451 4199 458 4205 ’
569 4197 833 4261 Augustus
851 4187 1080 4252 Herodis
1115 4206 1322 4269 majoris
1354 4220 1573 4271 regnum

504 4268 678 4324 divisit
714 4274 768 4325 in
794 4278 1119 4331 tetrarchias.
1184 4277 1447 4346 'Joseplrus
1468 4288 1577 4348 top-

1742 2678 2033 2743 Tetrarchis]
2065 2680 2150 2730 Sic
2173 2677 2481 2736 dividebant
2500 2691 2669 2742 regna
2695 2679 2751 2730 in

1667 2757 1841 2820 plures
1882 2762 2075 2828 partes,
2096 2762 2156 2806 ut
2177 2756 2380 2820 regulos
2402 2771 2465 2805 ac
2495 2756 2752 2820 dynastas

1666 2823 1863 2897 plnres,
1899 2840 1957 2883 et
1980 2832 2307 2883 invalidiores
2329 2833 2481 2882 simul
2518 2839 2576 2883 et
2596 2819 2759 2884 obse:

1666 2909 1969 2973 quentiores
1989 2909 2256 2960 haberent.

1730 2993 1757 3018 ¹
1793 2986 2153 3053 Proesectisque]
2206 2989 2283 3038 Ut
2306 2987 2468 3037 series
2495 3001 2673 3037 rerum
2690 2992 2750 3038 et

1665 3062 1911 3113 orationis
1958 3069 2059 3127 est,
2098 3064 2183 3112 hic
2224 3062 2472 3126 intelligit
2506 3078 2659 3127 reges
2683 3077 2747 3114 ae

1665 3138 1930 3202 dynastas,
1978 3146 2035 3189 et
2070 3155 2158 3205 per
2204 3138 2458 3203 proefectos
2500 3140 2749 3203 praecise,

1662 3214 1803 3278 ipsos
1842 3230 2085 3278 proceres
2145 3216 2412 3280 ducesque
2471 3216 2745 3266 nationum

1668 3291 1993 3341 auxiliarium
2013 3307 2104 3341 seu
2126 3292 2403 3352 sociorum,
2430 3292 2520 3355 qui
2547 3305 2745 3355 nempe

1662 3366 1826 3430 copiis
1851 3367 2186 3417 auxiliaribus
2208 3367 2261 3415 in
2275 3367 2411 3415 bello
2429 3372 2746 3429 praeessent.

1732 3450 1755 3484 1
1789 3444 2036 3508 Pompeio]
2085 3443 2155 3493 A.
2179 3443 2437 3494 Gabinius
2460 3443 2610 3495 'Pi-ib.
2632 3437 2745 3508 ple-

1665 3517 1744 3567 bis
1787 3519 1956 3582 legem
1994 3520 2135 3581 tulit,
2170 3526 2230 3569 ut
2265 3519 2459 3569 bellum
2485 3520 2743 3570 adversus

1662 3595 1873 3645 Piratas
1896 3597 1992 3646 Cn.
2012 3597 2264 3659 Pompeio
2289 3598 2343 3646 in
2368 3596 2743 3649 trienniumita

1659 3672 2014 3735 mandaretur,
2057 3680 2118 3723 ut
2159 3681 2275 3724 toto
2319 3674 2449 3723 mari
2486 3676 2629 3739 quod
2655 3680 2744 3726 est

1659 3751 1795 3802 intra
1819 3754 2078 3802 columnas
2103 3753 2365 3814 Herculis,
2397 3759 2454 3802 et
2492 3753 2549 3801 in
2583 3754 2739 3803 mari-

1658 3827 1798 3876 timis
1820 3828 2097 3892 proviuciis
2122 3843 2281 3893 usque
2297 3827 2362 3877 ad
2385 3827 2741 3892 quadringen-
2820 3829 2825 3836 ’

1660 3903 1896 3952 tesimum
1923 3918 1954 3952 a
1988 3905 2117 3953 mari
2146 3903 2392 3966 stadium,
2415 3910 2738 3967 potestatem

1657 3976 1874 4027 haberet
1911 3979 2202 4041 imperandi
2226 3978 2456 4043 regibus,
2502 3981 2737 4044 presidi·

1654 4054 1771 4115 bus,
1794 4067 1856 4104 ac
1879 4055 2203 4115 civitatibus,
2225 4061 2283 4105 ut
2300 4070 2358 4105 se
2381 4055 2540 4106 rebus
2572 4058 2735 4107 omni·

1655 4129 1752 4178 bus
1796 4129 1863 4178 ad
1903 4131 2019 4194 ejus
2065 4131 2188 4180 belli
2229 4131 2733 4228 administrationem

1654 4205 1964 4256 necessariis
1976 4206 2248 4270 juvarent.
2302 4231 2307 4238 ·
2470 4233 2475 4236 ,
2578 4211 2583 4236 ²
2616 4211 2671 4244 '³‘
2722 4233 2729 4240 ·
