3063 4952
542 389 717 458 1824
1260 404 1326 451 c.
1373 402 1732 452 connitur
1780 399 2038 450 'rsci'rr

544 536 817 617 Medon
859 549 1167 616 Pacorus
1207 553 1355 613 ante
1396 553 1705 634 ceperat:
1748 547 2188 630 videbarque,
2232 553 2470 615 contra
2522 553 2756 614 vetera

540 657 836 721 fratrum‘
879 652 1038 718 odia
1081 656 1150 717 et
1195 652 1605 729 certamina,¹
1654 649 1927 715 familiae
1974 654 2222 715 nostrae
2280 650 2575 715 Penates
2634 651 2756 714 rite

540 755 1028 841 composuisse.
1119 753 1480 818 Prohibent
1534 752 1850 831 Romani,
1910 757 1978 817 et
2040 772 2303 836 pacem,
2358 754 2532 837 ipsis
2587 772 2756 817 nun-

541 867 765 944 quam’
812 850 1133 942 prospere
1178 856 1587 935 lacessitam,
1617 874 1789 919 nunc
1841 874 2109 939 quoquc
2143 854 2211 918 in
2245 854 2525 919 exitium
2559 875 2756 920 suum

538 964 952 1046 abrumpunt.
1039 958 1199 1023 Non
1244 959 1360 1025 ibo
1416 958 1714 1024 inficias:
1778 960 2092 1042 aequitate
2140 979 2342 1044 quam
2395 960 2750 1042 sanguine,

541 1083 749 1128 causa
780 1083 982 1146 quam
1012 1063 1237 1141 armiS,
1284 1063 1564 1127 retinere
1601 1067 1798 1146 parta
1830 1061 2195 1146 majoribus
2224 1064 2632 1127 malueram:
2698 1064 2757 1127 si

536 1165 954 1230 cunctatione
1000 1164 1273 1248 deliqui,
1310 1164 1561 1229 *virtute
1601 1165 1945 1246 corrigam.
2035 1163 2282 1229 Vestra
2335 1165 2609 1250 quidem
2652 1165 2754 1231 vis

537 1272 604 1333 et
633 1266 847 1352 gloria
873 1267 1252 1349 inintegro²
1284 1265 1427 1344 est,t
1453 1265 1683 1332 addita
1711 1266 2057 1331 modestiae
2089 1269 2307 1333 fama:
2355 1287 2509 1352 quae
2537 1288 2755 1353 neque

2435 404 2530 472 [A.
2551 408 2617 462 U.
2636 404 2759 489 1⁸16.

540 1445 859 1507 obtinuerat3
882 1443 1198 1509 videbarque
1221 1443 1354 1494 bene
1370 1443 1656 1509 providisse
1677 1443 1795 1507 paci
1814 1443 1991 1493 domus
2011 1448 2224 1507 nostrae,
2242 1444 2487 1494 adversus
2512 1444 2754 1510 antiquas

538 1511 760 1561 fratrum
795 1509 1078 1560 discordias
1128 1510 1605 1574 contentionesque.
1676 1509 1907 1559 Obstant
1940 1510 2182 1573 Romani,
2212 1516 2268 1559 et
2304 1511 2461 1559 etiam
2502 1525 2669 1572 nunc,
2701 1511 2752 1560 in

538 1577 817 1642 perniciem
841 1590 1005 1635 suam,
1038 1589 1220 1637 pacem
1243 1574 1452 1636 violant,
1472 1590 1625 1640 qnam
1655 1580 1813 1625 tamen
1835 1574 1935 1639 ipsi
1958 1589 2212 1640 nunquam
2237 1575 2458 1624 feliciter
2477 1590 2754 1640 oppugna-

539 1657 679 1692 vere.
755 1641 911 1692 Haud
950 1638 1238 1697 inficiabor,
1277 1640 1567 1689 maluissem
1594 1654 1903 1689 conservare
1925 1640 2047 1704 jure
2085 1655 2238 1704 quam
2261 1655 2463 1703 cruore,
2501 1641 2755 1705 aequitate

538 1722 689 1772 qnam
714 1704 871 1770 bello,
903 1718 965 1754 ea
998 1720 1114 1770 quae
1138 1705 1361 1768 majores
1391 1706 1545 1754 nostri
1582 1719 1979 1768 comparavere:
2034 1705 2078 1754 si
2118 1704 2243 1769 quid
2278 1705 2540 1754 nectendo
2584 1712 2753 1757 moras

541 1771 867 1821 commissum
904 1776 1001 1825 est,
1033 1785 1138 1819 mea
1174 1768 1481 1819 fortitudine
1505 1770 1822 1820 instaurabo.
1890 1771 2082 1820 Vestra
2121 1778 2265 1819 certe
2297 1770 2558 1833 potentia,
2592 1776 2753 1820 cestra

536 1835 676 1888 fama
710 1836 846 1886 baud
868 1835 1138 1885 imminuta
1155 1842 1256 1900 est,
1289 1835 1539 1900 adjuncta
1570 1840 1617 1885 et
1656 1835 2023 1886 moderationis
2061 1834 2235 1899 laude,
2266 1850 2379 1900 quae
2400 1850 2497 1885 nec
2523 1851 2556 1886 a
2579 1850 2752 1890 rerum

1462 1962 1639 1981 ‘O‘m
1642 1961 1819 1982 ““““

604 2034 629 2079 1
665 2028 753 2080 Sic
798 2028 931 2079 bene
970 2030 1263 2079 Rhenanus.
1330 2029 1393 2078 In
1425 2029 1529 2097 Ms.
1571 2030 1744 2093 Corb„
1770 2037 1827 2081 et
1862 2031 2089 2082 editione
2125 2030 2381 2096 principe,
2418 2036 2659 2080 certamen
2682 2031 2746 2083 in.

536 2096 664 2147 Mss-
700 2095 848 2146 Harl.
891 2095 1044 2145 Bodl.
1083 2096 1195 2149 JeS.
1234 2092 1412 2146 Guelf.
1447 2098 1699 2146 certamen.
1749 2096 2078 2148 Brotier.—2
2110 2097 2336 2149 Budens.
2367 2096 2562 2160 integra
2592 2103 2750 2148 est.—

1536 2244 1749 2321 nors-3

1677 2361 1882 2413 deinde.
1898 2361 1979 2412 his
2003 2361 2403 2427 cogitationibus
2424 2360 2623 2412 avitum
2644 2376 2749 2417 ma·

1675 2440 1800 2505 lum,
1822 2440 1968 2506 regni
1990 2440 2200 2506 cupido,
2226 2447 2386 2506 atque
2408 2439 2533 2489 inde
2554 2437 2748 2491 foedum

533 2353 693 2423 igitur
715 2346 1068 2424 amplitudinis
1102 2358 1286 2425 gradus
1307 2359 1444 2425 apud
1469 2361 1596 2411 Par-

533 2439 665 2502 thos,
711 2435 811 2489 fnit
855 2452 1067 2503 regnum
1112 2439 1439 2491 Parthorum.
1504 2439 1593 2490 Se·

533 2517 731 2569 cundus
783 2520 986 2583 gradus,
1038 2534 1252 2586 regnum
1299 2520 1593 2573 Medorum.

529 2596 761 2661 Tertius,
783 2612 993 2660 regnum
1014 2597 1368 2649 Armeniorum
1390 2614 1404 2648 :
1441 2603 1594 2661 etta·

528 2672 654 2723 lium
679 2689 953 2739 regnorum
977 2676 1282 2727 distributor
1306 2676 1606 2727 vetustissi·‘

529 2764 644 2820 mus
658 2749 902 2817 fratrum,
922 2751 1042 2803 ideo
1059 2769 1116 2803 se
1138 2767 1312 2818 regem
1333 2768 1593 2819 magnum,

532 2840 624 2877 seu
644 2842 819 2892 regem
841 2844 1020 2893 regum
1045 2830 1323 2882 vocitabat.

598 2902 765 2954 Quem
790 2904 995 2954 titulum
1021 2900 1116 2968 ipsi
1136 2906 1299 2956 literis
1320 2907 1422 2957 suis
1443 2922 1596 2971 nega·

528 2977 655 3028 bant
678 2978 834 3029 duces
849 2987 904 3029 et
916 2981 1184 3046 *principes
1202 2984 1436 3035 Romani.
1474 2981 1593 3034 Pri-

527 3069 641 3104 mus
658 3056 1008 3120 Vespasianus
1037 3060 1290 3109 concessit
1312 3060 1590 3124 Vologesi:

529 3136 678 3195 puto,
714 3132 834 3196 quia
857 3138 961 3182 tum
987 3136 1179 3185 amicus
1201 3137 1446 3202 Romanis
1477 3152 1591 3201 rex,

526 3215 583 3259 et
622 3207 877 3261 offerebat
902 3212 1244 3276 qnadraginta
1267 3214 1423 3265 millia
1447 3215 1590 3280 equi-

525 3292 635 3336 tum
681 3288 936 3338 Flavianis
978 3289 1117 3339 bello
1158 3291 1296 3341 civili
1342 3292 1588 3343 adversus

524 3364 823 3427 Vitellium3
859 3381 955 3416 nec
989 3375 1095 3416 tum
1122 3369 1367 3433 temporis
1387 3370 1592 3435 irritan-

525 3438 581 3490 di
618 3439 831 3500 fuerunt
867 3435 1452 3505 potentissimi'bostes:
1487 3448 1604 3516 vel,

525 3515 648 3580 quia
669 3515 778 3564 haec
803 3523 861 3567 ut
889 3518 1052 3568 inania
1083 3522 1359 3583 spernebat
1383 3522 1589 3573 subrus-

525 3589 660 3640 ticus
682 3592 1048 3660 VespasianuS‚
1084 3595 1288 3662 imperii
1329 3597 1433 3647 vim
1465 3600 1596 3668 reti-¹

522 3680 668 3718 nens.
744 3687 747 3690 ·

586 3744 752 3794 Erant
794 3752 964 3797 tamen
1011 3756 1068 3800 et
1106 3749 1192 3799 alii
1232 3765 1379 3815 reges
1425 3751 1585 3801 inser-

518 3821 722 3872 vientes
744 3823 975 3885 Parthis,
999 3834 1058 3876 ut
1080 3827 1400 3876 Monobazus
1424 3827 1584 3878 Adia-

517 3894 789 3961 benorum,
827 3908 881 3950 et
915 3903 1000 3950 alii
1038 3903 1294 3965 Dynastae
1325 3919 1386 3953 ac
1409 3907 1583 3953 Satra-

517 3995 636 4045 pae‘:
672 3982 847 4044 etiam,
865 3990 919 4032 et
942 3982 1143 4047 quidam
1164 3997 1311 4047 reges
1332 3981 1583 4047 Arabum,

517 4063 580 4109 ut
601 4055 702 4108 vim
734 4060 882 4108 Rom.
908 4067 1191 4124 aequarent.

583 4142 610 4177 (Ι
643 4137 832 4206 Medos]
867 4138 982 4188 Lib.
1006 4150 1107 4186 ΧΠ.
1128 4153 1171 4187 c.
1191 4142 1271 4192 14.
1311 4138 1552 4187 Rumon.

583 4218 604 4244 ¹’
643 4212 807 4262 Vetera
817 4215 1053 4278 fratrum]
1103 4216 1214 4266 Liv.
1246 4231 1283 4265 1.
1307 4212 1356 4267 6.
1392 4216 1458 4264 de
1481 4216 1582 4265 Ro-

519 4288 658 4339 mulo
673 4296 727 4342 et
748 4290 911 4343 Remo
931 4290 1211 4345 fratribus:
1245 4293 1262 4322 ‘
1286 4292 1581 4345 Intervenit

1676 2524 1940 2569 certamen
1964 2524 2193 2569 coortum
2216 2534 2247 2568 a
2263 2518 2387 2567 satis
2410 2517 2526 2566 miti
2552 2517 2745 2581 princi·

1676 2594 1781 2659 pio,
1802 2595 2038 2661 qnoniam
2064 2595 2248 2659 gemini
2273 2600 2465 2655 essent,
2488 2609 2590 2644 nec
2620 2600 2747 2644 aeta·

1674 2670 1743 2720 tis
1776 2671 2093 2722 verecundia
2125 2672 2397 2723 discrimen
2421 2670 2600 2721 facere
2630 2684 2754 2742 pos·-

1672 2748 1788 2812 set,'
1842 2752 1940 2800 &c.
2017 2750 2032 2776 ‘
2065 2750 2197 2800 Inde
2242 2764 2357 2799 cum
2402 2749 2744 2804 altercatione

1673 2827 1957 2891 congressi,
1989 2826 2269 2878 certamine
2307 2826 2499 2875 irarum
2533 2824 2601 2874 ad
2642 2840 2744 2875 cae·

1653 2905 1792 2972 ‘dem
1835 2912 2126 2956 vertuntur.
2201 2904 2283 2954 Ibi
2324 2904 2379 2954 in
2411 2903 2567 2955 turba
2606 2903 2741 2954 ictus

1674 2982 1871 3033 Remus
1892 2982 2119 3033 cecidit!

1737 3068 1756 3093 ⁸
1788 3061 2065 3125 Nunquam]
2098 3062 2236 3111 Raro
2260 3065 2406 3110 certe
2429 3057 2614 3108 felices
2636 3058 2742 3112 Ro-⁸

1671 3138 1810 3189 mani
1846 3139 2095 3189 adversus
2132 3137 2353 3187 Parthos
2393 3141 2490 3202 aut
2524 3136 2739 3204 Bersas,

1672 3222 1730 3267 et
1751 3231 1892 3284 saepp
1915 3214 2013 3264 fusi
2036 3214 2336 3279 fugatique:
2382 3213 2471 3263 sed
2495 3213 2585 3263 hic
2608 3228 2739 3278 pra:-

1674 3292 1825 3355 cipue
1864 3291 2078 3355 respicit
2112 3290 2177 3340 ad
2218 3289 2420 3340 cladem
2459 3290 2656 3353 Crassi,
2683 3294 2738 3339 et

1673 3371 1754 3420 M.
1779 3367 2010 3420 Antonii.

1737 3449 1752 3480 i
1791 3448 1961 3498 Vestra
1984 3448 2056 3497 vis
2077 3452 2123 3496 et
2148 3445 2308 3509 gloria
2345 3446 2395 3494 in
2428 3442 2738 3507 integr-out]

1671 3523 1822 3574 Licet
1845 3524 2079 3573 cunctati
2102 3531 2290 3590 essent,
2312 3536 2409 3573 nec
2449 3522 2644 3572 bellum
2665 3514 2735 3571 in·

1670 3599 1914 3649 tulissent
1936 3600 2203 3662 Romanis,
2236 3605 2291 3649 et
2323 3598 2556 3648 lacessiti
2589 3596 2737 3663 quasi

1667 3691 1765 3740 per
1803 3667 2167 3726 contumeliam
2208 3682 2379 3726 essent
2415 3690 2447 3723 a
2471 3674 2734 3739 Tigrane:

1666 3749 1840 3817 supra,
1865 3755 1880 3781 ‘
1901 3753 1979 3803 Eo
2002 3752 2366 3803 contemtionis
2384 3750 2735 3816 descensum‚'

1664 3833 1765 3880 ὅτε.
2401 3876 2405 3880 «

1727 3906 1977 3958 Attamen
2016 3922 2192 3971 neque·
2236 3906 2369 3956 bello
2410 3914 2504 3956 arnt
2550 3905 2734 3969 praelio

1664 3984 1791 4035 victi
1816 3985 1981 4033 adhuc
2006 3992 2187 4034 eraut:
2224 3984 2426 4045 integra
2450 3984 2636 4045 gloria,
2657 3983 2736 4039 in·‚

1665 4066 1840 4123 tegrae·
1858 4060 1995 4109 vires
2020 4075 2115 4109 nec
2159 4059 2295 4110 bello
2319 4057 2526 4121 fractae,
2550 4059 2729 4109 addito

1664 4144 1923 4202 praeterea
1943 4147 2001 4187 et
2034 4136 2301 4187 modestiae
2338 4137 2551 4199 decore,
2592 4134 2730 4202 quod

1659 4215 1715 4263 in
1738 4215 1947 4264 summis
1972 4214 2174 4278 regibus
2198 4227 2448 4264 summum
2471 4218 2574 4262 est.
2642 4208 2728 4261 In»

1660 4298 1822 4358 tegrae
1865 4306 1949 4342 res
1982 4298 2122 4359 sunt,
2164 4292 2180 4320 ‘
2207 4290 2345 4359 quod
2388 4289 2723 4344 cunctatione
