3063 4952
514 342 690 412 1854

517 506 746 584 nuntii,
795 510 862 570 et
908 506 929 538 ‘
957 501 1166 586 Regis
1212 499 1686 585 colloquium'y
1730 501 2030 585 petitum,
2077 500 2195 585 qui
2244 504 2264 536 ‘
2306 499 2733 579 Vasacen,³⁸

520 610 920 676 Praefectum
950 608 1310 692 equitatus,
1355 605 1465 669 ire’
1489 604 1721 689 jussit.
1810 605 1985 669 Tum
2019 605 2282 681 Paetus,
2334 608 2353 638 ‘
2384 604 2730 683 LuculloS‚

522 714 947 797 Pompei08,¹¹
975 719 1042 775 et
1069 712 1128 773 si
1161 730 1297 793 qua
1322 707 1677 773 Caesares*
1717 708 2099 771 obtinendae
2133 705 2577 773 donandaeveb
2606 705 2734 770 Ar-

521 814 755 880 meniae
779 818 1040 896 egerant
1059 809 1136 892 ;'⁵
1182 810 1509 887 VasaceS,
1533 814 1552 843 ‘
1577 811 1929 892 imaginem
1947 811 2272 875 retinendi
2294 804 2738 892 largiendive⁶

522 938 727 1004 penes
755 937 902 994 nOS,
960 917 1096 981 vim
1128 935 1327 999 penes
1360 913 1689 992 Parthos:
1716 915 2129 983 memoravit.
2220 913 2309 978 Et
2335 914 2623 976 multum
2639 911 2737 975 in-

527 1022 747 1086 vicem
769 1019 1160 1104 disceptato,
1193 1018 1634 1082 Monobazuse
1673 1016 2067 1082 Adiabenus
2096 1019 2166 1081 in
2196 1018 2371 1082 diem
2395 1023 2739 1100 posterum

1208 356 1282 409 ,6.
1318 355 1529 411 ῦΟΒΝ
1543 354 1699 403 ELII
1748 354 2007 404 ‘sacrm
2413 360 2508 428 [A.
2528 363 2598 413 U.
2619 362 2733 413 810.

525 1205 735 1265 nuntios,
766 1208 814 1253 et
847 1203 987 1266 regis
1018 1216 1348 1267 congressum
1375 1202 1648 1265 postulavit,
1681 1203 1762 1267 qui
1785 1203 2042 1251 Vasacem
2069 1200 2379 1265 praefectum
2401 1202 2638 1278 equitum
2662 1200 2738 1251 ire

527 1271 589 1321 ad
609 1240 881 1331 colloquium
902 1270 1066 1330 jussit.
1140 1268 1258 1316 Tum
1282 1269 1447 1316 Poetus
1467 1269 1741 1316 memoravit
1766 1268 2024 1328 Lucullos,
2060 1267 2358 1331 Pompeios,
2394 1275 2453 1316 et
2476 1267 2521 1316 si
2543 1266 2633 1330 qui
2655 1265 2741 1314 olii

529 1335 687 1385 duces
728 1335 868 1383 Rom.
903 1332 1139 1383 fecerant
1177 1333 1290 1381 olim
1331 1332 1643 1396 possidendo
1684 1339 1776 1382 aut
1816 1332 2094 1382 tribuendo
2134 1331 2452 1381 Armeniam.
2542 1333 2741 1380 Contra

537 1399 737 1450 Vasaces
756 1399 1022 1461 disseruit,
1056 1397 1282 1447 umbram
1319 1399 1651 1463 speciemque
1684 1398 2004 1462 possidendi,
2039 1404 2130 1447 aut
2163 1397 2423 1447 tribuendi
2446 1397 2742 1459 Armeniam,

517 1466 737 1529 fuissep
743 1478 865 1515 enes
899 1463 1176 1525 Romanos,
1209 1476 1317 1510 rem
1351 1478 1458 1512 vero
1494 1478 1656 1528 penes
1694 1464 1937 1513 Parthos,
2005 1464 2076 1512 Et
2097 1479 2202 1512 cum
2224 1464 2307 1511 diu
2328 1461 2531 1511 invicem
2551 1466 2738 1511 conten

527 1531 723 1594 dissent,
754 1529 1042 1579 Monobazus
1070 1499 1342 1578 Adiabenus
1373 1532 1419 1591 te
1421 1530 1509 1577 stis
1550 1531 1806 1578 advocatur
1837 1528 1892 1578 in
1919 1529 2044 1578 diem
2077 1528 2339 1578 crastinum
2376 1529 2440 1577 iis
2472 1543 2578 1591 quae
2607 1526 2741 1591 pacti

1461 1660 1723 1680 OOOOOOOOO
1726 1660 1813 1680 ‘O‘

533 1760 872 1821 Puteolanus,
901 1759 1137 1808 Vosatem.
1140 1762 1237 1806 -4
1271 1759 1356 1808 Sic
1383 1759 1581 1822 optime
1604 1758 1862 1813 divinavit
1883 1759 2116 1808 Picheua
2148 1773 2212 1808 ex
2245 1758 2351 1808 Ms.
2386 1758 2529 1808 Flor.
2558 1763 2617 1807 et
2639 1758 2744 1808 edi·

535 1825 676 1875 tione
715 1824 972 1888 principe,
1010 1824 1060 1871 in
1102 1823 1303 1889 quibus,
1339 1829 1387 1873 et
1420 1825 1464 1872 si
1497 1839 1683 1888 quaees.
1750 1825 1853 1874 Ms.
1895 1826 2024 1889 Reg.
2038 1829 2367 1939 Βεξοεῐεξιὲῗαοεεό.
2401 1825 2565 1939 clglgs.
2569 1824 2745 1940 ¹323}

536 1889 689 1939 Bodl.
727 1890 834 1940 Jes.
855 1886 1031 1938 Guelf.
1071 1895 1127 1938 et
1164 1889 1504 1949 Puteolanus,
1536 1894 1584 1939 et
1621 1890 1665 1938 si
1703 1891 1783 1953 qui
1818 1891 1971 1940 duces.

535 1954 784 2016 Pompeios
820 1958 868 2003 et
906 1953 1149 2029 Scipiones
1178 1953 1442 2003 obtinendoe
1476 1926 1762 2004 donandoece
1799 1955 2040 2004 Armenioe
2076 1955 2284 2003 arbitros
2306 1954 2462 2014 fuisse
2500 1955 2592 2003 uit.
2660 1955 2745 2004 Sic

538 2025 712 2069 tamen
735 2025 813 2081 ut,
831 2017 989 2078 fuisse
1008 2018 1098 2081 oit,
1130 2018 1198 2067 sit
1220 2034 1250 2067 a
1272 2033 1425 2068 manu
1452 2021 1698 2080 secunda,
1737 2035 1887 2070 erasa
1908 2021 2135 2069 lectione
2159 2030 2357 2070 vetere.
2423 2019 2681 2083 RyckiuS.
2683 2046 2747 2058 --

538 2089 572 2133 6
603 2084 691 2132 Ita
712 2084 837 2142 Mas.
868 2084 1007 2137 Flor.
1043 2055 1172 2146 R’eg.
1207 2084 1364 2134 Corb.
1395 2084 1559 2134 editio
1589 2086 1832 2150 princeps
1867 2092 1921 2135 et
1944 2085 2308 2136 recentiores.-
2345 2084 2407 2134 Iu
2434 2085 2566 2134 Mss.
2594 2084 2748 2135 Harl.

534 2149 690 2201 Bodl.
713 2149 823 2201 Jes.
845 2156 900 2200 et
921 2149 1260 2214 Puteolanus,
1280 2150 1556 2200 donandive.

1535 2288 1756 2340 NOTAE

605 2415 627 2450 5
662 2407 817 2470 Regis
835 2408 1134 2472 colloquium]
1170 2410 1338 2472 Reges
1370 2423 1488 2458 cum
1523 2423 1604 2458 re·

502 2527 505 2530 ,
542 2488 694 2553 gibus
729 2487 952 2551 colloqui
992 2487 1196 2537 decuit:
1249 2486 1323 2537 sic
1358 2486 1607 2549 Pacorus,

532 2565 740 2631 juvenis
778 2564 1178 2626 excelsissimus,
1232 2564 1392 2627 Regis
1430 2563 1608 2627 magni

541 2643 695 2707 filius,
733 2659 849 2693 cum
889 2644 948 2694 C.
989 2644 1197 2693 Caesare
1235 2641 1342 2691 filio
1384 2642 1606 2707 Augusti

543 2735 848 2785 congressus
884 2726 969 2769 est
1006 2720 1070 2769 ad
1113 2718 1452 2784 Euphratem.
1515 2718 1605 2768 Sic

545 2804 602 2847 et
624 2797 920 2847 Artabanus
945 2795 1063 2845 Rex
1084 2797 1281 2859 Regum
1317 2810 1437 2845 cum
1475 2795 1607 2845 Ger·

534 2875 743 2928 kmanico
767 2873 991 2923 Caesare.

610 2956 631 2983 ⁸
666 2949 765 3005 Qui
784 2947 1012 3013 Vasacen]
1047 2950 1256 3015 Quippe
1273 2948 1406 2999 infra
1420 2949 1609 3013 majes-

546 3031 709 3075 tatem
747 3025 901 3087 Regis
937 3023 1059 3086 fuit,
1092 3026 1314 3090 colloqui
1340 3040 1457 3075 cum
1492 3026 1612 3089 alio,

548 3119 701 3169 quam
721 3118 836 3153 cum
849 3105 1011 3169 Rege,
1022 3112 1078 3153 et
1096 3105 1385 3168 praesertim
1404 3105 1457 3155 id
1472 3103 1610 3154 infra

548 3180 814 3245 fastigium
841 3180 1212 3231 Arsacidarum
1252 3190 1306 3231 et
1330 3183 1487 3247 Regis
1510 3185 1610 3233 Re-

536 3274 721 3324 gum,
753 3266 813 3308 ut
870 3260 1092 3323 Magnus
1149 3259 1448 3311 Alexander
1491 3276 1611 3310 cum

547 3337 667 3385 solis
700 3336 926 3401 Regibus
968 3342 1171 3387 certare
1217 3338 1399 3401 voluit,
1438 3339 1512 3389 ita
1557 3345 1612 3388 et

532 3413 791 3477 colloqui.

613 3496 636 3523 ⁸
668 3489 905 3551 Lucullos,
926 3490 1196 3555 Pompeios]
1229 3491 1325 3541 Isti
1348 3490 1497 3556 primi
1520 3492 1612 3541 du-

536 3581 640 3617 ¹ces
679 3568 827 3616 Rom.
869 3568 1139 3618 Orientem
1196 3569 1517 3632 subegerunt
1558 3575 1615 3619 et

549 3644 817 3695 Armenias
831 3660 982 3711 reges
995 3646 1340 3708 debellarunt,
1351 3653 1611 3711 prostrato

535 3723 879 3784 Mithridate,
944 3724 1064 3775 dein
1110 3732 1166 3775 et
1211 3726 1457 3790 Tigrane,
1518 3728 1609 3792 qui

549 3800 744 3851 auxilio
751 3802 966 3866 juverat
984 3802 1342 3852 Mithridatem
1361 3819 1613 3855 socerum.

617 3877 640 3912 ¹²
676 3880 743 3928 Et
776 3880 819 3928 si
853 3895 947 3944 qua
990 3881 1200 3930 Caesares
1237 3881 1498 3931 obtinendoe
1535 3884 1615 3931 do-

548 3957 796 4019 nondaeve]
845 3956 953 4004 Pro
1012 3973 1104 4021 qua
1166 3960 1396 4022 Coesares,
1458 3961 1620 4024 vulgo„

550 4034 745 4099 legitur
805 4035 887 4097 qui
958 4036 1098 4084 duces
1110 4052 1130 4093 ,·
1209 4043 1261 4086 et
1336 4038 1410 4087 sic
1465 4038 1614 4087 Vett.

552 4110 690 4162 libri.
736 4110 843 4160 Sed
865 4125 1049 4161 revera
1073 4114 1285 4164 Coesares
1315 4114 1611 4177 legendum.

553 4187 822 4237 Percurrit
857 4190 993 4239 enim
1031 4197 1212 4241 auctor
1266 4206 1443 4241 omnes
1490 4205 1614 4256 pop.

558 4264 705 4316 Rom.
739 4264 1109 4332 Imperatores,
1145 4268 1329 4334 quibus
1365 4284 1482 4320 cum
1515 4267 1615 4318 Ar-

1683 2408 1857 2458 menia
1877 2424 1963 2458 res
1996 2407 2115 2472 fuit,
2145 2415 2204 2458 et
2233 2425 2264 2458 a
2295 2409 2514 2459 Lucullo
2550 2408 2752 2474 incipit,

1687 2488 1776 2552 qui
1795 2488 1991 2553 primus
2011 2503 2074 2538 eo
2096 2489 2246 2539 Rom.
2268 2488 2415 2553 sigua
2435 2487 2637 2538 intulit.

1752 2566 1860 2615 Per
1875 2566 2181 2630 Pompeium
2205 2566 2268 2615 ad
2290 2567 2505 2615 Caesores
2518 2565 2755 2630 devenit,

1688 2642 1776 2707 qui
1794 2643 1991 2709 aliquot
2013 2657 2161 2706 reges
2190 2641 2449 2694 Armeniis
2470 2642 2757 2707 dederunt,

1688 2726 1747 2769 ut
1780 2719 2133 2785 superioribus
2161 2719 2306 2769 libris
2340 2720 2629 2769 indicatum
2659 2725 2757 2768 est.

1687 2796 1868 2846 Duces
1908 2797 2046 2846 enim
2101 2803 2221 2860 post
2271 2797 2544 2848 Lucullum
2604 2798 2758 2846 Pom-

1688 2872 1968 2938 peiumque
1992 2873 2116 2922 nihil
2140 2879 2385 2937 poterant
2408 2873 2462 2922 in
2501 2870 2758 2922 donandis

1689 2952 1880 3015 regnis,
1901 2952 1994 3001 sed
2018 2952 2269 3001 Caesares.
2333 2950 2710 3001 Freinshemius.

1755 3029 1959 3079 Primus
1992 3029 2179 3079 ducum
2217 3029 2505 3093 Pompeius
2539 3040 2758 3093 regnare

1682 3107 1841 3173 jussit
1861 3108 2158 3171 Tigranem,
2168 3108 2276 3171 jam
2299 3107 2471 3168 initio,
2492 3105 2762 3156 debellata

1693 3183 1958 3234 Armenia.
2024 3184 2133 3236 Per
2169 3185 2306 3232 duces
2338 3182 2475 3232 forte
2511 3180 2763 3246 intelligit

1690 3262 1899 3311 Tacitus
1912 3260 2067 3310 etiam
2082 3261 2228 3322 alios,
2240 3258 2328 3323 qui
2343 3258 2439 3307 snb
2460 3257 2759 3308 Caesaribus

1690 3338 1817 3402 ipsis
1831 3336 2088 3399 obtinuere,
2097 3340 2426 3387 autdonuoere
2436 3335 2762 3395 Armeniam,

1692 3422 1752 3463 ut
1774 3421 1918 3464 certe
1939 3415 2095 3465 Caius
2120 3415 2313 3477 Caesar,
2346 3413 2574 3477 Augusti
2603 3412 2761 3476 filins,

1693 3499 1750 3543 et
1783 3493 2019 3544 Tiberius
2052 3494 2147 3543 sub
2181 3492 2433 3556 Augusto,
2468 3491 2594 3540 dein
2628 3491 2762 3541 Ger-

1692 3570 1925 3620 manicus
1945 3570 2041 3619 sub
2065 3570 2277 3620 Tiberio
2301 3583 2414 3620 eam
2435 3567 2687 3618 obtinuere
2708 3573 2765 3617 et

1691 3650 1939 3709 timuere,
1991 3648 2105 3699 scil.
2151 3647 2453 3710 Principum
2497 3645 2765 3710 auspiciis.

1693 3727 1781 3776 De
1801 3727 1881 3775 his
1903 3726 2141 3789 ducibus,
2175 3725 2239 3775 de
2271 3725 2349 3773 his
2385 3723 2688 3774 Caesaribus
2708 3722 2762 3772 id

1696 3806 1922 3869 praecise
1941 3803 2350 3867 intelligendum.

1760 3889 1782 3915 ⁰
1815 3879 2125 3943 Monobazus]
2156 3879 2259 3931 Qui
2294 3877 2513 3941 regebat
2536 3875 2765 3926 Adiabe-

1695 3973 1805 4021 nos,
1816 3964 1873 4008 et
1880 3958 2029 4008 simul
2037 3954 2354 4006 inserviebat
2364 3952 2599 4015 Parthis,
2611 3951 2764 4001 tastis

1696 4036 1968 4085 adhibetur
2007 4033 2218 4083 t'oederis
2267 4046 2358 4081 seu
2394 4028 2762 4093 jurisjurandi.

1696 4113 1835 4163 Puto
1880 4127 1981 4161 non
2026 4110 2242 4176 praecise
2283 4108 2350 4158 ob
2393 4105 2762 4156 auctoritatem

1694 4189 1877 4254 ipsius,
1931 4203 2106 4255 neque
2137 4187 2276 4252 quod
2323 4183 2613 4249 praesentia
2647 4183 2760 4247 ejus

1696 4267 1994 4332 indigerent
2035 4266 2288 4331 absolute,
2327 4262 2420 4315 sed
2465 4262 2591 4328 quia
2633 4259 2762 4311 nati·
