<?xml version="1.0" encoding="UTF-8"?>
<!DOCTYPE html PUBLIC "-//W3C//DTD XHTML 1.0 Transitional//EN"
    "http://www.w3.org/TR/xhtml1/DTD/xhtml1-transitional.dtd">
<html xmlns="http://www.w3.org/1999/xhtml" xml:lang="en" lang="en">
 <head>
  <title>
</title>
<meta http-equiv="Content-Type" content="text/html;charset=utf-8" />
  <meta name='ocr-system' content='tesseract 3.04.00' />
  <meta name='ocr-capabilities' content='ocr_page ocr_carea ocr_par ocr_line ocrx_word'/>
</head>
<body>
  <div class='ocr_page' id='page_1' title='image "./operaomniavolum00tacigoog_0508.png"; bbox 0 0 3063 4952; ppageno 0'>
   <div class='ocr_carea' id='block_1_1' title="bbox 524 426 699 503">
    <p class='ocr_par' dir='ltr' id='par_1_1' title="bbox 524 426 699 503">
     <span class='ocr_line' id='line_1_1' title="bbox 524 426 699 503; baseline -0.011 0"><span class='ocrx_word' id='word_1_1' title='bbox 524 426 699 503; x_wconf 72' lang='lat'>1884</span> 
     </span>
    </p>
   </div>
   <div class='ocr_carea' id='block_1_2' title="bbox 1256 436 2041 494">
    <p class='ocr_par' dir='ltr' id='par_1_2' title="bbox 1256 436 2041 494">
     <span class='ocr_line' id='line_1_2' title="bbox 1256 436 2041 494; baseline -0.01 -1"><span class='ocrx_word' id='word_1_2' title='bbox 1256 442 1324 493; x_wconf 83' lang='lat'><strong>0.</strong></span> <span class='ocrx_word' id='word_1_3' title='bbox 1371 438 1571 494; x_wconf 73' lang='lat' dir='ltr'><strong>cmm</strong></span> <span class='ocrx_word' id='word_1_4' title='bbox 1581 436 1735 490; x_wconf 71' lang='lat' dir='ltr'><strong>nnn</strong></span> <span class='ocrx_word' id='word_1_5' title='bbox 1785 437 2041 487; x_wconf 75' lang='lat' dir='ltr'><strong>TAol&#39;rl</strong></span> 
     </span>
    </p>
   </div>
   <div class='ocr_carea' id='block_1_3' title="bbox 2415 437 2743 504">
    <p class='ocr_par' dir='ltr' id='par_1_3' title="bbox 2415 437 2743 504">
     <span class='ocr_line' id='line_1_3' title="bbox 2415 437 2743 504; baseline 0 -12"><span class='ocrx_word' id='word_1_6' title='bbox 2415 437 2513 504; x_wconf 81' lang='grc' dir='ltr'><strong>[Α.</strong></span> <span class='ocrx_word' id='word_1_7' title='bbox 2533 437 2606 491; x_wconf 80' lang='grc' dir='ltr'><strong>υ.</strong></span> <span class='ocrx_word' id='word_1_8' title='bbox 2625 443 2743 492; x_wconf 75' lang='lat' dir='ltr'><strong>sir.</strong></span> 
     </span>
    </p>
   </div>
   <div class='ocr_carea' id='block_1_4' title="bbox 1527 684 1824 755">
    <p class='ocr_par' dir='ltr' id='par_1_4' title="bbox 1527 684 1824 755">
     <span class='ocr_line' id='line_1_4' title="bbox 1527 684 1824 755; baseline -0.017 -17"><span class='ocrx_word' id='word_1_9' title='bbox 1527 684 1745 738; x_wconf 65' lang='lat' dir='ltr'><strong>norm</strong></span> <span class='ocrx_word' id='word_1_10' title='bbox 1818 750 1824 755; x_wconf 81' lang='lat'><strong>.</strong></span> 
     </span>
    </p>
   </div>
   <div class='ocr_carea' id='block_1_5' title="bbox 513 833 1594 3447">
    <p class='ocr_par' dir='ltr' id='par_1_5' title="bbox 523 833 1593 983">
     <span class='ocr_line' id='line_1_5' title="bbox 523 833 1593 907; baseline -0.009 -13"><span class='ocrx_word' id='word_1_11' title='bbox 523 857 626 894; x_wconf 88' lang='lat' dir='ltr'><strong>non</strong></span> <span class='ocrx_word' id='word_1_12' title='bbox 645 841 829 907; x_wconf 88' lang='lat' dir='ltr'><strong>liquet.</strong></span> <span class='ocrx_word' id='word_1_13' title='bbox 897 836 1171 903; x_wconf 74' lang='lat' dir='ltr'><strong>Onnphrius</strong></span> <span class='ocrx_word' id='word_1_14' title='bbox 1190 834 1455 884; x_wconf 76' lang='lat' dir='ltr'><strong>Pontn&#39;nius</strong></span> <span class='ocrx_word' id='word_1_15' title='bbox 1491 833 1527 884; x_wconf 86' lang='lat' dir='ltr'><strong>l.</strong></span> <span class='ocrx_word' id='word_1_16' title='bbox 1551 846 1593 884; x_wconf 86' lang='lat'><strong>1.</strong></span> 
     </span>
     <span class='ocr_line' id='line_1_6' title="bbox 524 917 1188 983; baseline -0.012 -14"><span class='ocrx_word' id='word_1_17' title='bbox 524 919 679 983; x_wconf 84' lang='lat' dir='ltr'><strong>Reip.</strong></span> <span class='ocrx_word' id='word_1_18' title='bbox 707 917 977 978; x_wconf 58' lang='lat' dir='ltr'><strong>Romanae,</strong></span> <span class='ocrx_word' id='word_1_19' title='bbox 996 931 1050 979; x_wconf 91' lang='lat' dir='ltr'><strong>p.</strong></span> <span class='ocrx_word' id='word_1_20' title='bbox 1073 917 1188 963; x_wconf 83' lang='lat'><strong>219.</strong></span> 
     </span>
    </p>

    <p class='ocr_par' dir='ltr' id='par_1_6' title="bbox 524 984 1594 1368">
     <span class='ocr_line' id='line_1_7' title="bbox 589 984 1594 1051; baseline -0.011 -5"><span class='ocrx_word' id='word_1_21' title='bbox 589 997 752 1046; x_wconf 81' lang='lat' dir='ltr'><strong>Forte</strong></span> <span class='ocrx_word' id='word_1_22' title='bbox 786 1000 989 1044; x_wconf 86' lang='lat' dir='ltr'><strong>tantum</strong></span> <span class='ocrx_word' id='word_1_23' title='bbox 1013 998 1191 1041; x_wconf 87' lang='lat' dir='ltr'><strong>votum</strong></span> <span class='ocrx_word' id='word_1_24' title='bbox 1223 986 1347 1051; x_wconf 82' lang='lat' dir='ltr'><strong>fuit,</strong></span> <span class='ocrx_word' id='word_1_25' title='bbox 1381 1001 1482 1036; x_wconf 88' lang='lat' dir='ltr'><strong>non</strong></span> <span class='ocrx_word' id='word_1_26' title='bbox 1516 984 1594 1036; x_wconf 90' lang='lat' dir='ltr'><strong>di-</strong></span> 
     </span>
     <span class='ocr_line' id='line_1_8' title="bbox 526 1065 1594 1133; baseline -0.009 -11"><span class='ocrx_word' id='word_1_27' title='bbox 526 1076 724 1133; x_wconf 82' lang='lat' dir='ltr'><strong>catum,</strong></span> <span class='ocrx_word' id='word_1_28' title='bbox 743 1076 835 1119; x_wconf 86' lang='lat' dir='ltr'><strong>aut</strong></span> <span class='ocrx_word' id='word_1_29' title='bbox 858 1068 1033 1119; x_wconf 87' lang='lat' dir='ltr'><strong>statim</strong></span> <span class='ocrx_word' id='word_1_30' title='bbox 1069 1065 1327 1127; x_wconf 88' lang='lat' dir='ltr'><strong>relictum,</strong></span> <span class='ocrx_word' id='word_1_31' title='bbox 1362 1078 1463 1113; x_wconf 89' lang='lat' dir='ltr'><strong>non</strong></span> <span class='ocrx_word' id='word_1_32' title='bbox 1487 1077 1594 1113; x_wconf 86' lang='lat' dir='ltr'><strong>sar-</strong></span> 
     </span>
     <span class='ocr_line' id='line_1_9' title="bbox 524 1143 1592 1209; baseline -0.007 -11"><span class='ocrx_word' id='word_1_33' title='bbox 524 1154 637 1199; x_wconf 87' lang='lat' dir='ltr'><strong>tum</strong></span> <span class='ocrx_word' id='word_1_34' title='bbox 679 1153 877 1196; x_wconf 86' lang='lat' dir='ltr'><strong>tectum</strong></span> <span class='ocrx_word' id='word_1_35' title='bbox 918 1151 1034 1209; x_wconf 86' lang='lat' dir='ltr'><strong>post</strong></span> <span class='ocrx_word' id='word_1_36' title='bbox 1077 1150 1300 1193; x_wconf 89' lang='lat' dir='ltr'><strong>mortem</strong></span> <span class='ocrx_word' id='word_1_37' title='bbox 1342 1143 1592 1206; x_wconf 80' lang='lat' dir='ltr'><strong>Poppaese</strong></span> 
     </span>
     <span class='ocr_line' id='line_1_10' title="bbox 525 1219 1594 1284; baseline -0.007 -10"><span class='ocrx_word' id='word_1_38' title='bbox 525 1232 619 1274; x_wconf 89' lang='lat' dir='ltr'><strong>aut</strong></span> <span class='ocrx_word' id='word_1_39' title='bbox 660 1223 902 1274; x_wconf 87' lang='lat' dir='ltr'><strong>Neronis.</strong></span> <span class='ocrx_word' id='word_1_40' title='bbox 970 1223 1039 1270; x_wconf 90' lang='lat' dir='ltr'><strong>Et</strong></span> <span class='ocrx_word' id='word_1_41' title='bbox 1084 1220 1260 1284; x_wconf 87' lang='lat' dir='ltr'><strong>potius</strong></span> <span class='ocrx_word' id='word_1_42' title='bbox 1296 1219 1594 1268; x_wconf 79' lang='lat' dir='ltr'><strong>execranda</strong></span> 
     </span>
     <span class='ocr_line' id='line_1_11' title="bbox 526 1290 1591 1368; baseline -0.004 -18"><span class='ocrx_word' id='word_1_43' title='bbox 526 1315 678 1368; x_wconf 84' lang='lat' dir='ltr'><strong>quam</strong></span> <span class='ocrx_word' id='word_1_44' title='bbox 703 1290 969 1350; x_wconf 84' lang='lat' dir='ltr'><strong>exoranda</strong></span> <span class='ocrx_word' id='word_1_45' title='bbox 991 1299 1110 1348; x_wconf 86' lang='lat' dir='ltr'><strong>talis</strong></span> <span class='ocrx_word' id='word_1_46' title='bbox 1127 1297 1458 1347; x_wconf 81' lang='lat' dir='ltr'><strong>Foecunditas</strong></span> <span class='ocrx_word' id='word_1_47' title='bbox 1476 1295 1591 1346; x_wconf 86' lang='lat' dir='ltr'><strong>fuit.</strong></span> 
     </span>
    </p>

    <p class='ocr_par' dir='ltr' id='par_1_7' title="bbox 588 1373 1590 1441">
     <span class='ocr_line' id='line_1_12' title="bbox 588 1373 1590 1441; baseline -0.005 -13"><span class='ocrx_word' id='word_1_48' title='bbox 588 1386 612 1411; x_wconf 72' lang='lat'>⁷</span> <span class='ocrx_word' id='word_1_49' title='bbox 629 1380 710 1428; x_wconf 75' lang='lat' dir='ltr'><strong>Aa</strong></span> <span class='ocrx_word' id='word_1_50' title='bbox 725 1379 964 1441; x_wconf 80' lang='lat' dir='ltr'><strong>exemplar</strong></span> <span class='ocrx_word' id='word_1_51' title='bbox 972 1376 1153 1426; x_wconf 68' lang='lat' dir='ltr'><strong>Attica</strong></span> <span class='ocrx_word' id='word_1_52' title='bbox 1165 1373 1432 1436; x_wconf 69' lang='lat' dir='ltr'><strong>religionis]</strong></span> <span class='ocrx_word' id='word_1_53' title='bbox 1455 1375 1590 1424; x_wconf 88' lang='lat' dir='ltr'><strong>Pan-</strong></span> 
     </span>
    </p>

    <p class='ocr_par' dir='ltr' id='par_1_8' title="bbox 517 1450 1590 2671">
     <span class='ocr_line' id='line_1_13' title="bbox 525 1450 1590 1514; baseline -0.008 -7"><span class='ocrx_word' id='word_1_54' title='bbox 525 1456 763 1507; x_wconf 84' lang='lat' dir='ltr'><strong>athenaea</strong></span> <span class='ocrx_word' id='word_1_55' title='bbox 809 1453 1202 1503; x_wconf 83' lang='lat' dir='ltr'><strong>Atheniensium</strong></span> <span class='ocrx_word' id='word_1_56' title='bbox 1248 1450 1470 1514; x_wconf 83' lang='lat' dir='ltr'>intelligi</span> <span class='ocrx_word' id='word_1_57' title='bbox 1502 1465 1590 1499; x_wconf 90' lang='lat' dir='ltr'><strong>vo-</strong></span> 
     </span>
     <span class='ocr_line' id='line_1_14' title="bbox 524 1527 1589 1596; baseline -0.007 -14"><span class='ocrx_word' id='word_1_58' title='bbox 524 1532 659 1595; x_wconf 87' lang='lat' dir='ltr'><strong>lunt,</strong></span> <span class='ocrx_word' id='word_1_59' title='bbox 698 1531 763 1581; x_wconf 91' lang='lat' dir='ltr'><strong>de</strong></span> <span class='ocrx_word' id='word_1_60' title='bbox 801 1531 982 1596; x_wconf 87' lang='lat' dir='ltr'><strong>quibus</strong></span> <span class='ocrx_word' id='word_1_61' title='bbox 1021 1529 1158 1593; x_wconf 89' lang='lat' dir='ltr'><strong>apud</strong></span> <span class='ocrx_word' id='word_1_62' title='bbox 1200 1528 1416 1578; x_wconf 56' lang='lat' dir='ltr'><strong>Grae‘cos</strong></span> <span class='ocrx_word' id='word_1_63' title='bbox 1451 1527 1589 1576; x_wconf 88' lang='lat' dir='ltr'><strong>obvii</strong></span> 
     </span>
     <span class='ocr_line' id='line_1_15' title="bbox 521 1605 1588 1665; baseline -0.011 -1"><span class='ocrx_word' id='word_1_64' title='bbox 521 1610 641 1665; x_wconf 85' lang='lat' dir='ltr'><strong>loci.</strong></span> <span class='ocrx_word' id='word_1_65' title='bbox 679 1608 903 1660; x_wconf 87' lang='lat' dir='ltr'><strong>Dubito.</strong></span> <span class='ocrx_word' id='word_1_66' title='bbox 957 1609 1093 1657; x_wconf 91' lang='lat' dir='ltr'><strong>Nam</strong></span> <span class='ocrx_word' id='word_1_67' title='bbox 1118 1605 1485 1655; x_wconf 86' lang='lat' dir='ltr'><strong>Panathenaeis</strong></span> <span class='ocrx_word' id='word_1_68' title='bbox 1509 1620 1588 1654; x_wconf 89' lang='lat' dir='ltr'><strong>re-</strong></span> 
     </span>
     <span class='ocr_line' id='line_1_16' title="bbox 520 1683 1589 1752; baseline -0.004 -16"><span class='ocrx_word' id='word_1_69' title='bbox 520 1686 851 1752; x_wconf 70' lang='lat' dir='ltr'><strong>spondebant</strong></span> <span class='ocrx_word' id='word_1_70' title='bbox 871 1684 1257 1750; x_wconf 75' lang='lat' dir='ltr'><strong>Quinquatrus:</strong></span> <span class='ocrx_word' id='word_1_71' title='bbox 1300 1683 1495 1744; x_wconf 88' lang='lat' dir='ltr'><strong>nescio,</strong></span> <span class='ocrx_word' id='word_1_72' title='bbox 1522 1698 1589 1732; x_wconf 90' lang='lat' dir='ltr'><strong>an</strong></span> 
     </span>
     <span class='ocr_line' id='line_1_17' title="bbox 519 1758 1590 1813; baseline -0.005 0"><span class='ocrx_word' id='word_1_73' title='bbox 519 1765 618 1813; x_wconf 84' lang='lat' dir='ltr'><strong>hoc</strong></span> <span class='ocrx_word' id='word_1_74' title='bbox 642 1770 908 1812; x_wconf 86' lang='lat' dir='ltr'><strong>certamen</strong></span> <span class='ocrx_word' id='word_1_75' title='bbox 925 1775 1127 1810; x_wconf 85' lang='lat' dir='ltr'><strong>novum.</strong></span> <span class='ocrx_word' id='word_1_76' title='bbox 1183 1760 1244 1808; x_wconf 93' lang='lat' dir='ltr'><strong>In</strong></span> <span class='ocrx_word' id='word_1_77' title='bbox 1267 1758 1410 1808; x_wconf 87' lang='lat' dir='ltr'><strong>libris</strong></span> <span class='ocrx_word' id='word_1_78' title='bbox 1428 1759 1590 1809; x_wconf 86' lang='lat' dir='ltr'><strong>etiam</strong></span> 
     </span>
     <span class='ocr_line' id='line_1_18' title="bbox 521 1832 1587 1902; baseline -0.004 -12"><span class='ocrx_word' id='word_1_79' title='bbox 521 1839 768 1889; x_wconf 87' lang='lat' dir='ltr'><strong>vacillare</strong></span> <span class='ocrx_word' id='word_1_80' title='bbox 807 1832 1116 1899; x_wconf 76' lang='lat' dir='ltr'><strong>scriptur-‘am</strong></span> <span class='ocrx_word' id='word_1_81' title='bbox 1167 1837 1335 1900; x_wconf 88' lang='lat' dir='ltr'><strong>video,</strong></span> <span class='ocrx_word' id='word_1_82' title='bbox 1371 1851 1587 1902; x_wconf 89' lang='lat' dir='ltr'><strong>quorum</strong></span> 
     </span>
     <span class='ocr_line' id='line_1_19' title="bbox 522 1914 1587 1978; baseline -0.001 -13"><span class='ocrx_word' id='word_1_83' title='bbox 522 1917 813 1965; x_wconf 84' lang='lat' dir='ltr'><strong>Vaticanus</strong></span> <span class='ocrx_word' id='word_1_84' title='bbox 858 1916 1102 1978; x_wconf 85' lang='lat' dir='ltr'><strong>optimus,</strong></span> <span class='ocrx_word' id='word_1_85' title='bbox 1138 1914 1415 1977; x_wconf 77' lang='lat' dir='ltr'><strong>Accicaeque</strong></span> <span class='ocrx_word' id='word_1_86' title='bbox 1452 1928 1587 1978; x_wconf 83' lang='lat' dir='ltr'><strong>prae·</strong></span> 
     </span>
     <span class='ocr_line' id='line_1_20' title="bbox 519 1990 1282 2056; baseline 0.001 -15"><span class='ocrx_word' id='word_1_87' title='bbox 519 1990 643 2055; x_wconf 83' lang='lat' dir='ltr'><strong>fert,</strong></span> <span class='ocrx_word' id='word_1_88' title='bbox 666 1992 1026 2056; x_wconf 82' lang='lat' dir='ltr'><strong>Famesiauus,</strong></span> <span class='ocrx_word' id='word_1_89' title='bbox 1045 1991 1282 2042; x_wconf 78' lang='lat' dir='ltr'><strong>Anciatoe.</strong></span> 
     </span>
     <span class='ocr_line' id='line_1_21' title="bbox 517 2068 1586 2141; baseline 0 -22"><span class='ocrx_word' id='word_1_90' title='bbox 517 2134 524 2141; x_wconf 18' lang='grc' dir='ltr'><strong><em>Β</em></strong></span> <span class='ocrx_word' id='word_1_91' title='bbox 586 2068 670 2120; x_wconf 86' lang='lat' dir='ltr'><strong>An</strong></span> <span class='ocrx_word' id='word_1_92' title='bbox 694 2068 812 2132; x_wconf 82' lang='lat' dir='ltr'><strong>fuit,</strong></span> <span class='ocrx_word' id='word_1_93' title='bbox 831 2069 1045 2119; x_wconf 65' lang='lat' dir='ltr'><strong>Actiaca»</strong></span> <span class='ocrx_word' id='word_1_94' title='bbox 1075 2069 1343 2132; x_wconf 75' lang='lat' dir='ltr'><strong>religionis,</strong></span> <span class='ocrx_word' id='word_1_95' title='bbox 1361 2068 1469 2118; x_wconf 86' lang='lat' dir='ltr'><strong>sive</strong></span> <span class='ocrx_word' id='word_1_96' title='bbox 1494 2084 1586 2133; x_wconf 90' lang='lat' dir='ltr'><strong>po-</strong></span> 
     </span>
     <span class='ocr_line' id='line_1_22' title="bbox 521 2143 1586 2210; baseline -0.001 -13"><span class='ocrx_word' id='word_1_97' title='bbox 521 2145 628 2197; x_wconf 89' lang='lat' dir='ltr'><strong>tius</strong></span> <span class='ocrx_word' id='word_1_98' title='bbox 662 2143 905 2209; x_wconf 69' lang='lat' dir='ltr'><strong>regionis?</strong></span> <span class='ocrx_word' id='word_1_99' title='bbox 963 2148 1078 2198; x_wconf 83' lang='lat' dir='ltr'><strong>Nec</strong></span> <span class='ocrx_word' id='word_1_100' title='bbox 1109 2147 1247 2195; x_wconf 89' lang='lat' dir='ltr'><strong>enim</strong></span> <span class='ocrx_word' id='word_1_101' title='bbox 1282 2146 1448 2210; x_wconf 87' lang='lat' dir='ltr'><strong>major</strong></span> <span class='ocrx_word' id='word_1_102' title='bbox 1479 2147 1586 2210; x_wconf 89' lang='lat' dir='ltr'><strong>hic,</strong></span> 
     </span>
     <span class='ocr_line' id='line_1_23' title="bbox 522 2223 1586 2289; baseline 0 -16"><span class='ocrx_word' id='word_1_103' title='bbox 522 2237 675 2289; x_wconf 88' lang='lat' dir='ltr'><strong>quam</strong></span> <span class='ocrx_word' id='word_1_104' title='bbox 691 2223 745 2272; x_wconf 90' lang='lat' dir='ltr'><strong>in</strong></span> <span class='ocrx_word' id='word_1_105' title='bbox 762 2224 874 2273; x_wconf 88' lang='lat' dir='ltr'><strong>aliis</strong></span> <span class='ocrx_word' id='word_1_106' title='bbox 890 2223 1027 2272; x_wconf 87' lang='lat' dir='ltr'><strong>ludis</strong></span> <span class='ocrx_word' id='word_1_107' title='bbox 1042 2224 1241 2288; x_wconf 87' lang='lat' dir='ltr'><strong>religio.</strong></span> <span class='ocrx_word' id='word_1_108' title='bbox 1308 2223 1586 2273; x_wconf 87' lang='lat' dir='ltr'><strong>Enimvero</strong></span> 
     </span>
     <span class='ocr_line' id='line_1_24' title="bbox 519 2299 1586 2365; baseline 0.001 -17"><span class='ocrx_word' id='word_1_109' title='bbox 519 2299 574 2348; x_wconf 83' lang='lat' dir='ltr'><strong>in</strong></span> <span class='ocrx_word' id='word_1_110' title='bbox 597 2300 844 2349; x_wconf 82' lang='lat' dir='ltr'><strong>Suetonio</strong></span> <span class='ocrx_word' id='word_1_111' title='bbox 869 2303 1000 2364; x_wconf 87' lang='lat' dir='ltr'><strong>lego,</strong></span> <span class='ocrx_word' id='word_1_112' title='bbox 1018 2300 1243 2365; x_wconf 78' lang='lat' dir='ltr'><strong>Augusti</strong></span> <span class='ocrx_word' id='word_1_113' title='bbox 1265 2314 1312 2350; x_wconf 94' lang='lat' dir='ltr'><strong>c.</strong></span> <span class='ocrx_word' id='word_1_114' title='bbox 1330 2304 1412 2349; x_wconf 88' lang='grc'><strong>18.</strong></span> <span class='ocrx_word' id='word_1_115' title='bbox 1439 2299 1505 2349; x_wconf 91' lang='lat' dir='ltr'><strong>ab</strong></span> <span class='ocrx_word' id='word_1_116' title='bbox 1521 2313 1586 2349; x_wconf 90' lang='lat' dir='ltr'><strong>eo</strong></span> 
     </span>
     <span class='ocr_line' id='line_1_25' title="bbox 521 2376 1582 2441; baseline 0.002 -17"><span class='ocrx_word' id='word_1_117' title='bbox 521 2377 761 2440; x_wconf 85' lang='lat' dir='ltr'><strong>principe</strong></span> <span class='ocrx_word' id='word_1_118' title='bbox 800 2377 1065 2426; x_wconf 85' lang='lat' dir='ltr'><strong>institutos</strong></span> <span class='ocrx_word' id='word_1_119' title='bbox 1118 2379 1134 2404; x_wconf 89' lang='lat'>‘</span> <span class='ocrx_word' id='word_1_120' title='bbox 1162 2377 1408 2441; x_wconf 85' lang='lat' dir='ltr'><strong>Nicopoli</strong></span> <span class='ocrx_word' id='word_1_121' title='bbox 1444 2376 1582 2441; x_wconf 86' lang='lat' dir='ltr'><strong>apud</strong></span> 
     </span>
     <span class='ocr_line' id='line_1_26' title="bbox 520 2453 1584 2521; baseline 0 -18"><span class='ocrx_word' id='word_1_122' title='bbox 520 2453 732 2505; x_wconf 82' lang='lat' dir='ltr'><strong>Actium</strong></span> <span class='ocrx_word' id='word_1_123' title='bbox 755 2455 903 2505; x_wconf 89' lang='lat' dir='ltr'><strong>ludos</strong></span> <span class='ocrx_word' id='word_1_124' title='bbox 926 2454 1352 2521; x_wconf 85' lang='lat' dir='ltr'><strong>quinquennales,</strong></span> <span class='ocrx_word' id='word_1_125' title='bbox 1370 2469 1473 2519; x_wconf 90' lang='lat' dir='ltr'><strong>quo</strong></span> <span class='ocrx_word' id='word_1_126' title='bbox 1498 2467 1584 2504; x_wconf 88' lang='lat' dir='ltr'><strong>ce-</strong></span> 
     </span>
     <span class='ocr_line' id='line_1_27' title="bbox 519 2532 1583 2596; baseline 0.001 -15"><span class='ocrx_word' id='word_1_127' title='bbox 519 2532 775 2582; x_wconf 88' lang='lat' dir='ltr'><strong>lebratior</strong></span> <span class='ocrx_word' id='word_1_128' title='bbox 817 2533 928 2596; x_wconf 79' lang='lat' dir='ltr'><strong>ejus</strong></span> <span class='ocrx_word' id='word_1_129' title='bbox 962 2533 1199 2583; x_wconf 81' lang='lat' dir='ltr'><strong>victoriae</strong></span> <span class='ocrx_word' id='word_1_130' title='bbox 1238 2533 1485 2582; x_wconf 90' lang='lat' dir='ltr'><strong>memoria</strong></span> <span class='ocrx_word' id='word_1_131' title='bbox 1528 2535 1583 2582; x_wconf 89' lang='lat' dir='ltr'><strong>in</strong></span> 
     </span>
     <span class='ocr_line' id='line_1_28' title="bbox 519 2609 986 2671; baseline 0.006 -14"><span class='ocrx_word' id='word_1_132' title='bbox 519 2614 785 2671; x_wconf 88' lang='lat' dir='ltr'><strong>posterum</strong></span> <span class='ocrx_word' id='word_1_133' title='bbox 810 2609 986 2660; x_wconf 69' lang='lat' dir='ltr'><strong>esset!</strong></span> 
     </span>
    </p>

    <p class='ocr_par' dir='ltr' id='par_1_9' title="bbox 516 2686 1586 3135">
     <span class='ocr_line' id='line_1_29' title="bbox 584 2686 1583 2739; baseline 0.002 -4"><span class='ocrx_word' id='word_1_134' title='bbox 584 2687 656 2736; x_wconf 88' lang='lat' dir='ltr'><strong>Et</strong></span> <span class='ocrx_word' id='word_1_135' title='bbox 692 2686 904 2736; x_wconf 81' lang='lat' dir='ltr'><strong>durasse</strong></span> <span class='ocrx_word' id='word_1_136' title='bbox 940 2702 1028 2736; x_wconf 89' lang='lat' dir='ltr'><strong>eos</strong></span> <span class='ocrx_word' id='word_1_137' title='bbox 1064 2687 1131 2736; x_wconf 91' lang='lat' dir='ltr'><strong>ad</strong></span> <span class='ocrx_word' id='word_1_138' title='bbox 1169 2687 1415 2737; x_wconf 80' lang='lat' dir='ltr'><strong>inferiora</strong></span> <span class='ocrx_word' id='word_1_139' title='bbox 1452 2695 1583 2739; x_wconf 87' lang='lat' dir='ltr'><strong>tem·</strong></span> 
     </span>
     <span class='ocr_line' id='line_1_30' title="bbox 519 2764 1583 2829; baseline 0.003 -16"><span class='ocrx_word' id='word_1_140' title='bbox 519 2778 664 2828; x_wconf 90' lang='lat' dir='ltr'><strong>pora,</strong></span> <span class='ocrx_word' id='word_1_141' title='bbox 699 2764 1040 2814; x_wconf 84' lang='lat' dir='ltr'><strong>Mamertinus</strong></span> <span class='ocrx_word' id='word_1_142' title='bbox 1060 2765 1112 2813; x_wconf 90' lang='lat' dir='ltr'><strong>in</strong></span> <span class='ocrx_word' id='word_1_143' title='bbox 1135 2765 1467 2829; x_wconf 84' lang='lat' dir='ltr'><strong>Panegyrico</strong></span> <span class='ocrx_word' id='word_1_144' title='bbox 1491 2766 1583 2816; x_wconf 91' lang='lat' dir='ltr'><strong>do-</strong></span> 
     </span>
     <span class='ocr_line' id='line_1_31' title="bbox 517 2841 1583 2905; baseline 0.005 -16"><span class='ocrx_word' id='word_1_145' title='bbox 517 2847 636 2889; x_wconf 85' lang='lat' dir='ltr'><strong>cet:</strong></span> <span class='ocrx_word' id='word_1_146' title='bbox 672 2842 688 2869; x_wconf 88' lang='lat'>‘</span> <span class='ocrx_word' id='word_1_147' title='bbox 713 2841 852 2890; x_wconf 87' lang='lat' dir='ltr'><strong>Urbs</strong></span> <span class='ocrx_word' id='word_1_148' title='bbox 874 2841 1141 2905; x_wconf 81' lang='lat' dir='ltr'><strong>Nicopolis</strong></span> <span class='ocrx_word' id='word_1_149' title='bbox 1161 2844 1490 2905; x_wconf 79' lang='lat' dir='ltr'><strong>conciderat3</strong></span> <span class='ocrx_word' id='word_1_150' title='bbox 1526 2849 1583 2894; x_wconf 87' lang='lat' dir='ltr'><strong>et</strong></span> 
     </span>
     <span class='ocr_line' id='line_1_32' title="bbox 516 2917 1583 2985; baseline 0.005 -20"><span class='ocrx_word' id='word_1_151' title='bbox 516 2924 786 2966; x_wconf 87' lang='lat' dir='ltr'><strong>certamen</strong></span> <span class='ocrx_word' id='word_1_152' title='bbox 824 2917 1097 2985; x_wconf 83' lang='lat' dir='ltr'><strong>ludicrum,</strong></span> <span class='ocrx_word' id='word_1_153' title='bbox 1137 2918 1312 2967; x_wconf 82' lang='lat' dir='ltr'><strong>lustris</strong></span> <span class='ocrx_word' id='word_1_154' title='bbox 1344 2919 1583 2970; x_wconf 87' lang='lat' dir='ltr'><strong>omnibus</strong></span> 
     </span>
     <span class='ocr_line' id='line_1_33' title="bbox 516 2991 1586 3059; baseline 0.005 -18"><span class='ocrx_word' id='word_1_155' title='bbox 516 2994 724 3042; x_wconf 83' lang='lat' dir='ltr'><strong>solitum</strong></span> <span class='ocrx_word' id='word_1_156' title='bbox 740 2991 1442 3059; x_wconf 82' lang='lat' dir='ltr'><strong>frequentari,intermiserat</strong></span> <span class='ocrx_word' id='word_1_157' title='bbox 1455 3003 1586 3050; x_wconf 86' lang='lat' dir='ltr'><strong>tem-</strong></span> 
     </span>
     <span class='ocr_line' id='line_1_34' title="bbox 518 3069 1421 3135; baseline 0.007 -18"><span class='ocrx_word' id='word_1_158' title='bbox 518 3069 660 3132; x_wconf 87' lang='lat' dir='ltr'><strong>poris</strong></span> <span class='ocrx_word' id='word_1_159' title='bbox 681 3072 851 3120; x_wconf 85' lang='lat' dir='ltr'><strong>moesti</strong></span> <span class='ocrx_word' id='word_1_160' title='bbox 875 3071 1109 3121; x_wconf 85' lang='lat' dir='ltr'><strong>deforme</strong></span> <span class='ocrx_word' id='word_1_161' title='bbox 1123 3071 1421 3135; x_wconf 71' lang='lat' dir='ltr'><strong>justitium!</strong></span> 
     </span>
    </p>

    <p class='ocr_par' dir='ltr' id='par_1_10' title="bbox 513 3147 1584 3447">
     <span class='ocr_line' id='line_1_35' title="bbox 583 3147 1584 3218; baseline 0.008 -22"><span class='ocrx_word' id='word_1_162' title='bbox 583 3147 704 3196; x_wconf 82' lang='lat' dir='ltr'><strong>Fuit</strong></span> <span class='ocrx_word' id='word_1_163' title='bbox 728 3155 895 3198; x_wconf 87' lang='lat' dir='ltr'><strong>autem</strong></span> <span class='ocrx_word' id='word_1_164' title='bbox 914 3158 1180 3199; x_wconf 88' lang='lat' dir='ltr'><strong>certamen</strong></span> <span class='ocrx_word' id='word_1_165' title='bbox 1200 3150 1407 3215; x_wconf 81' lang='lat' dir='ltr'><strong>triplex,</strong></span> <span class='ocrx_word' id='word_1_166' title='bbox 1429 3153 1584 3218; x_wconf 79' lang='lat' dir='ltr'><strong>Gym-</strong></span> 
     </span>
     <span class='ocr_line' id='line_1_36' title="bbox 516 3227 1583 3296; baseline 0.006 -20"><span class='ocrx_word' id='word_1_167' title='bbox 516 3227 693 3291; x_wconf 77' lang='lat' dir='ltr'><strong>nicum,</strong></span> <span class='ocrx_word' id='word_1_168' title='bbox 727 3228 984 3290; x_wconf 72' lang='lat' dir='ltr'><strong>Marsicum,</strong></span> <span class='ocrx_word' id='word_1_169' title='bbox 1015 3236 1071 3279; x_wconf 95' lang='lat' dir='ltr'><strong>et</strong></span> <span class='ocrx_word' id='word_1_170' title='bbox 1093 3228 1343 3292; x_wconf 79' lang='lat' dir='ltr'><strong>Equestre,</strong></span> <span class='ocrx_word' id='word_1_171' title='bbox 1379 3233 1583 3296; x_wconf 51' lang='lat' dir='ltr'><strong>ut1Dio</strong></span> 
     </span>
     <span class='ocr_line' id='line_1_37' title="bbox 516 3304 1583 3371; baseline 0.005 -18"><span class='ocrx_word' id='word_1_172' title='bbox 516 3304 683 3353; x_wconf 78' lang='lat' dir='ltr'><strong>tradit</strong></span> <span class='ocrx_word' id='word_1_173' title='bbox 722 3304 757 3353; x_wconf 90' lang='lat' dir='ltr'><strong>l.</strong></span> <span class='ocrx_word' id='word_1_174' title='bbox 782 3319 859 3355; x_wconf 76' lang='lat' dir='ltr'><strong>m.</strong></span> <span class='ocrx_word' id='word_1_175' title='bbox 902 3321 1053 3371; x_wconf 86' lang='lat' dir='ltr'><strong>quem</strong></span> <span class='ocrx_word' id='word_1_176' title='bbox 1088 3305 1225 3355; x_wconf 89' lang='lat' dir='ltr'><strong>vide.</strong></span> <span class='ocrx_word' id='word_1_177' title='bbox 1293 3306 1426 3357; x_wconf 81' lang='lat' dir='ltr'><strong>Haec</strong></span> <span class='ocrx_word' id='word_1_178' title='bbox 1465 3324 1583 3358; x_wconf 87' lang='lat' dir='ltr'><strong>mea</strong></span> 
     </span>
     <span class='ocr_line' id='line_1_38' title="bbox 513 3381 1583 3447; baseline 0.006 -18"><span class='ocrx_word' id='word_1_179' title='bbox 513 3381 639 3430; x_wconf 90' lang='lat' dir='ltr'><strong>olim</strong></span> <span class='ocrx_word' id='word_1_180' title='bbox 660 3383 928 3445; x_wconf 87' lang='lat' dir='ltr'><strong>mens,sed</strong></span> <span class='ocrx_word' id='word_1_181' title='bbox 947 3390 1004 3431; x_wconf 92' lang='lat' dir='ltr'><strong>ut</strong></span> <span class='ocrx_word' id='word_1_182' title='bbox 1022 3384 1185 3432; x_wconf 77' lang='lat' dir='ltr'><strong>inulta</strong></span> <span class='ocrx_word' id='word_1_183' title='bbox 1205 3383 1256 3431; x_wconf 86' lang='lat' dir='ltr'><strong>in</strong></span> <span class='ocrx_word' id='word_1_184' title='bbox 1273 3384 1369 3433; x_wconf 88' lang='lat' dir='ltr'><strong>hac</strong></span> <span class='ocrx_word' id='word_1_185' title='bbox 1388 3383 1583 3447; x_wconf 75' lang='grc' dir='ltr'><strong><em>ἂρχαιο-</em></strong></span> 
     </span>
    </p>
   </div>
   <div class='ocr_carea' id='block_1_6' title="bbox 514 3458 1600 3528">
    <p class='ocr_par' dir='ltr' id='par_1_11' title="bbox 514 3458 1600 3528">
     <span class='ocr_line' id='line_1_39' title="bbox 514 3458 1600 3528; baseline 0.009 -21"><span class='ocrx_word' id='word_1_186' title='bbox 514 3458 661 3525; x_wconf 58' lang='grc' dir='ltr'>λογίῳ</span> <span class='ocrx_word' id='word_1_187' title='bbox 698 3462 913 3521; x_wconf 90' lang='lat' dir='ltr'><strong>incerta,</strong></span> <span class='ocrx_word' id='word_1_188' title='bbox 950 3476 1048 3510; x_wconf 88' lang='lat' dir='ltr'><strong>nec</strong></span> <span class='ocrx_word' id='word_1_189' title='bbox 1083 3476 1305 3526; x_wconf 88' lang='lat' dir='ltr'><strong>unquam</strong></span> <span class='ocrx_word' id='word_1_190' title='bbox 1329 3465 1600 3528; x_wconf 63' lang='lat' dir='ltr'><strong>eruenda,</strong></span> 
     </span>
    </p>
   </div>
   <div class='ocr_carea' id='block_1_7' title="bbox 514 3538 1578 3833">
    <p class='ocr_par' dir='ltr' id='par_1_12' title="bbox 514 3538 1578 3833">
     <span class='ocr_line' id='line_1_40' title="bbox 514 3538 1578 3605; baseline 0.004 -18"><span class='ocrx_word' id='word_1_191' title='bbox 514 3538 599 3587; x_wconf 87' lang='lat' dir='ltr'><strong>hic</strong></span> <span class='ocrx_word' id='word_1_192' title='bbox 630 3539 787 3588; x_wconf 69' lang='lat' dir='ltr'><strong>etiarn</strong></span> <span class='ocrx_word' id='word_1_193' title='bbox 821 3540 1151 3604; x_wconf 88' lang='lat' dir='ltr'><strong>dissentiunt,</strong></span> <span class='ocrx_word' id='word_1_194' title='bbox 1185 3546 1240 3589; x_wconf 91' lang='lat' dir='ltr'><strong>et</strong></span> <span class='ocrx_word' id='word_1_195' title='bbox 1262 3542 1343 3589; x_wconf 88' lang='lat' dir='ltr'><strong>vir</strong></span> <span class='ocrx_word' id='word_1_196' title='bbox 1364 3556 1578 3605; x_wconf 89' lang='lat' dir='ltr'><strong>pereru-</strong></span> 
     </span>
     <span class='ocr_line' id='line_1_41' title="bbox 517 3614 1578 3682; baseline 0.007 -19"><span class='ocrx_word' id='word_1_197' title='bbox 517 3614 657 3665; x_wconf 88' lang='lat' dir='ltr'><strong>ditus</strong></span> <span class='ocrx_word' id='word_1_198' title='bbox 692 3621 870 3666; x_wconf 89' lang='lat' dir='ltr'><strong>tuetur</strong></span> <span class='ocrx_word' id='word_1_199' title='bbox 892 3618 1156 3681; x_wconf 87' lang='lat' dir='ltr'><strong>vulgatam</strong></span> <span class='ocrx_word' id='word_1_200' title='bbox 1195 3618 1492 3682; x_wconf 88' lang='lat' dir='ltr'><strong>lectionem,</strong></span> <span class='ocrx_word' id='word_1_201' title='bbox 1521 3627 1578 3670; x_wconf 88' lang='lat' dir='ltr'><strong>et</strong></span> 
     </span>
     <span class='ocr_line' id='line_1_42' title="bbox 515 3692 1576 3761; baseline 0.006 -20"><span class='ocrx_word' id='word_1_202' title='bbox 515 3692 779 3755; x_wconf 81' lang='lat' dir='ltr'><strong>explicat</strong></span> <span class='ocrx_word' id='word_1_203' title='bbox 769 3708 820 3741; x_wconf 80' lang='lat' dir='ltr'><strong>tn</strong></span> <span class='ocrx_word' id='word_1_204' title='bbox 847 3693 1140 3757; x_wconf 88' lang='lat' dir='ltr'><strong>Agonistici</strong></span> <span class='ocrx_word' id='word_1_205' title='bbox 1162 3695 1576 3761; x_wconf 86' lang='lat' dir='ltr'><strong>suil.111.quem</strong></span> 
     </span>
     <span class='ocr_line' id='line_1_43' title="bbox 517 3767 1091 3833; baseline 0.002 -16"><span class='ocrx_word' id='word_1_206' title='bbox 517 3767 643 3818; x_wconf 92' lang='lat' dir='ltr'><strong>licet</strong></span> <span class='ocrx_word' id='word_1_207' title='bbox 662 3769 821 3819; x_wconf 44' lang='lat' dir='ltr'><strong>adhue</strong></span> <span class='ocrx_word' id='word_1_208' title='bbox 878 3771 1091 3833; x_wconf 75' lang='lat' dir='ltr'><strong>Lipsius.</strong></span> 
     </span>
    </p>
   </div>
   <div class='ocr_carea' id='block_1_8' title="bbox 577 3845 1593 3909">
    <p class='ocr_par' dir='ltr' id='par_1_13' title="bbox 577 3845 1593 3909">
     <span class='ocr_line' id='line_1_44' title="bbox 577 3845 1593 3909; baseline 0.008 -15"><span class='ocrx_word' id='word_1_209' title='bbox 577 3845 759 3897; x_wconf 75' lang='lat' dir='ltr'><strong>Attica·</strong></span> <span class='ocrx_word' id='word_1_210' title='bbox 773 3847 1041 3909; x_wconf 74' lang='lat' dir='ltr'><strong>religionis]</strong></span> <span class='ocrx_word' id='word_1_211' title='bbox 1074 3847 1294 3897; x_wconf 81' lang='lat' dir='ltr'><strong>Celebre</strong></span> <span class='ocrx_word' id='word_1_212' title='bbox 1313 3856 1593 3908; x_wconf 69' lang='lat' dir='ltr'><strong>certamen,</strong></span> 
     </span>
    </p>
   </div>
   <div class='ocr_carea' id='block_1_9' title="bbox 512 3926 1577 4224">
    <p class='ocr_par' dir='ltr' id='par_1_14' title="bbox 512 3926 1577 4224">
     <span class='ocr_line' id='line_1_45' title="bbox 513 3926 1577 3990; baseline -0.008 -12"><span class='ocrx_word' id='word_1_213' title='bbox 513 3926 737 3978; x_wconf 84' lang='lat' dir='ltr'><strong>Athenis</strong></span> <span class='ocrx_word' id='word_1_214' title='bbox 774 3928 1028 3977; x_wconf 83' lang='lat' dir='ltr'><strong>Minervae</strong></span> <span class='ocrx_word' id='word_1_215' title='bbox 1066 3940 1284 3990; x_wconf 85' lang='lat' dir='ltr'><strong>sacrum,</strong></span> <span class='ocrx_word' id='word_1_216' title='bbox 1315 3929 1577 3981; x_wconf 87' lang='lat' dir='ltr'><strong>Panathe.</strong></span> 
     </span>
     <span class='ocr_line' id='line_1_46' title="bbox 512 3999 1575 4072; baseline 0.004 -19"><span class='ocrx_word' id='word_1_217' title='bbox 512 4018 740 4054; x_wconf 73' lang='lat' dir='ltr'><strong>naeorum</strong></span> <span class='ocrx_word' id='word_1_218' title='bbox 761 4011 860 4064; x_wconf 90' lang='lat' dir='ltr'><strong>est,</strong></span> <span class='ocrx_word' id='word_1_219' title='bbox 880 4018 994 4066; x_wconf 69' lang='lat' dir='ltr'><strong>quae</strong></span> <span class='ocrx_word' id='word_1_220' title='bbox 1030 3999 1167 4053; x_wconf 86' lang='lat' dir='ltr'><strong>uude</strong></span> <span class='ocrx_word' id='word_1_221' title='bbox 1189 4003 1262 4053; x_wconf 88' lang='lat' dir='ltr'><strong>sic</strong></span> <span class='ocrx_word' id='word_1_222' title='bbox 1286 4004 1429 4055; x_wconf 86' lang='lat' dir='ltr'><strong>dicta</strong></span> <span class='ocrx_word' id='word_1_223' title='bbox 1451 4007 1575 4072; x_wconf 86' lang='lat' dir='ltr'><strong>sint,</strong></span> 
     </span>
     <span class='ocr_line' id='line_1_47' title="bbox 513 4079 1575 4144; baseline 0.002 -14"><span class='ocrx_word' id='word_1_224' title='bbox 513 4080 743 4130; x_wconf 79' lang='lat' dir='ltr'><strong>studiose</strong></span> <span class='ocrx_word' id='word_1_225' title='bbox 778 4079 1054 4144; x_wconf 80' lang='lat' dir='ltr'><strong>exquisivit</strong></span> <span class='ocrx_word' id='word_1_226' title='bbox 1096 4079 1383 4130; x_wconf 86' lang='lat' dir='ltr'><strong>Pausanias</strong></span> <span class='ocrx_word' id='word_1_227' title='bbox 1413 4082 1575 4133; x_wconf 85' lang='lat' dir='ltr'><strong>Arca-</strong></span> 
     </span>
     <span class='ocr_line' id='line_1_48' title="bbox 514 4153 1576 4224; baseline 0.005 -20"><span class='ocrx_word' id='word_1_228' title='bbox 514 4155 660 4206; x_wconf 82' lang='lat' dir='ltr'><strong>dicis.</strong></span> <span class='ocrx_word' id='word_1_229' title='bbox 704 4157 893 4205; x_wconf 86' lang='lat' dir='ltr'><strong>Eorum</strong></span> <span class='ocrx_word' id='word_1_230' title='bbox 916 4153 1191 4219; x_wconf 82' lang='lat' dir='ltr'><strong>festivitas,</strong></span> <span class='ocrx_word' id='word_1_231' title='bbox 1209 4166 1262 4205; x_wconf 86' lang='lat' dir='ltr'><strong>ut</strong></span> <span class='ocrx_word' id='word_1_232' title='bbox 1282 4157 1465 4207; x_wconf 87' lang='lat' dir='ltr'><strong>Suidas</strong></span> <span class='ocrx_word' id='word_1_233' title='bbox 1482 4158 1576 4224; x_wconf 88' lang='lat' dir='ltr'><strong>ait,</strong></span> 
     </span>
    </p>
   </div>
   <div class='ocr_carea' id='block_1_10' title="bbox 1655 818 2812 4222">
    <p class='ocr_par' dir='ltr' id='par_1_15' title="bbox 1670 818 2747 1573">
     <span class='ocr_line' id='line_1_49' title="bbox 1675 818 2744 889; baseline -0.008 -12"><span class='ocrx_word' id='word_1_234' title='bbox 1675 841 1752 889; x_wconf 90' lang='lat' dir='ltr'><strong>so,</strong></span> <span class='ocrx_word' id='word_1_235' title='bbox 1764 824 2080 888; x_wconf 81' lang='lat' dir='ltr'><strong>consulibus,</strong></span> <span class='ocrx_word' id='word_1_236' title='bbox 2093 821 2349 873; x_wconf 90' lang='lat' dir='ltr'><strong>ludicrum</strong></span> <span class='ocrx_word' id='word_1_237' title='bbox 2363 818 2744 886; x_wconf 84' lang='lat' dir='ltr'><strong>quinquennale</strong></span> 
     </span>
     <span class='ocr_line' id='line_1_50' title="bbox 1676 898 2744 962; baseline -0.008 -8"><span class='ocrx_word' id='word_1_238' title='bbox 1676 906 1854 954; x_wconf 81' lang='lat' dir='ltr'><strong>Romae</strong></span> <span class='ocrx_word' id='word_1_239' title='bbox 1888 903 2181 953; x_wconf 85' lang='lat' dir='ltr'><strong>institutum</strong></span> <span class='ocrx_word' id='word_1_240' title='bbox 2222 899 2406 962; x_wconf 84' lang='lat' dir='ltr'><strong>fuerit,</strong></span> <span class='ocrx_word' id='word_1_241' title='bbox 2443 898 2744 948; x_wconf 86' lang='lat' dir='ltr'><strong>testimonio</strong></span> 
     </span>
     <span class='ocr_line' id='line_1_51' title="bbox 1673 973 2746 1044; baseline -0.008 -12"><span class='ocrx_word' id='word_1_242' title='bbox 1673 982 1844 1032; x_wconf 84' lang='lat' dir='ltr'><strong>Taciti</strong></span> <span class='ocrx_word' id='word_1_243' title='bbox 1880 982 2013 1031; x_wconf 92' lang='lat' dir='ltr'><strong>libro</strong></span> <span class='ocrx_word' id='word_1_244' title='bbox 2055 979 2341 1044; x_wconf 84' lang='lat' dir='ltr'><strong>superiore,</strong></span> <span class='ocrx_word' id='word_1_245' title='bbox 2377 976 2581 1026; x_wconf 82' lang='lat' dir='ltr'><strong>factum</strong></span> <span class='ocrx_word' id='word_1_246' title='bbox 2620 973 2746 1024; x_wconf 87' lang='lat' dir='ltr'><strong>illud</strong></span> 
     </span>
     <span class='ocr_line' id='line_1_52' title="bbox 1674 1053 2743 1122; baseline -0.011 -11"><span class='ocrx_word' id='word_1_247' title='bbox 1674 1061 1742 1111; x_wconf 90' lang='lat' dir='ltr'><strong>ad</strong></span> <span class='ocrx_word' id='word_1_248' title='bbox 1766 1060 1931 1110; x_wconf 87' lang='lat' dir='ltr'><strong>instar</strong></span> <span class='ocrx_word' id='word_1_249' title='bbox 1945 1072 2249 1122; x_wconf 87' lang='lat' dir='ltr'><strong>magnorum</strong></span> <span class='ocrx_word' id='word_1_250' title='bbox 2271 1053 2743 1103; x_wconf 78' lang='lat' dir='ltr'><strong>Panathenaeornm</strong></span> 
     </span>
     <span class='ocr_line' id='line_1_53' title="bbox 1674 1127 2746 1200; baseline -0.008 -13"><span class='ocrx_word' id='word_1_251' title='bbox 1674 1137 1935 1198; x_wconf 83' lang='lat' dir='ltr'><strong>existimo,</strong></span> <span class='ocrx_word' id='word_1_252' title='bbox 1956 1150 2071 1200; x_wconf 85' lang='lat' dir='ltr'><strong>quae</strong></span> <span class='ocrx_word' id='word_1_253' title='bbox 2095 1133 2304 1197; x_wconf 86' lang='lat' dir='ltr'><strong>singuiis</strong></span> <span class='ocrx_word' id='word_1_254' title='bbox 2327 1130 2508 1179; x_wconf 88' lang='lat' dir='ltr'><strong>lustris</strong></span> <span class='ocrx_word' id='word_1_255' title='bbox 2527 1127 2746 1178; x_wconf 85' lang='lat' dir='ltr'><strong>fiebant.</strong></span> 
     </span>
     <span class='ocr_line' id='line_1_54' title="bbox 1673 1206 2746 1272; baseline -0.011 -7"><span class='ocrx_word' id='word_1_256' title='bbox 1673 1216 1794 1265; x_wconf 84' lang='lat' dir='ltr'><strong>Hoc</strong></span> <span class='ocrx_word' id='word_1_257' title='bbox 1812 1229 1936 1264; x_wconf 85' lang='lat' dir='ltr'><strong>vero</strong></span> <span class='ocrx_word' id='word_1_258' title='bbox 1956 1218 2242 1271; x_wconf 85' lang='lat' dir='ltr'><strong>certamen,</strong></span> <span class='ocrx_word' id='word_1_259' title='bbox 2265 1222 2362 1272; x_wconf 90' lang='lat' dir='ltr'><strong>pro</strong></span> <span class='ocrx_word' id='word_1_260' title='bbox 2385 1206 2541 1269; x_wconf 87' lang='lat' dir='ltr'><strong>cujus</strong></span> <span class='ocrx_word' id='word_1_261' title='bbox 2573 1219 2746 1255; x_wconf 87' lang='lat' dir='ltr'><strong>exem·</strong></span> 
     </span>
     <span class='ocr_line' id='line_1_55' title="bbox 1673 1283 2747 1375; baseline -0.01 -33"><span class='ocrx_word' id='word_1_262' title='bbox 1673 1292 1807 1357; x_wconf 87' lang='lat' dir='ltr'><strong>plari</strong></span> <span class='ocrx_word' id='word_1_263' title='bbox 1831 1290 2060 1341; x_wconf 76' lang='lat' dir='ltr'><strong>Atticam</strong></span> <span class='ocrx_word' id='word_1_264' title='bbox 2085 1287 2389 1375; x_wconf 83' lang='lat' dir='ltr'><strong>religionem</strong></span> <span class='ocrx_word' id='word_1_265' title='bbox 2419 1283 2609 1333; x_wconf 88' lang='lat' dir='ltr'><strong>babuit</strong></span> <span class='ocrx_word' id='word_1_266' title='bbox 2639 1283 2747 1332; x_wconf 90' lang='lat' dir='ltr'><strong>Ne·</strong></span> 
     </span>
     <span class='ocr_line' id='line_1_56' title="bbox 1673 1358 2746 1430; baseline -0.013 -10"><span class='ocrx_word' id='word_1_267' title='bbox 1673 1386 1751 1430; x_wconf 91' lang='lat' dir='ltr'><strong>ro,</strong></span> <span class='ocrx_word' id='word_1_268' title='bbox 1780 1384 1848 1418; x_wconf 89' lang='lat' dir='ltr'><strong>ex</strong></span> <span class='ocrx_word' id='word_1_269' title='bbox 1870 1364 2235 1416; x_wconf 83' lang='lat' dir='ltr'><strong>anniversariis</strong></span> <span class='ocrx_word' id='word_1_270' title='bbox 2256 1369 2312 1412; x_wconf 92' lang='lat' dir='ltr'><strong>et</strong></span> <span class='ocrx_word' id='word_1_271' title='bbox 2334 1360 2625 1410; x_wconf 87' lang='lat' dir='ltr'><strong>minoribus</strong></span> <span class='ocrx_word' id='word_1_272' title='bbox 2645 1358 2746 1407; x_wconf 88' lang='lat' dir='ltr'><strong>Pa·</strong></span> 
     </span>
     <span class='ocr_line' id='line_1_57' title="bbox 1671 1435 2746 1506; baseline -0.011 -10"><span class='ocrx_word' id='word_1_273' title='bbox 1671 1445 1975 1506; x_wconf 80' lang='lat' dir='ltr'><strong>nathenaeis,</strong></span> <span class='ocrx_word' id='word_1_274' title='bbox 2006 1456 2227 1506; x_wconf 87' lang='lat' dir='ltr'><strong>agonem</strong></span> <span class='ocrx_word' id='word_1_275' title='bbox 2260 1438 2562 1504; x_wconf 83' lang='lat' dir='ltr'><strong>gymnicum</strong></span> <span class='ocrx_word' id='word_1_276' title='bbox 2586 1435 2746 1485; x_wconf 88' lang='lat' dir='ltr'><strong>fuisse</strong></span> 
     </span>
     <span class='ocr_line' id='line_1_58' title="bbox 1670 1521 2168 1573; baseline -0.004 -1"><span class='ocrx_word' id='word_1_277' title='bbox 1670 1537 1804 1573; x_wconf 86' lang='lat' dir='ltr'><strong>reor.</strong></span> <span class='ocrx_word' id='word_1_278' title='bbox 1871 1521 2168 1572; x_wconf 62' lang='lat' dir='ltr'><strong>Ver-cranius.</strong></span> 
     </span>
    </p>

    <p class='ocr_par' dir='ltr' id='par_1_16' title="bbox 1663 1590 2750 2191">
     <span class='ocr_line' id='line_1_59' title="bbox 1735 1590 2746 1662; baseline -0.011 -13"><span class='ocrx_word' id='word_1_279' title='bbox 1735 1599 1998 1649; x_wconf 89' lang='lat' dir='ltr'><strong>Ludorum</strong></span> <span class='ocrx_word' id='word_1_280' title='bbox 2018 1593 2369 1662; x_wconf 87' lang='lat' dir='ltr'><strong>quorumlibet</strong></span> <span class='ocrx_word' id='word_1_281' title='bbox 2412 1590 2746 1658; x_wconf 88' lang='lat' dir='ltr'><strong>publicorum</strong></span> 
     </span>
     <span class='ocr_line' id='line_1_60' title="bbox 1669 1668 2748 1743; baseline -0.012 -16"><span class='ocrx_word' id='word_1_282' title='bbox 1669 1677 1897 1743; x_wconf 90' lang='lat' dir='ltr'><strong>aliquam</strong></span> <span class='ocrx_word' id='word_1_283' title='bbox 1930 1675 2205 1738; x_wconf 71' lang='lat' dir='ltr'><strong>religionem</strong></span> <span class='ocrx_word' id='word_1_284' title='bbox 2241 1671 2403 1722; x_wconf 84' lang='lat' dir='ltr'><strong>fuisse</strong></span> <span class='ocrx_word' id='word_1_285' title='bbox 2443 1668 2575 1719; x_wconf 85' lang='lat' dir='ltr'><strong>satis</strong></span> <span class='ocrx_word' id='word_1_286' title='bbox 2610 1681 2748 1716; x_wconf 90' lang='lat' dir='ltr'><strong>com·</strong></span> 
     </span>
     <span class='ocr_line' id='line_1_61' title="bbox 1669 1745 2749 1819; baseline -0.012 -13"><span class='ocrx_word' id='word_1_287' title='bbox 1669 1756 1944 1819; x_wconf 88' lang='lat' dir='ltr'><strong>probatum</strong></span> <span class='ocrx_word' id='word_1_288' title='bbox 1969 1761 2082 1803; x_wconf 86' lang='lat' dir='ltr'><strong>est:</strong></span> <span class='ocrx_word' id='word_1_289' title='bbox 2115 1752 2209 1802; x_wconf 90' lang='lat' dir='ltr'><strong>sed</strong></span> <span class='ocrx_word' id='word_1_290' title='bbox 2233 1758 2290 1801; x_wconf 86' lang='lat' dir='ltr'><strong>et</strong></span> <span class='ocrx_word' id='word_1_291' title='bbox 2305 1748 2554 1799; x_wconf 87' lang='lat' dir='ltr'><strong>Valerius</strong></span> <span class='ocrx_word' id='word_1_292' title='bbox 2577 1745 2749 1796; x_wconf 79' lang='lat' dir='ltr'><strong>Maxi·</strong></span> 
     </span>
     <span class='ocr_line' id='line_1_62' title="bbox 1666 1827 2746 1894; baseline -0.012 -9"><span class='ocrx_word' id='word_1_293' title='bbox 1666 1851 1781 1885; x_wconf 86' lang='lat' dir='ltr'><strong>mus</strong></span> <span class='ocrx_word' id='word_1_294' title='bbox 1808 1837 2023 1884; x_wconf 77' lang='lat' dir='ltr'><strong>ludorum</strong></span> <span class='ocrx_word' id='word_1_295' title='bbox 2055 1833 2336 1894; x_wconf 75' lang='lat' dir='ltr'><strong>religionem</strong></span> <span class='ocrx_word' id='word_1_296' title='bbox 2368 1827 2505 1877; x_wconf 83' lang='lat' dir='ltr'><strong>dixit</strong></span> <span class='ocrx_word' id='word_1_297' title='bbox 2529 1828 2566 1877; x_wconf 89' lang='lat' dir='ltr'><strong>l.</strong></span> <span class='ocrx_word' id='word_1_298' title='bbox 2592 1839 2671 1876; x_wconf 78' lang='lat' dir='ltr'><strong>vr.</strong></span> <span class='ocrx_word' id='word_1_299' title='bbox 2698 1828 2746 1874; x_wconf 88' lang='lat'><strong>1.</strong></span> 
     </span>
     <span class='ocr_line' id='line_1_63' title="bbox 1663 1902 2746 1970; baseline -0.012 -7"><span class='ocrx_word' id='word_1_300' title='bbox 1663 1913 1889 1962; x_wconf 70' lang='lat' dir='ltr'><strong>&#39;Curules</strong></span> <span class='ocrx_word' id='word_1_301' title='bbox 1920 1918 2095 1961; x_wconf 87' lang='lat' dir='ltr'><strong>autem</strong></span> <span class='ocrx_word' id='word_1_302' title='bbox 2127 1908 2275 1959; x_wconf 89' lang='lat' dir='ltr'><strong>ludos</strong></span> <span class='ocrx_word' id='word_1_303' title='bbox 2301 1923 2333 1956; x_wconf 93' lang='lat' dir='ltr'><strong>a</strong></span> <span class='ocrx_word' id='word_1_304' title='bbox 2355 1904 2601 1970; x_wconf 86' lang='lat' dir='ltr'><strong>principe</strong></span> <span class='ocrx_word' id='word_1_305' title='bbox 2636 1902 2746 1952; x_wconf 86' lang='lat' dir='ltr'><strong>suis</strong></span> 
     </span>
     <span class='ocr_line' id='line_1_64' title="bbox 1668 1978 2750 2053; baseline -0.011 -15"><span class='ocrx_word' id='word_1_306' title='bbox 1668 2002 1980 2053; x_wconf 86' lang='lat' dir='ltr'><strong>suorumque</strong></span> <span class='ocrx_word' id='word_1_307' title='bbox 1997 1983 2241 2036; x_wconf 87' lang='lat' dir='ltr'><strong>natalitiis</strong></span> <span class='ocrx_word' id='word_1_308' title='bbox 2265 1983 2437 2046; x_wconf 76' lang='lat' dir='ltr'><strong>datoS,</strong></span> <span class='ocrx_word' id='word_1_309' title='bbox 2460 1980 2589 2044; x_wconf 86' lang='lat' dir='ltr'><strong>quin</strong></span> <span class='ocrx_word' id='word_1_310' title='bbox 2613 1978 2750 2028; x_wconf 85' lang='lat' dir='ltr'><strong>exis-</strong></span> 
     </span>
     <span class='ocr_line' id='line_1_65' title="bbox 1666 2055 2747 2127; baseline -0.009 -15"><span class='ocrx_word' id='word_1_311' title='bbox 1666 2064 1925 2125; x_wconf 88' lang='lat' dir='ltr'><strong>timemus,</strong></span> <span class='ocrx_word' id='word_1_312' title='bbox 1944 2063 2075 2115; x_wconf 86' lang='lat' dir='ltr'><strong>nihil</strong></span> <span class='ocrx_word' id='word_1_313' title='bbox 2095 2059 2358 2127; x_wconf 87' lang='lat' dir='ltr'><strong>prohibet,</strong></span> <span class='ocrx_word' id='word_1_314' title='bbox 2387 2057 2574 2123; x_wconf 86' lang='lat' dir='ltr'><strong>quales</strong></span> <span class='ocrx_word' id='word_1_315' title='bbox 2607 2055 2747 2104; x_wconf 87' lang='lat' dir='ltr'><strong>Pan-</strong></span> 
     </span>
     <span class='ocr_line' id='line_1_66' title="bbox 1667 2139 2174 2191; baseline -0.004 -1"><span class='ocrx_word' id='word_1_316' title='bbox 1667 2141 1918 2191; x_wconf 81' lang='lat' dir='ltr'><strong>atltenaeis</strong></span> <span class='ocrx_word' id='word_1_317' title='bbox 1939 2139 2174 2190; x_wconf 84' lang='lat' dir='ltr'><strong>exhibiti.</strong></span> 
     </span>
    </p>

    <p class='ocr_par' dir='ltr' id='par_1_17' title="bbox 1663 2209 2743 2823">
     <span class='ocr_line' id='line_1_67' title="bbox 1729 2209 2743 2283; baseline -0.012 -15"><span class='ocrx_word' id='word_1_318' title='bbox 1729 2218 1818 2268; x_wconf 88' lang='lat' dir='ltr'><strong>De</strong></span> <span class='ocrx_word' id='word_1_319' title='bbox 1842 2218 2028 2283; x_wconf 87' lang='lat' dir='ltr'><strong>quibus</strong></span> <span class='ocrx_word' id='word_1_320' title='bbox 2066 2217 2141 2266; x_wconf 87' lang='lat' dir='ltr'><strong>ita</strong></span> <span class='ocrx_word' id='word_1_321' title='bbox 2172 2213 2400 2280; x_wconf 90' lang='lat' dir='ltr'><strong>loquitur</strong></span> <span class='ocrx_word' id='word_1_322' title='bbox 2435 2209 2646 2272; x_wconf 81' lang='lat' dir='ltr'><strong>Suidas,</strong></span> <span class='ocrx_word' id='word_1_323' title='bbox 2685 2214 2743 2257; x_wconf 92' lang='lat' dir='ltr'><strong>ut</strong></span> 
     </span>
     <span class='ocr_line' id='line_1_68' title="bbox 1664 2286 2742 2360; baseline -0.011 -15"><span class='ocrx_word' id='word_1_324' title='bbox 1664 2296 1889 2359; x_wconf 90' lang='lat' dir='ltr'><strong>primum</strong></span> <span class='ocrx_word' id='word_1_325' title='bbox 1912 2294 2122 2360; x_wconf 87' lang='lat' dir='ltr'><strong>quidem</strong></span> <span class='ocrx_word' id='word_1_326' title='bbox 2147 2293 2213 2342; x_wconf 91' lang='lat' dir='ltr'><strong>ab</strong></span> <span class='ocrx_word' id='word_1_327' title='bbox 2248 2287 2593 2341; x_wconf 84' lang='lat' dir='ltr'><strong>Erichthonio</strong></span> <span class='ocrx_word' id='word_1_328' title='bbox 2620 2286 2742 2334; x_wconf 71' lang='lat' dir='ltr'><strong>Vul-</strong></span> 
     </span>
     <span class='ocr_line' id='line_1_69' title="bbox 1666 2368 2741 2429; baseline -0.007 -9"><span class='ocrx_word' id='word_1_329' title='bbox 1666 2372 1782 2420; x_wconf 89' lang='lat' dir='ltr'><strong>cani</strong></span> <span class='ocrx_word' id='word_1_330' title='bbox 1805 2378 1862 2421; x_wconf 88' lang='lat' dir='ltr'><strong>et</strong></span> <span class='ocrx_word' id='word_1_331' title='bbox 1882 2372 2140 2422; x_wconf 73' lang='lat' dir='ltr'><strong>Minerva»,</strong></span> <span class='ocrx_word' id='word_1_332' title='bbox 2161 2368 2268 2419; x_wconf 83' lang='lat' dir='ltr'><strong>filio</strong></span> <span class='ocrx_word' id='word_1_333' title='bbox 2290 2368 2550 2429; x_wconf 90' lang='lat' dir='ltr'><strong>instituta,</strong></span> <span class='ocrx_word' id='word_1_334' title='bbox 2579 2372 2689 2414; x_wconf 85' lang='lat' dir='ltr'><strong>turn</strong></span> <span class='ocrx_word' id='word_1_335' title='bbox 2710 2377 2741 2412; x_wconf 87' lang='lat' dir='ltr'><strong>a</strong></span> 
     </span>
     <span class='ocr_line' id='line_1_70' title="bbox 1663 2441 2741 2509; baseline -0.007 -10"><span class='ocrx_word' id='word_1_336' title='bbox 1663 2449 1869 2500; x_wconf 84' lang='lat' dir='ltr'><strong>Theseo</strong></span> <span class='ocrx_word' id='word_1_337' title='bbox 1890 2449 2140 2501; x_wconf 87' lang='lat' dir='ltr'><strong>restituta</strong></span> <span class='ocrx_word' id='word_1_338' title='bbox 2157 2445 2387 2507; x_wconf 79' lang='lat' dir='ltr'><strong>fueriut3</strong></span> <span class='ocrx_word' id='word_1_339' title='bbox 2421 2445 2540 2509; x_wconf 86' lang='lat' dir='ltr'><strong>ipsa</strong></span> <span class='ocrx_word' id='word_1_340' title='bbox 2572 2441 2741 2508; x_wconf 87' lang='lat' dir='ltr'><strong>dupli·</strong></span> 
     </span>
     <span class='ocr_line' id='line_1_71' title="bbox 1664 2521 2741 2592; baseline -0.006 -16"><span class='ocrx_word' id='word_1_341' title='bbox 1664 2527 1746 2576; x_wconf 85' lang='lat' dir='ltr'><strong>cia</strong></span> <span class='ocrx_word' id='word_1_342' title='bbox 1758 2530 1993 2592; x_wconf 71' lang='lat' dir='ltr'><strong>lustralia,</strong></span> <span class='ocrx_word' id='word_1_343' title='bbox 2010 2528 2233 2590; x_wconf 88' lang='lat' dir='ltr'><strong>scilicet,</strong></span> <span class='ocrx_word' id='word_1_344' title='bbox 2244 2540 2364 2590; x_wconf 81' lang='lat' dir='ltr'><strong>quae</strong></span> <span class='ocrx_word' id='word_1_345' title='bbox 2383 2538 2562 2585; x_wconf 80' lang='lat' dir='ltr'><strong>magna</strong></span> <span class='ocrx_word' id='word_1_346' title='bbox 2579 2521 2741 2585; x_wconf 90' lang='lat' dir='ltr'><strong>dicta,</strong></span> 
     </span>
     <span class='ocr_line' id='line_1_72' title="bbox 1665 2597 2740 2671; baseline -0.011 -15"><span class='ocrx_word' id='word_1_347' title='bbox 1665 2604 2029 2671; x_wconf 85' lang='lat' dir='ltr'><strong>quinquenniis</strong></span> <span class='ocrx_word' id='word_1_348' title='bbox 2050 2602 2268 2666; x_wconf 85' lang='lat' dir='ltr'><strong>singulis</strong></span> <span class='ocrx_word' id='word_1_349' title='bbox 2286 2599 2545 2648; x_wconf 87' lang='lat' dir='ltr'><strong>celebrari</strong></span> <span class='ocrx_word' id='word_1_350' title='bbox 2569 2597 2740 2658; x_wconf 87' lang='lat' dir='ltr'><strong>solita,</strong></span> 
     </span>
     <span class='ocr_line' id='line_1_73' title="bbox 1663 2673 2738 2747; baseline -0.009 -14"><span class='ocrx_word' id='word_1_351' title='bbox 1663 2683 1767 2733; x_wconf 82' lang='lat' dir='ltr'><strong>alia</strong></span> <span class='ocrx_word' id='word_1_352' title='bbox 1810 2697 1933 2732; x_wconf 80' lang='lat' dir='ltr'><strong>vero</strong></span> <span class='ocrx_word' id='word_1_353' title='bbox 1979 2680 2274 2747; x_wconf 86' lang='lat' dir='ltr'><strong>quotannis,</strong></span> <span class='ocrx_word' id='word_1_354' title='bbox 2331 2684 2556 2741; x_wconf 89' lang='lat' dir='ltr'><strong>utraque</strong></span> <span class='ocrx_word' id='word_1_355' title='bbox 2601 2673 2738 2739; x_wconf 88' lang='lat' dir='ltr'><strong>apud</strong></span> 
     </span>
     <span class='ocr_line' id='line_1_74' title="bbox 1664 2755 2397 2823; baseline -0.011 -12"><span class='ocrx_word' id='word_1_356' title='bbox 1664 2759 1936 2811; x_wconf 88' lang='lat' dir='ltr'><strong>Athenas</strong></span> <span class='ocrx_word' id='word_1_357' title='bbox 1923 2774 2080 2823; x_wconf 74' lang='lat' dir='ltr'><strong>ipsas.</strong></span> <span class='ocrx_word' id='word_1_358' title='bbox 2134 2758 2198 2806; x_wconf 89' lang='lat' dir='ltr'><strong>P.</strong></span> <span class='ocrx_word' id='word_1_359' title='bbox 2220 2755 2397 2805; x_wconf 84' lang='lat' dir='ltr'><strong>Faber</strong></span> 
     </span>
    </p>

    <p class='ocr_par' dir='ltr' id='par_1_18' title="bbox 1662 2806 2812 3197">
     <span class='ocr_line' id='line_1_75' title="bbox 1728 2806 2739 2899; baseline -0.011 -11"><span class='ocrx_word' id='word_1_360' title='bbox 1728 2837 1865 2889; x_wconf 91' lang='lat' dir='ltr'><strong>Ludi</strong></span> <span class='ocrx_word' id='word_1_361' title='bbox 1889 2837 1954 2886; x_wconf 91' lang='lat' dir='ltr'><strong>ad</strong></span> <span class='ocrx_word' id='word_1_362' title='bbox 1988 2836 2285 2899; x_wconf 88' lang='lat' dir='ltr'><strong>exemplum</strong></span> <span class='ocrx_word' id='word_1_363' title='bbox 2309 2831 2509 2881; x_wconf 76' lang='lat' dir='ltr'><strong>Atticae</strong></span> <span class='ocrx_word' id='word_1_364' title='bbox 2532 2806 2739 2893; x_wconf 86' lang='lat' dir='ltr'><strong>religio-</strong></span> 
     </span>
     <span class='ocr_line' id='line_1_76' title="bbox 1663 2906 2739 2976; baseline -0.008 -11"><span class='ocrx_word' id='word_1_365' title='bbox 1663 2917 1762 2976; x_wconf 89' lang='lat' dir='ltr'><strong>nis,</strong></span> <span class='ocrx_word' id='word_1_366' title='bbox 1780 2921 1900 2965; x_wconf 88' lang='lat' dir='ltr'><strong>sunt</strong></span> <span class='ocrx_word' id='word_1_367' title='bbox 1914 2911 2322 2973; x_wconf 70' lang='lat' dir='ltr'><strong>Pmamenaea,</strong></span> <span class='ocrx_word' id='word_1_368' title='bbox 2309 2926 2362 2960; x_wconf 80' lang='lat' dir='ltr'><strong>in</strong></span> <span class='ocrx_word' id='word_1_369' title='bbox 2381 2908 2575 2975; x_wconf 86' lang='lat' dir='ltr'><strong>quibus</strong></span> <span class='ocrx_word' id='word_1_370' title='bbox 2593 2906 2739 2971; x_wconf 86' lang='lat' dir='ltr'><strong>pueri</strong></span> 
     </span>
     <span class='ocr_line' id='line_1_77' title="bbox 1663 2983 2739 3058; baseline -0.012 -16"><span class='ocrx_word' id='word_1_371' title='bbox 1663 2993 1956 3058; x_wconf 74' lang='lat' dir='ltr'><strong>puellaeque</strong></span> <span class='ocrx_word' id='word_1_372' title='bbox 1985 2989 2154 3039; x_wconf 85' lang='lat' dir='ltr'><strong>forma</strong></span> <span class='ocrx_word' id='word_1_373' title='bbox 2182 2984 2474 3050; x_wconf 83' lang='lat' dir='ltr'><strong>conspicui,</strong></span> <span class='ocrx_word' id='word_1_374' title='bbox 2507 2983 2739 3033; x_wconf 88' lang='lat' dir='ltr'><strong>manibus</strong></span> 
     </span>
     <span class='ocr_line' id='line_1_78' title="bbox 1665 3060 2812 3135; baseline -0.01 -15"><span class='ocrx_word' id='word_1_375' title='bbox 1665 3071 1910 3135; x_wconf 82' lang='lat' dir='ltr'><strong>amplexi,</strong></span> <span class='ocrx_word' id='word_1_376' title='bbox 1946 3083 2044 3134; x_wconf 90' lang='lat' dir='ltr'><strong>per</strong></span> <span class='ocrx_word' id='word_1_377' title='bbox 2076 3068 2314 3117; x_wconf 85' lang='lat' dir='ltr'><strong>diversos</strong></span> <span class='ocrx_word' id='word_1_378' title='bbox 2333 3062 2504 3113; x_wconf 83' lang='lat' dir='ltr'><strong>flexus</strong></span> <span class='ocrx_word' id='word_1_379' title='bbox 2527 3060 2738 3126; x_wconf 80' lang='lat' dir='ltr'><strong>Pyrrhi-</strong></span> <span class='ocrx_word' id='word_1_380' title='bbox 2806 3060 2812 3067; x_wconf 85' lang='lat'><em>&#39;</em></span> 
     </span>
     <span class='ocr_line' id='line_1_79' title="bbox 1662 3142 2440 3197; baseline -0.005 -1"><span class='ocrx_word' id='word_1_381' title='bbox 1662 3147 1810 3197; x_wconf 87' lang='lat' dir='ltr'><strong>cham</strong></span> <span class='ocrx_word' id='word_1_382' title='bbox 1832 3145 2111 3196; x_wconf 87' lang='lat' dir='ltr'><strong>saltabant.</strong></span> <span class='ocrx_word' id='word_1_383' title='bbox 2159 3142 2440 3193; x_wconf 75' lang='lat' dir='ltr'><strong>Gutherius.</strong></span> 
     </span>
    </p>

    <p class='ocr_par' dir='ltr' id='par_1_19' title="bbox 1657 3218 2740 3757">
     <span class='ocr_line' id='line_1_80' title="bbox 1727 3218 2740 3287; baseline -0.008 -12"><span class='ocrx_word' id='word_1_384' title='bbox 1727 3225 1907 3275; x_wconf 69' lang='lat' dir='ltr'><strong>Attica*</strong></span> <span class='ocrx_word' id='word_1_385' title='bbox 1943 3222 2214 3287; x_wconf 74' lang='lat' dir='ltr'><strong>religionis]</strong></span> <span class='ocrx_word' id='word_1_386' title='bbox 2262 3222 2473 3285; x_wconf 79' lang='lat' dir='ltr'><strong>Legunt</strong></span> <span class='ocrx_word' id='word_1_387' title='bbox 2507 3218 2740 3280; x_wconf 76' lang='lat' dir='ltr'><strong>Actiacoe,</strong></span> 
     </span>
     <span class='ocr_line' id='line_1_81' title="bbox 1661 3297 2739 3353; baseline -0.006 -1"><span class='ocrx_word' id='word_1_388' title='bbox 1661 3302 1904 3353; x_wconf 67' lang='lat' dir='ltr'><strong>Antiates:</strong></span> <span class='ocrx_word' id='word_1_389' title='bbox 1937 3301 2031 3351; x_wconf 88' lang='lat' dir='ltr'><strong>sed</strong></span> <span class='ocrx_word' id='word_1_390' title='bbox 2063 3301 2288 3350; x_wconf 80' lang='lat' dir='ltr'><strong>maxime</strong></span> <span class='ocrx_word' id='word_1_391' title='bbox 2324 3299 2379 3348; x_wconf 88' lang='lat' dir='ltr'><strong>in</strong></span> <span class='ocrx_word' id='word_1_392' title='bbox 2404 3298 2631 3347; x_wconf 84' lang='lat' dir='ltr'><strong>Graecos</strong></span> <span class='ocrx_word' id='word_1_393' title='bbox 2665 3297 2739 3345; x_wconf 89' lang='lat' dir='ltr'><strong>in·</strong></span> 
     </span>
     <span class='ocr_line' id='line_1_82' title="bbox 1661 3375 2737 3439; baseline -0.007 -10"><span class='ocrx_word' id='word_1_394' title='bbox 1661 3380 1891 3429; x_wconf 87' lang='lat' dir='ltr'><strong>clinabat</strong></span> <span class='ocrx_word' id='word_1_395' title='bbox 1936 3381 2099 3430; x_wconf 85' lang='lat' dir='ltr'><strong>Nero.</strong></span> <span class='ocrx_word' id='word_1_396' title='bbox 2179 3379 2295 3428; x_wconf 88' lang='lat' dir='ltr'><strong>Hos</strong></span> <span class='ocrx_word' id='word_1_397' title='bbox 2338 3383 2399 3425; x_wconf 88' lang='lat' dir='ltr'><strong>ut</strong></span> <span class='ocrx_word' id='word_1_398' title='bbox 2442 3375 2737 3439; x_wconf 84' lang='lat' dir='ltr'><strong>praecipuos</strong></span> 
     </span>
     <span class='ocr_line' id='line_1_83' title="bbox 1661 3454 2740 3519; baseline -0.008 -10"><span class='ocrx_word' id='word_1_399' title='bbox 1661 3460 1955 3509; x_wconf 87' lang='lat' dir='ltr'><strong>adulatores</strong></span> <span class='ocrx_word' id='word_1_400' title='bbox 1978 3458 2275 3519; x_wconf 87' lang='lat' dir='ltr'><strong>adamabat,</strong></span> <span class='ocrx_word' id='word_1_401' title='bbox 2288 3455 2624 3518; x_wconf 83' lang='lat' dir='ltr'><strong>vicissimque</strong></span> <span class='ocrx_word' id='word_1_402' title='bbox 2638 3454 2740 3501; x_wconf 91' lang='lat' dir='ltr'><strong>lau·</strong></span> 
     </span>
     <span class='ocr_line' id='line_1_84' title="bbox 1660 3528 2736 3599; baseline -0.009 -11"><span class='ocrx_word' id='word_1_403' title='bbox 1660 3537 1820 3587; x_wconf 89' lang='lat' dir='ltr'><strong>dabat</strong></span> <span class='ocrx_word' id='word_1_404' title='bbox 1835 3536 2266 3599; x_wconf 86' lang='lat' dir='ltr'><strong>adulabaturque,</strong></span> <span class='ocrx_word' id='word_1_405' title='bbox 2281 3531 2584 3596; x_wconf 76' lang='lat' dir='ltr'><strong>praesertim</strong></span> <span class='ocrx_word' id='word_1_406' title='bbox 2602 3528 2736 3595; x_wconf 91' lang='lat' dir='ltr'><strong>quod</strong></span> 
     </span>
     <span class='ocr_line' id='line_1_85' title="bbox 1657 3608 2736 3665; baseline -0.01 1"><span class='ocrx_word' id='word_1_407' title='bbox 1657 3615 1725 3665; x_wconf 82' lang='lat' dir='ltr'><strong>ad</strong></span> <span class='ocrx_word' id='word_1_408' title='bbox 1759 3616 1905 3665; x_wconf 87' lang='lat' dir='ltr'><strong>ludos</strong></span> <span class='ocrx_word' id='word_1_409' title='bbox 1927 3612 2158 3664; x_wconf 85' lang='lat' dir='ltr'><strong>scenicos</strong></span> <span class='ocrx_word' id='word_1_410' title='bbox 2187 3617 2245 3660; x_wconf 89' lang='lat' dir='ltr'><strong>et</strong></span> <span class='ocrx_word' id='word_1_411' title='bbox 2278 3608 2555 3659; x_wconf 87' lang='lat' dir='ltr'><strong>lasciviam</strong></span> <span class='ocrx_word' id='word_1_412' title='bbox 2593 3609 2736 3657; x_wconf 82' lang='lat' dir='ltr'><strong>thea-</strong></span> 
     </span>
     <span class='ocr_line' id='line_1_86' title="bbox 1659 3691 2162 3757; baseline -0.012 -13"><span class='ocrx_word' id='word_1_413' title='bbox 1659 3695 1843 3744; x_wconf 88' lang='lat' dir='ltr'><strong>tralem</strong></span> <span class='ocrx_word' id='word_1_414' title='bbox 1868 3691 2162 3757; x_wconf 82' lang='lat' dir='ltr'><strong>spectabat.</strong></span> 
     </span>
    </p>

    <p class='ocr_par' dir='ltr' id='par_1_20' title="bbox 1655 3764 2736 4222">
     <span class='ocr_line' id='line_1_87' title="bbox 1723 3764 2735 3835; baseline -0.01 -14"><span class='ocrx_word' id='word_1_415' title='bbox 1723 3773 1862 3823; x_wconf 88' lang='lat' dir='ltr'><strong>Hinc</strong></span> <span class='ocrx_word' id='word_1_416' title='bbox 1906 3768 2233 3835; x_wconf 85' lang='lat' dir='ltr'><strong>gymnasium</strong></span> <span class='ocrx_word' id='word_1_417' title='bbox 2275 3764 2545 3815; x_wconf 87' lang='lat' dir='ltr'><strong>dedicavit</strong></span> <span class='ocrx_word' id='word_1_418' title='bbox 2592 3776 2735 3813; x_wconf 91' lang='lat' dir='ltr'><strong>more</strong></span> 
     </span>
     <span class='ocr_line' id='line_1_88' title="bbox 1658 3840 2736 3914; baseline -0.012 -13"><span class='ocrx_word' id='word_1_419' title='bbox 1658 3852 1868 3912; x_wconf 84' lang='lat' dir='ltr'><strong>Graeco,</strong></span> <span class='ocrx_word' id='word_1_420' title='bbox 1892 3848 2220 3914; x_wconf 57' lang='lat' dir='ltr'><strong>praebuitque</strong></span> <span class='ocrx_word' id='word_1_421' title='bbox 2243 3845 2418 3895; x_wconf 90' lang='lat' dir='ltr'><strong>oleum</strong></span> <span class='ocrx_word' id='word_1_422' title='bbox 2441 3842 2605 3892; x_wconf 84' lang='lat' dir='ltr'><strong>etiam</strong></span> <span class='ocrx_word' id='word_1_423' title='bbox 2626 3842 2643 3869; x_wconf 91' lang='lat'>‘</span> <span class='ocrx_word' id='word_1_424' title='bbox 2665 3840 2736 3889; x_wconf 84' lang='lat' dir='ltr'><strong>fa·</strong></span> 
     </span>
     <span class='ocr_line' id='line_1_89' title="bbox 1659 3919 2733 3983; baseline -0.01 -5"><span class='ocrx_word' id='word_1_425' title='bbox 1659 3928 1864 3978; x_wconf 88' lang='lat' dir='ltr'><strong>cilitate</strong></span> <span class='ocrx_word' id='word_1_426' title='bbox 1909 3922 2136 3976; x_wconf 84' lang='lat' dir='ltr'><strong>Graeca.’</strong></span> <span class='ocrx_word' id='word_1_427' title='bbox 2202 3924 2274 3971; x_wconf 88' lang='lat' dir='ltr'><strong>Et</strong></span> <span class='ocrx_word' id='word_1_428' title='bbox 2316 3920 2546 3983; x_wconf 88' lang='lat' dir='ltr'><strong>Neapoli</strong></span> <span class='ocrx_word' id='word_1_429' title='bbox 2588 3919 2733 3969; x_wconf 84' lang='lat' dir='ltr'><strong>&#39;urbe</strong></span> 
     </span>
     <span class='ocr_line' id='line_1_90' title="bbox 1659 3997 2734 4060; baseline -0.009 -5"><span class='ocrx_word' id='word_1_430' title='bbox 1659 4005 1848 4055; x_wconf 70' lang='lat' dir='ltr'><strong>Gra‘ca</strong></span> <span class='ocrx_word' id='word_1_431' title='bbox 1898 4000 2291 4052; x_wconf 83' lang='lat' dir='ltr'><strong>citharoedicam</strong></span> <span class='ocrx_word' id='word_1_432' title='bbox 2333 4004 2506 4049; x_wconf 87' lang='lat' dir='ltr'><strong>artem</strong></span> <span class='ocrx_word' id='word_1_433' title='bbox 2561 3997 2734 4060; x_wconf 85' lang='lat' dir='ltr'><strong>palam</strong></span> 
     </span>
     <span class='ocr_line' id='line_1_91' title="bbox 1657 4074 2731 4147; baseline -0.007 -16"><span class='ocrx_word' id='word_1_434' title='bbox 1657 4081 1892 4147; x_wconf 83' lang='lat' dir='ltr'><strong>profiteri</strong></span> <span class='ocrx_word' id='word_1_435' title='bbox 1937 4080 2115 4144; x_wconf 86' lang='lat' dir='ltr'><strong>coepit.</strong></span> <span class='ocrx_word' id='word_1_436' title='bbox 2181 4078 2324 4128; x_wconf 86' lang='lat' dir='ltr'><strong>Hinc</strong></span> <span class='ocrx_word' id='word_1_437' title='bbox 2372 4074 2637 4139; x_wconf 84' lang='lat' dir='ltr'><strong>profectio</strong></span> <span class='ocrx_word' id='word_1_438' title='bbox 2678 4074 2731 4123; x_wconf 91' lang='lat' dir='ltr'><strong>in</strong></span> 
     </span>
     <span class='ocr_line' id='line_1_92' title="bbox 1655 4152 2730 4222; baseline -0.009 -12"><span class='ocrx_word' id='word_1_439' title='bbox 1655 4159 1924 4222; x_wconf 87' lang='lat' dir='ltr'><strong>Achaiam,</strong></span> <span class='ocrx_word' id='word_1_440' title='bbox 1965 4166 2027 4209; x_wconf 94' lang='lat' dir='ltr'><strong>ut</strong></span> <span class='ocrx_word' id='word_1_441' title='bbox 2063 4158 2137 4207; x_wconf 88' lang='lat' dir='ltr'><strong>ibi</strong></span> <span class='ocrx_word' id='word_1_442' title='bbox 2171 4156 2338 4206; x_wconf 88' lang='lat' dir='ltr'><strong>veluti</strong></span> <span class='ocrx_word' id='word_1_443' title='bbox 2373 4169 2520 4205; x_wconf 88' lang='lat' dir='ltr'><strong>more</strong></span> <span class='ocrx_word' id='word_1_444' title='bbox 2559 4152 2730 4218; x_wconf 90' lang='lat' dir='ltr'><strong>patrio</strong></span> 
     </span>
    </p>
   </div>
   <div class='ocr_carea' id='block_1_11' title="bbox 514 4231 2729 4302">
    <p class='ocr_par' dir='ltr' id='par_1_21' title="bbox 514 4231 2729 4302">
     <span class='ocr_line' id='line_1_93' title="bbox 514 4231 2729 4302; baseline -0.003 -18"><span class='ocrx_word' id='word_1_445' title='bbox 514 4243 568 4284; x_wconf 89' lang='lat' dir='ltr'><strong>et</strong></span> <span class='ocrx_word' id='word_1_446' title='bbox 586 4233 995 4298; x_wconf 85' lang='lat' dir='ltr'><strong>quinquennalis,</strong></span> <span class='ocrx_word' id='word_1_447' title='bbox 1013 4239 1069 4283; x_wconf 89' lang='lat' dir='ltr'><strong>et</strong></span> <span class='ocrx_word' id='word_1_448' title='bbox 1082 4234 1435 4284; x_wconf 84' lang='lat' dir='ltr'><strong>anniversaria</strong></span> <span class='ocrx_word' id='word_1_449' title='bbox 1456 4234 1572 4285; x_wconf 80' lang='lat' dir='ltr'><strong>fuit.</strong></span> <span class='ocrx_word' id='word_1_450' title='bbox 1652 4237 1888 4298; x_wconf 89' lang='lat' dir='ltr'><strong>auderet,</strong></span> <span class='ocrx_word' id='word_1_451' title='bbox 1920 4235 2060 4302; x_wconf 90' lang='lat' dir='ltr'><strong>quod</strong></span> <span class='ocrx_word' id='word_1_452' title='bbox 2095 4236 2277 4284; x_wconf 81' lang='lat' dir='ltr'><strong>Romae</strong></span> <span class='ocrx_word' id='word_1_453' title='bbox 2300 4231 2605 4282; x_wconf 83' lang='lat' dir='ltr'><strong>indecorum</strong></span> <span class='ocrx_word' id='word_1_454' title='bbox 2629 4238 2729 4279; x_wconf 59' lang='lat' dir='ltr'><strong>sta*</strong></span> 
     </span>
    </p>
   </div>
   <div class='ocr_carea' id='block_1_12' title="bbox 559 4309 1574 4378">
    <p class='ocr_par' dir='ltr' id='par_1_22' title="bbox 559 4309 1574 4378">
     <span class='ocr_line' id='line_1_94' title="bbox 559 4309 1574 4378; baseline -0.003 -13"><span class='ocrx_word' id='word_1_455' title='bbox 559 4367 564 4372; x_wconf 82' lang='grc'><em>,</em></span> <span class='ocrx_word' id='word_1_456' title='bbox 574 4311 681 4372; x_wconf 79' lang='lat' dir='ltr'><strong>Sed</strong></span> <span class='ocrx_word' id='word_1_457' title='bbox 698 4326 835 4378; x_wconf 86' lang='lat' dir='ltr'><strong>cum,</strong></span> <span class='ocrx_word' id='word_1_458' title='bbox 853 4313 1062 4364; x_wconf 88' lang='lat' dir='ltr'><strong>Nerone</strong></span> <span class='ocrx_word' id='word_1_459' title='bbox 1077 4309 1172 4361; x_wconf 86' lang='lat' dir='ltr'><strong>lv.</strong></span> <span class='ocrx_word' id='word_1_460' title='bbox 1191 4311 1431 4362; x_wconf 88' lang='lat' dir='ltr'><strong>Cornelio</strong></span> <span class='ocrx_word' id='word_1_461' title='bbox 1449 4312 1574 4363; x_wconf 90' lang='lat' dir='ltr'><strong>Cos-</strong></span> 
     </span>
    </p>
   </div>
   <div class='ocr_carea' id='block_1_13' title="bbox 1653 4313 2052 4365">
    <p class='ocr_par' dir='ltr' id='par_1_23' title="bbox 1653 4313 2052 4365">
     <span class='ocr_line' id='line_1_95' title="bbox 1653 4313 2052 4365; baseline 0 -2"><span class='ocrx_word' id='word_1_462' title='bbox 1653 4314 1746 4364; x_wconf 86' lang='lat' dir='ltr'><strong>tim</strong></span> <span class='ocrx_word' id='word_1_463' title='bbox 1768 4313 2052 4365; x_wconf 87' lang='lat' dir='ltr'><strong>videretur.</strong></span> 
     </span>
    </p>
   </div>
  </div>
 </body>
</html>
