3063 4952
495 428 686 515 1871

1207 459 1286 509 (Β.
1327 450 1700 506 connati
1748 446 2006 500 norm

2408 444 2503 518 [A'.
2518 451 2590 504 u.
2604 452 2731 503 aa.

506 608 807 686 socedat,
833 605 1056 690 qualis
1085 560 1368 689 quisque
1391 602 1738 678 habeatnr,
1773 596 1958 663 aliha
2000 587 2199 679 quam
2218 593 2288 657 in
2330 591 2592 659 civium
2611 586 2731 681 jai-4

508 711 695 778 dicio
726 728 905 773 esse.

595 815 706 880 21.
753 815 775 845 ‘
797 808 978 873 Olim
1006 809 1275 893 quidem
1296 818 1433 872 non
1460 803 1666 869 modo
1691 802 1973 879 Praetor,
2005 804 2124 864 aut
2143 797 2421 879 Consul,
2447 799 2569 866 sed
2594 799 2735 884 μεί-

502 922 648 988 vati
677 924 876 985 etiam
922 918 1367 991 mittebantur,
1403 913 1518 997 qui
1564 901 1954 995 provincias
1990 908 2304 987 viserent,
2355 910 2422 973 e't
2449 907 2614 992 quid
2642 906 2731 975 ,de

510 1010 838 1107 cujusque
859 1021 1209 1105 obsequio·
1248 1017 1603 1091 videretur,
1624 1011 1963 1077 referrent:
2005 1009 2560 1094 hepidabantque
2577 1028 2737 1091 geu-

509 1129 609 1189 tes
639 1124 723 1191 de
751 1124 1241 1190 existimatione
1270 1114 1720 1202 singulorum}
1769 1112 1865 1178 At
1891 1133 2064 1177 nunc
2108 1112 2391 1176 colimus
2420 1116 2736 1176 externos

512 1231 582 1292 et
610 1226 955 1292 adulamur
975 1224 994 1292 ε’
1057 1230 1125 1291 et
1154 1221 1523 1309 quomodou
1568 1217 1656 1283 ad
1704 1222 1937 1281 nutum
1976 1214 2279 1299 alicujus
2322 1210 2579 1298 grateS,
2631 1213 2734 1278 ita

512 1409 711 1461 ciorum
740 1409 865 1459 nihil
903 1409 1223 1470 detrahatur,
1246 1412 1294 1457 et
1315 1421 1345 1456 a
1367 1403 1517 1454 nobis
1544 1401 1838 1465 depellatur
1870 1399 2207 1464 existimatio,
2241 1414 2321 1448 sea
2352 1397 2591 1475 farum-in
2612 1397 2738 1448 alio·

512 1489 626 1524 rum
643 1489 795 1539 quam
807 1475 997 1525 civium
1014 1480 1280 1540 potestate
1298 1481 1352 1522 et
1370 1469 1587 1520 arbitrio
1601 1481 1732 1529 esse,
1748 1465 1912 1531 qualis
1930 1465 2144 1530 quisque
2158 1468 2366 1514 andrum
2385 1470 2739 1540 existimetur:

578 1539 737 1590 Certe
759 1540 881 1590 olim
905 1555 1004 1590 non
1029 1540 1191 1589 solum
1215 1543 1411 1602 praetor
1433 1542 1521 1583 aut
1545 1532 1744 1592 consul,
1762 1531 1852 1580 sed
1877 1531 2029 1579 etiam
2050 1530 2245 1593 privati
2263 1528 2628 1589 mittebantur,
2649 1542 2740 1594 qm

510 1604 831 1669 inspicerent
851 1597 1167 1670 provincias,
1193 1611 1253 1653 et
1280 1601 1470 1652 senatui
1491 1598 1867 1657 renuntiarent,
1899 1595 2024 1659 quid
2042 1594 2109 1643 de
2129 1594 2386 1670 cujusque
2413 1593 2518 1670 fide
2541 1607 2607 1643 ac
2629 1607 2738 1647 mu-

514 1669 686 1720 destia
725 1678 1030 1720 censerent:
1068 1668 1471 1731 metuebantque
1511 1663 1689 1728 populi
1722 1662 1789 1711 de
1825 1661 2017 1724 privati
2058 1674 2313 1723 cujusque
2345 1659 2576 1735 μιὼωο..
2630 1656 2739 1709 Sed

514 1748 652 1785 nunc
675 1735 1003 1786 demeremur
1021 1732 1380 1800 provinciales,
1402 1731 1567 1795 iisque
1599 1733 1947 1778 assentamur:
1984 1731 2040 1774 et
2062 1724 2320 1791 quomodo
2360 1723 2427 1773 ad
2468 1723 2743 1773 arbitrium

1449 1859 1537 1880 ‘O‘
1543 1855 1805 1879 OCOOMOO

585 1967 612 2012 1
650 1963 713 2013 In
735 1962 865 2014 Mss.
890 1963 968 2013 uti
1006 1964 1219 2027 assolet,
1241 1960 1571 2020 extimatione,
1608 1956 1691 2007 vel
1710 1955 2030 2005 estimatione
2049 1970 2067 2004 .-
2095 1961 2153 2004 et
2173 1953 2307 2004 hauc
2327 1951 2613 2003 lectionem
2632 1964 2739 2001 ser·

1533 2072 1746 2124 NOTAE

522 2181 661 2225 tores
710 2176 1093 2240 provinciarum
1144 2182 1200 2226 et
1254 2174 1596 2240 proconsules

522 2252 770 2317 avaritias,
791 2253 1021 2315 saevitiis,
1040 2260 1095 2306 et
1130 2255 1343 2305 aliorum
1378 2251 1597 2318 flagitio·

525 2342 666 2390 rum3
699 2345 801 2395 quo
822 2330 897 2380 sic
919 2331 1075 2381 saluti
1098 2337 1153 2381 et
1179 2331 1359 2380 tutelae
1383 2331 1592 2380 illorum

523 2406 651 2455 nibil
686 2408 977 2471 derogetur.

590 2484 664 2534 At
686 2487 821 2550 quod
841 2494 1049 2550 spectat
1066 2487 1130 2537 ad
1151 2486 1309 2537 decus
1327 2492 1382 2536 et
1401 2492 1595 2551 grates,

525 2576 587 2610 ea
606 2563 740 2611 mala
755 2560 892 2611 fama
912 2564 1123 2613 tollatur
1138 2579 1168 2614 a
1188 2564 1448 2628 patribus,
1474 2563 1593 2613 abo·

526 2640 698 2689 leatur
731 2655 793 2689 ex
828 2641 1013 2689 animis
1052 2641 1306 2691 sociorum
1347 2640 1593 2690 omnium·

527 2730 628 2779 que
651 2715 947 2765 mortalium
971 2731 1033 2766 ea
1055 2717 1247 2782 opinio,
1265 2731 1423 2780 penes
1447 2717 1596 2781 alios,

527 2798 581 2839 et
605 2791 733 2841 alibi
768 2806 881 2842 esse
918 2808 1073 2858 quam
1108 2794 1161 2842 in
1199 2794 1331 2843 urbe
1372 2793 1595 2843 aestima-¹

528 2868 723 2916 tionem
740 2868 878 2917 illam
903 2877 958 2918 et
983 2869 1258 2933 judicium,
1277 2870 1440 2935 qualis
1461 2869 1600 2935 quis-2

529 2958 630 3007 que
654 2951 885 2993 nostrum
902 2945 1174 2996 habeatur.
1241 2947 1324 2996 Ne
1342 2946 1409 2996 sit
1432 2960 1595 3009 penes

528 3020 717 3080 socios,
738 3021 861 3070 licet
884 3037 985 3084 prae
995 3023 1207 3083 validos,
1220 3038 1280 3072 ea
1302 3024 1599 3086 aestimatio,

521 3094 799 3157 judicium,
844 3099 928 3147 vel
973 3100 1269 3162 auctoritas,
1312 3115 1377 3150 an
1419 3110 1597 3164 grates

534 3172 718 3222 referri
740 3174 883 3223 nobis
907 3175 1149 3225 debeant.

602 3250 727 3304 Esto
749 3252 949 3313 possint
981 3267 1222 3303 accusare
1260 3255 1422 3305 socii:
1459 3256 1598 3321 quod

534 3325 689 3376 saluti
724 3329 977 3378 sociorum
1024 3332 1272 3395 expedit;
1307 3340 1364 3383 at
1395 3334 1600 3383 abolea-

536 3413 622 3453 tur
644 3404 732 3454 ille
771 3421 880 3456 mos
905 3406 1224 3471 efflagitandi
1267 3417 1442 3472 grates
1464 3410 1600 3480 illas,

536 3488 590 3530 et
609 3495 727 3530 eum
749 3482 994 3533 honorem
1015 3486 1310 3535 adulatione
1334 3496 1389 3536 et
1429 3486 1597 3551 indig-

535 3557 615 3606 nis
637 3558 875 3621 precibus
898 3561 1215 3613 demerendi.

599 3642 617 3666 r
654 3634 821 3690 Qualis
839 3637 1029 3700 quisque
1060 3639 1303 3702 habeatur,
1324 3640 1464 3705 alibi]
1531 3643 1598 3692 Id

534 3718 632 3774 est,
650 3718 705 3759 ut
718 3714 1075 3775 proconsulum
1093 3724 1385 3766 nostrorum
1408 3719 1601 3769 merita

536 3788 781 3836 aestimari
802 3788 1030 3840 debeant
1061 3792 1303 3842 acivibus
1331 3795 1476 3845 Rom.
1494 3810 1599 3846 non

535 3866 1009 3929 aprovincialibns.
1082 3868 1304 3932 Pio-heau.

599 3952 618 3976 ⁸
651 3945 730 3994 De
764 3945 980 4008 cujusque
1016 3946 1253 4010 obsequio]
1291 3949 1409 3998 Non
1447 3950 1599 4000 modo

537 4021 605 4071 de
627 4021 876 4086 obsequio
912 4024 1163 4073 sociorum
1202 4033 1290 4075 aut
1315 4028 1600 4090 provincia-

533 4099 679 4158 lium,
702 4100 790 4148 sed
814 4099 971 4149 etiam
1010 4102 1075 4151 de
1097 4102 1351 4152 modestia
1381 4119 1600 4167 procon-

536 4175 703 4223 sulum
746 4183 835 4224 aut
882 4182 1183 4242 praetorum,
1229 4180 1316 4243 qui
1362 4187 1598 4241 regerent

538 4252 854 4315 provincias,
886 4253 1214 4317 judicabant,
1253 4263 1310 4306 et
1330 4256 1397 4305 de
1420 4271 1599 4306 eorum

533 4327 756 4393 libertis,
798 4330 1091 4396 clientibus,
1146 4331 1439 4382 comitibus.

1527 4333 1611 4383 Et>

1676 2181 1816 2233 forte
1839 2182 1903 2232 ad
1930 2182 2265 2246 magistratus
2296 2175 2626 2242 potissimum
2660 2171 2746 2226 ad·

1675 2260 1955 2310 vertebant
1973 2258 2050 2307 illi
2075 2255 2285 2321 privati.
2742 2296 2747 2301 ,

1737 2338 1754 2369 ί
1778 2337 1864 2399 ¹Da
1913 2333 2265 2384 existimatione
2294 2329 2616 2393 singulorum]
2681 2326 2745 2378 Id

1677 2420 1775 2475 est,
1796 2413 1861 2461 de
1889 2411 2092 2476 judicio
2125 2409 2548 2473 uniuscnjusque,
2589 2406 2747 2465 etiam

1675 2491 1866 2555 privati
1905 2490 2033 2539 civis
2078 2490 2226 2537 Rom.
2282 2502 2383 2535 non
2429 2492 2638 2535 tantum
2676 2484 2746 2533 de

1668 2566 1870 2630 judicio
1909 2574 2139 2628 senatus,
2182 2571 2274 2616 aut
2319 2563 2608 2627 consulum,
2662 2562 2746 2611 vel

1676 2644 1890 2694 aliorum
1928 2644 2344 2706 magistratuum.
2433 2641 2574 2695 Quia
2604 2642 2622 2671 ‘
2646 2656 2748 2694 non

1675 2720 1828 2770 modo
1850 2727 2048 2785 praetor
2077 2726 2168 2769 aut
2200 2717 2400 2781 consul,
2423 2717 2519 2768 sed
2558 2718 2750 2784 privati

1675 2798 1832 2847 etiam
1857 2797 2229 2859 mittebantur,’
2251 2799 2352 2845 &c-

1741 2873 1805 2923 Id
1850 2889 2031 2923 verum
2077 2872 2142 2923 de
2191 2873 2397 2937 privato
2441 2872 2559 2922 cive
2599 2871 2753 2923 Rom.

1675 2950 1766 3000 sed
1792 2951 1880 3015 qui
1903 2949 2210 3014 propediem
2235 2948 2404 3017 creari
2441 2954 2645 3012 praetor
2665 2954 2755 2999 aut

1677 3027 1853 3075 consul
1878 3027 2064 3090 potuit.
2130 3027 2200 3077 Et
2220 3039 2361 3088 saepe
2384 3025 2473 3075 ille
2492 3026 2753 3090 privatus,

1679 3102 1788 3152 sine
1807 3103 2130 3166 magistratu,
2153 3103 2468 3151 aructat-itate
2489 3104 2758 3167 praecelle-

1677 3177 1769 3228 bat
1793 3181 2049 3241 consules,
2072 3194 2119 3227 v.
2146 3195 2197 3242 g.
2216 3179 2350 3229 Cato
2371 3179 2660 3230 Uticensis.
2742 3213 2747 3230 2

1743 3263 1766 3288 ¹¹
1804 3255 2075 3318 Quomodo]
2122 3259 2136 3285 ‘
2158 3257 2255 3307 Jus
2300 3265 2510 3306 maneat
2547 3255 2757 3320 provin-

1680 3333 1899 3383 cialibus
1951 3335 2238 3397 poteutiam
2278 3348 2420 3383 suam
2465 3333 2562 3383 tali
2597 3333 2753 3384 modo

1677 3411 1974 3462 ostentandi
1991 3412 2023 3462 :’
2074 3411 2330 3475 quomodo
2348 3412 2374 3470 ἓ,
2426 3410 2663 3475 Nempe,
2697 3417 2758 3461 ut

1680 3487 1809 3537 dicit
1857 3502 2048 3551 supra:
2099 3493 2114 3516 ‘
2140 3483 2416 3540 Quomodo
2454 3486 2522 3537 a'd
2575 3498 2757 3539 nutum

1680 3565 1896 3629 alicujus
1919 3572 2113 3630 grates,
2126 3566 2202 3615 ita
2223 3564 2476 3629 promtius
2491 3565 2757 3620 accusatio

1679 3643 2015 3693 decernitur!
2082 3645 2416 3693 Decernatur
2459 3650 2524 3694 >et
2548 3650 2759 3695 maneat

1671 3721 1762 3785 jus
1795 3721 1941 3783 illud,
1964 3725 2064 3771 ὅτε.
2345 3778 2350 3782 ,

1749 3798 2054 3848 Coucedere
2074 3798 2283 3847 videtur
2303 3798 2535 3847 Thrasea
2552 3797 2757 3862 provin·

1684 3875 1922 3939 cialibus,
1941 3883 2000 3925 ut
2039 3877 2243 3938 possint
2287 3876 2339 3925 in
2365 3877 2605 3927 conciliis
2634 3878 2758 3941 suis,

1680 3952 1765 4000 vel
1807 3953 2200 4015 proconsulibus
2238 3949 2411 4017 grates
2451 3954 2759 4017 decernere,

1679 4030 1765 4079 vel
1786 4031 1943 4079 etiam
1988 4030 2388 4081 accusationem.
2456 4031 2547 4082 Ita
2569 4038 2760 4095 tamen,

1681 4114 1741 4156 ut
1776 4110 1882 4157 iaus
1905 4108 2038 4169 salsa
2071 4114 2119 4157 et
2151 4108 2368 4172 precibus
2386 4123 2611 4172 expressa
2643 4124 2756 4174 per·

1681 4183 1805 4233 iude
1849 4186 1968 4249 lege
1992 4183 2076 4235 vel
2115 4186 2574 4235 senatusconsulto
2611 4185 2750 4236 cobi-

1683 4257 1883 4322 beatur,
1921 4276 1984 4311 ac
2026 4262 2242 4312 avaritia
2284 4261 2594 4329 saevitiaque
2636 4276 2751 4329 pro·

1680 4337 1967 4388 consulum.
