3063 4952
516 523 691 593 112.
736 522 916 590 Miro
956 523 1182 591 tamen
1231 524 1592 599 certamine
1636 520 1989 608 procerum
2015 522 2451 595 decernuntur
2495 531 2710 612 ‘sup-⁸

496 628 896 712 plicationes
947 629 1133 714 apud
1177 629 1400 693 omnia
1445 628 1881 712 pulvinaria,¹¹
1916 633 2121 712 utque
2149 626 2659 713 Quinquatrus*
2679 640 2711 703 J·

499 732 744 816 quibus
792 738 1039 816 apertae
1068 739 1293 798 essent
1336 732 1659 811 insidiae,²
1687 731 1866 796 ludis
1896 733 2138 796 annuis
2173 730 2658 800 celebrarentur
2688 756 2712 800 :2

500 842 814 901 aureumw
868 834 1193 901 Minervae
1238 834 1667 900 simulacrum
1710 834 1781 899 in
1807 835 2017 914 curia,
2058 842 2127 900 et
2142 835 2347 921 juxta
2374 834 2714 922 Principis

498 940 748 1022 imago¹
805 943 1230 1005 statueretur:
1279 939 1423 1004 dies
1476 939 1720 1005 natalis
1767 937 2162 1024 Agrippinae
2208 941 2375 1004 inter
2412 938 2714 1005 nefastos

497 1040 714 1123 esset!
799 1041 1101 1108 Thrasea
1156 1042 1423 1120 Paetus,
1476 1042 1741 1107 silentio
1789 1044 1897 1107 vel
1936 1042 2123 1115 brevi
2150 1061 2424 1108 assensu
2450 1042 2718 1127 priores

497 1145 940 1212 adulationes&
982 1149 1421 1213 transmittere
1451 1147 1710 1225 solituS,
1742 1147 1907 1211 exiit
1932 1151 2092 1210 tum³
2128 1145 2424 1225 Senatu,z
2467 1164 2553 1211 ac
2580 1145 2718 1211 sibi

534 1273 782 1323 ·Maxima
821 1279 979 1323 tmen
1018 1274 1313 1325 contentione
1343 1273 1606 1337 primorum
1636 1277 1913 1322 statuuntur
1933 1271 2340 1335 supplicationes
2365 1272 2506 1336 apud
2530 1287 2719 1333 omnes

498 1353 630 1398 aras,
653 1344 710 1388 et
730 1348 788 1389 ut
824 1340 1191 1404 Quinquatrus,
1227 1339 1410 1404 quibus
1434 1337 1756 1403 patefactum
1779 1336 1982 1387 facinus
2006 1345 2162 1394 esset,
2200 1350 2367 1385 annuo
2401 1339 2714 1400 spectaculo

496 1404 807 1456 colerentur.
872 1404 1047 1455 Aurea
1063 1406 1315 1454 Minervae
1339 1402 1535 1468 effigies
1556 1405 1608 1453 in
1632 1411 1836 1464 senatu,
1866 1411 1921 1453 et
1946 1417 2108 1467 prope
2131 1403 2251 1451 lianc
2291 1402 2509 1453 Caesaris
2533 1410 2718 1463 statua

495 1466 839 1520 collocaretur
858 1487 872 1531 ;
897 1472 1027 1533 dies,
1046 1486 1146 1535 qno
1164 1478 1285 1520 nata
1301 1477 1439 1519 esset
1453 1468 1760 1532 Agrippina,
1777 1468 1913 1518 inter
1931 1466 2177 1518 infaustos
2191 1467 2489 1519 haberetur.
2564 1470 2718 1523 Thr-w

494 1548 573 1584 sea
613 1537 797 1601 Palus,
815 1537 896 1601 qui
914 1552 1001 1601 per
1020 1537 1258 1586 silentium
1279 1537 1351 1584 cel
1373 1535 1555 1584 brevem
1576 1549 1810 1584 assensum
1829 1533 2096 1599 superiores
2132 1533 2468 1583 assentationes
2487 1534 2714 1593 Petrum,

1160 409 1171 417 .
1209 375 1276 427 c.
1323 373 1685 427 counitur
1734 374 1988 426 'raeiri
2391 380 2482 449 [Ac
2500 380 2714 436 usust

1400 1646 1757 1677 ‘'O‘OO‘OOO‘O

562 1736 589 1780 1
625 1730 826 1781 Vitiose
874 1731 1002 1780 Mss.
1039 1732 1191 1782 Harl.
1238 1731 1387 1782 Bodl.
1426 1732 1535 1782 Jes.
1573 1736 1631 1781 et
1652 1730 1989 1794 Puteolanus,
2009 1729 2327 1793 quinquatria.
2391 1729 2456 1778 In
2477 1728 2718 1779 editione-

495 1796 753 1860 principe,
773 1796 1084 1859 quinquatrii.
1150 1797 1214 1846 In
1254 1798 1354 1848 Ms.
1394 1796 1553 1848 Corb.
1597 1796 1948 1860 quinquatriis:
2002 1795 2143 1861 quod
2168 1810 2347 1845 errore
2380 1795 2706 1844 librariorum

497 1869 665 1911 ortum
689 1877 754 1910 ex
778 1864 1101 1924 quinquatrus.
1135 1862 1463 1912 Brotier.·—-2
1497 1863 1624 1912 Mss.
1650 1863 1791 1911 Flor.
1832 1859 2011 1911 Guelf.
2055 1862 2140 1910 ed.
2161 1876 2241 1923 pr.
2259 1861 2450 1909 insidioe
2471 1865 2708 1909 essent—4⁴

497 1930 528 1974 3
562 1925 650 1975 Sic
675 1926 806 1975 bene
825 1926 1031 1990 Lipsius
1057 1935 1112 1977 et
1136 1928 1472 1977 recentiores.
1540 1928 1605 1977 In
1639 1928 1771 1977 Mss.
1813 1927 1964 1976 Harl.
1997 1927 2150 1976 Bodl.
2170 1927 2281 1977 Jes.
2304 1926 2435 1990 Reg.
2455 1934 2514 1975 et
2530 1926 2712 1975 editio-

495 2006 589 2043 nes
610 1998 838 2053 vetereS,
881 1992 1084 2040 exitium
1122 1993 1325 2041 senatui.
1394 1993 1650 2056 Lipsianae
1684 1992 2035 2042 emendationi
2073 1989 2392 2054 suffragatur
2425 1991 2553 2052 Dio,
2597 2003 2710 2040 Lxx.

497 2070 550 2119 p.
575 2059 692 2105 696.
757 2057 814 2105 ‘0
838 2055 1074 2111 Πούπλιος
1097 2056 1149 2107 δὲ
1170 2057 1228 2115 δὴ
1243 2055 1455 2121 Θρασέας
1475 2061 1652 2108 Παῖτος
1670 2056 1790 2116 ἦλθε
1826 2056 1914 2118 μὲν
1938 2059 1985 2108 ἐς
2005 2055 2338 2120 τὸσυνέδριον,
2373 2055 2457 2105 καὶ
2473 2059 2563 2115 τῆς
2581 2057 2716 2105 ἔπιον

493 2123 643 2180 τολῆς
662 2120 932 2182 ἐπήκουσεν·
957 2123 1335 2185 ἀναγνωσθείσης
1356 2122 1407 2172 δὲ
1431 2124 1595 2185 αὐτῆς,
1634 2121 1861 2185 ἐξανέστη
1895 2142 1952 2172 τε
1998 2121 2149 2183 εὐθὺς,
2190 2122 2299 2185 πρὶν
2319 2122 2396 2170 καὶ
2420 2122 2577 2171 ὁτιοῦν
2598 2122 2710 2171 &na-

494 2184 747 2252 φήνασθαι,
778 2187 859 2237 καὶ
895 2189 1076 2251 ἐξῆλθε·
1113 2189 1229 2239 διότι
1252 2188 1283 2238 ἃ
1302 2187 1391 2250 μὲν
1428 2191 1601 2248 ἤθελεν
1637 2188 1800 2251 εἶτ-εῖν,
1838 2189 1923 2237 οὐκ
1964 2186 2184 2249 ἠδύνατο,
2224 2186 2256 2237 ἃ
2292 2186 2343 2236 δὲ
2380 2186 2604 2249 ἠδύνατο,
2626 2187 2708 2236 οὐκ

492 2252 698 2310 ἤθελεν;
738 2255 755 2282 ⁴
791 2254 1008 2304 Publius
1048 2255 1280 2306 Thrasea
1315 2255 1496 2306 Paetus
1542 2256 1687 2306 venit
1730 2255 1784 2304 iu
1824 2262 2078 2316 senatum,
2102 2260 2156 2304 et
2179 2253 2456 2316 epistolam
2492 2252 2708 2303 audivit.

1486 2399 1708 2452 NOTAE
2678 2448 2682 2453 .
2708 2451 2714 2455 ,

1703 2506 1728 2532 V
1763 2498 2111 2565 Quinquatrus]
2139 2535 2142 2536 ν
2175 2499 2365 2550 Nonne
2412 2498 2524 2563 jam
2571 2503 2714 2549 'ante
2781 2535 2784 2540 »

1640 2569 2076 2627 celebrabantur?
2146 2576 2277 2626 Dixi
2320 2576 2457 2625 enim
2490 2576 2557 2626 de
2603 2577 2714 2642 gia-⁴

558 2468 581 2533 ἦ
614 2500 993 2565 Supplicationes
1013 2502 1137 2565 apud
1156 2500 1317 2550 omnia
1341 2501 1557 2565 pulvina-

491 2577 593 2641 ria]
626 2579 847 2638 Fiebant
869 2579 988 2628 olim
1007 2579 1413 2643 supplicationes
1429 2578 1559 2628 urbe

494 2661 625 2719 tota,
657 2658 797 2707 circa
832 2657 1003 2707 omnia
1025 2656 1148 2707 fana
1171 2664 1226 2706 et
1248 2655 1559 2721 pulvinaria,

490 2733 549 2782 iu
567 2733 750 2798 quibus
771 2734 928 2783 honos
953 2734 1068 2783 Diis
1094 2734 1333 2784 dabatur.
1543 2784 1551 2793 ,

559 2811 726 2858 Erant
748 2824 871 2860 vero
889 2811 1177 2874 pulvinaria,
1201 2808 1440 2873 apparati
1459 2808 1564 2858 De-

493 2899 639 2935 orum
662 2886 809 2948 lecti,
829 2886 880 2934 in
904 2886 1088 2951 quibus
1107 2887 1336 2935 Deorum
1361 2884 1566 2934 simula-

495 2975 586 3011 cra
617 2962 777 3026 juxta
820 2976 932 3011 aras
977 2961 1210 3012 snblimia
1248 2968 1410 3024 erant,
1447 2961 1564 3026 qui·

493 3038 588 3089 bus
603 3037 838 3088 fasciculi
856 3038 1194 3089 verbenarum
1213 3038 1556 3088 addebantur.

492 3116 737 3182 Lapanus.
771 3132 773 3135 ⁴

538 3192 858 3257 „panim-ia]
890 3195 1056 3243 Erant
1097 3194 1276 3244 lectuli
1315 3193 1557 3258 plumari-

491 3268 590 3320 bus
633 3270 804 3333 strati,
846 3271 1033 3335 quibus
1053 3271 1299 3333 imagines
1322 3273 1556 3321 Deorum

493 3346 808 3410 statuebant,
829 3347 975 3411 quasi
1000 3346 1284 3411 quieturos,
1302 3345 1557 3411 festisque

494 3422 658 3487 epulis
681 3424 1032 3488 excipiebant.
1100 3424 1261 3474 Dicta
1290 3425 1444 3474 etiam
1464 3425 1556 3474 lec-

492 3501 731 3551 tisternia.
799 3504 1038 3552 Lactant.
1074 3517 1175 3551 vn.
1225 3504 1241 3530 ⁴
1274 3502 1556 3552 Lectister-

491 3577 632 3626 niuin
679 3580 884 3629 Cereris
926 3582 1026 3630 erit
1072 3578 1248 3629 Idibus
1292 3579 1558 3643 proximis.

494 3654 709 3705 Habent
751 3658 882 3705 enim
928 3659 1020 3707 Dii
1062 3659 1248 3720 lectos,
1284 3665 1441 3723 atque
1497 3662 1558 3707 ut

493 3733 674 3783 stratis
714 3735 908 3797 possint
954 3735 1272 3785 mollioribus
1293 3735 1557 3798 incubare,

492 3811 817 3874 pulvinorum
856 3812 1057 3861 tollitur
1092 3818 1249 3875 atque
1296 3812 1560 3861 excitatur

490 3887 791 3952 impressio.'

557 3968 630 4017 Et
671 3969 890 4017 liabetur
930 3968 1054 4033 quid
1093 3968 1260 4017 simile
1298 3969 1333 4017 l.
1353 3981 1392 4017 1.
1425 3967 1556 4030 Reg.

492 4042 508 4070 ⁶
533 4043 682 4094 Tulit
707 4045 921 4094 *Michol
948 4051 1215 4110 statuam,
1269 4052 1325 4093 et
1380 4044 1556 4107 posuit

493 4135 609 4171 eam
624 4126 1011 4187 superlectum,
1025 4131 1091 4173 et
1112 4126 1299 4187 pellem
1338 4125 1556 4189 pilosam

492 4211 760 4261 caprarum
808 4201 980 4263 posuit
1016 4200 1084 4249 ad
1123 4208 1284 4263 caput
1325 4201 1459 4264 ejus,
1483 4205 1558 4250 et

492 4276 702 4337 operuit
721 4290 836 4325 eam
859 4278 1216 4330 vestimentis?
1255 4278 1422 4333 Aurei.

1641 2652 1945 2705 diatoribus.
2026 2654 2155 2703 Sed·
2182 2660 2310 2717 puto
2353 2653 2439 2702 hic
2481 2653 2709 2717 intelligi

1639 2730 1874 2781 scenicos
1900 2732 2048 2782 ludos
2072 2746 2286 2796 annuos,
2304 2739 2394 2783 aut
2413 2731 2707 2781 Circenses.

1704 2892 1736 2919 '¹
1753 2885 1988 2952 Aureum]
2006 2887 2232 2948 PrimuS,
2247 2892 2380 2937 teste
2395 2887 2543 2937 Livio
2561 2888 2597 2937 l.
2617 2901 2715 2941 ιμ’

1639 2962 1656 2989 ‘
1679 2963 1889 3013 Marcus
1942 2962 2140 3014 Acilius
2196 2963 2413 3013 Glabrio
2463 2962 2706 3015 duumvir

1638 3046 1861 3090 statuam
1882 3047 2137 3102 auratam,
2157 3055 2274 3105 quae
2295 3040 2463 3104 prima
2480 3042 2706 3091 omnium

1635 3116 1689 3166 in
1727 3117 1885 3166 Italia
1906 3116 2074 3181 posita
2114 3116 2234 3181 fuit,
2263 3116 2408 3181 patri
2430 3117 2709 3168 Glabrioni

1637 3193 1841 3257 posuit!
2708 3205 2715 3229 ὲ

1700 3278 1727 3304 ¹
1761 3271 2007 3335 Principis
2028 3271 2210 3336 imago]
2242 3274 2386 3322 Talia
2405 3274 2711 3324 assentatio-

1637 3362 1757 3398 num
1800 3348 2037 3413 prodigia
2067 3350 2190 3398 olim
2214 3356 2487 3413 spreverat
2505 3350 2715 3399 Tiberi·'

1636 3439 1728 3474 us:
1765 3423 2120 3489 prohibuerat,
2156 3439 2223 3474 ne
2259 3424 2509 3488 imagines
2543 3424 2707 3489 ipsius

1637 3508 1994 3551 statuerentur
2024 3500 2077 3550 in
2117 3495 2348 3551 delubris
2370 3502 2508 3550 inter
2540 3501 2709 3550 numi-

1636 3594 1719 3641 na,
1745 3579 1839 3628 sed
1873 3584 2075 3629 tantum
2117 3579 2253 3628 inter
2292 3583 2597 3627 ornamenta
2618 3578 2715 3640 de·

1637 3671 1862 3707 morum:
1896 3655 1989 3705 sed
2011 3655 2175 3705 indies
2192 3655 2462 3705 invalescit
2480 3655 2708 3718 adulatio,

1636 3733 2024 3798 corrumpitque
2043 3732 2383 3788 dominantes,
2407 3729 2575 3780 donec
2594 3737 2720 3780 tan--

1640 3810 1760 3861 dem
1781 3811 2050 3860 subvertat
2072 3809 2462 3874 principemque
2483 3815 2541 3858 et
2569 3810 2706 3873 prin·

1640 3891 1888 3956 cipatum.

1693 3974 1726 4012 ,5
1758 3967 1952 4017 Priores
1972 3964 2288 4027 adulationes]
2321 3965 2384 4014 Id
2406 3972 2506 4027 est,
2530 3966 2706 4016 adula-

1636 4045 1822 4107 tiones,
1840 4060 1951 4108 quae
1977 4050 2132 4094 antea
2155 4044 2205 4092 in
2233 4049 2413 4092 senatu
2436 4043 2550 4092 fieri
2575 4046 2706 4096 sole·

1637 4122 1799 4182 bant3
1842 4136 1961 4172 nam
2015 4123 2114 4171 hac
2153 4121 2428 4171 occasione
2483 4122 2703 4171 Patrum

1636 4198 1961 4249 adulationes
1980 4213 2079 4249 non
2108 4198 2352 4248 sustinuit
2385 4198 2589 4261 Paetus,
2612 4197 2703 4248 sed

1636 4292 1666 4327 e
1699 4277 1846 4329 curia
1881 4277 2059 4328 statim
2079 4291 2138 4327 se
2158 4276 2437 4342 proripuit,
2464 4278 2616 4329 velut
2637 4292 2710 4327 ex.
