3063 4952
386 356 663 423 aasz]

563 515 635 574 Q.
680 506 1025 564 VOLUSIO.

1081 356 1491 407 ANNAMUM
1545 359 1689 409 ms.
1721 360 1898 415 xm.

2413 351 2588 427 w

1114 515 1176 563 Ρ.
1221 514 1603 570 CORNELIO
1652 518 1762 573 SD}
1775 520 1997 571 mom:

563 617 723 667 mr.
756 618 1091 666 omnmo
1138 618 1472 669 xenone.
1507 623 1587 689 υ.
1682 623 1747 693 ι..
1777 603 2215 674 ολιΡυιιΝιο
2247 627 2515 687 Pisone
2541 600 2578 685 J

565 722 721 770 ΙΜΡ.
754 722 1087 770 CLAUDIO
1121 723 1451 771 NERONE.
1488 724 1601 774 111'.

559 823 755 873 GOSS.

1693 726 2026 777 VALERIO
2080 731 2471 780 MESSALLA

374 1090 664 1181 Pmm
724 1116 925 1183 novo
948 1117 1345 1203 Principatu
1389 1141 1592 1197 mors
1617 1120 1665 1185 J
1669 1122 1799 1186 unii
1849 1122 2117 1202 Silani?
2145 1125 2575 1206 Proconsulis

370 1217 619 1298 Asiae‚b
636 1222 862 1304 ignaro
887 1221 952 1285 N
955 1226 1200 1302 e'rone,⁰
1220 1244 1341 1308 per
1364 1223 1588 1288 dolum
1608 1223 2001 1310 Agrippinae
2032 1216 2326 1311 patratur
2346 1239 2388 1296 :¹
2417 1253 2571 1311 non,

426 1404 655 1454 Primum
678 1403 877 1465 facinus
910 1420 1039 1454 nora
1065 1407 1396 1458 dominationis
1416 1407 1516 1459 fuit
1533 1410 1682 1458 eoedes
1701 1409 1842 1458 Junii
1865 1408 2020 1458 Silani
2051 1409 2265 1472 proefsoti
2285 1411 2436 1473 Λεία»,
2450 1427 2571 1475 φιιτ,

359 1468 506 1520 inscio
519 1471 735 1535 Nerone,
747 1486 834 1534 per
841 1469 1068 1539 fraudem
1084 1472 1368 1537 Agrippina?
1384 1479 1659 1537 perpetrata
1677 1480 1774 1523 est:
1807 1490 1897 1523 non
1911 1477 2030 1538 quod
2049 1477 2196 1524 animi
2204 1475 2391 1534 ferocia
2407 1478 2569 1540 perni-

1295 1588 1469 1607 OO‘OOO
1476 1589 1524 1607 Ὀ
1534 1589 1615 1607 ‘O‘
1622 1588 1648 1606 O

422 1672 448 1716 1
490 1667 712 1716 Paratur
744 1668 973 1718 Brotier.
1032 1668 1257 1718 Manent
1284 1667 1543 1731 Aurelius,
1564 1669 1958 1733 Freinshemius,
1980 1677 2031 1720 et
2055 1669 2287 1734 Ryckius
2306 1673 2529 1734 patratur
2545 1687 2568 1730 ς

423 1747 453 1781 o
476 1732 650 1782 verbo
687 1733 740 1781 in
770 1733 865 1782 bac
889 1749 944 1782 re
972 1733 1095 1784 alibi
1113 1741 1285 1789 noster
1306 1735 1471 1785 utitur
1486 1748 1549 1784 ιι.
1569 1739 1650 1790 89.
1690 1749 1767 1785 lv.
1792 1741 1874 1786 57.
1943 1736 2140 1789 Probat
2163 1742 2220 1789 et
2240 1736 2564 1789 Lallemand.

402 1812 636 1862 coepere
670 1799 959 1863 Bipoatini.

1356 1895 1571 1946 Nom-2

412 2017 435 2044 ⁸
464 2011 619 2061 saniz·
656 2004 832 2077 Silani]
867 2011 1085 2076 Crebra,
1118 2011 1173 2061 in
1203 2011 1420 2062 historia

352 2090 531 2142 horum
562 2097 867 2156 temporum,
891 2092 1083 2142 mentio
1108 2092 1417 2154 Silanorum,

349 2172 402 2216 et
422 2165 663 2218 confusa.
708 2168 894 2234 Itaque
917 2183 982 2219 ne
1003 2168 1179 2220 turbet
1191 2168 1417 2233 juvenis,

348 2258 444 2295 non
486 2254 716 2297 stemma
758 2246 965 2313 quidem
1009 2246 1159 2297 istius
1205 2246 1414 2296 familioe

351 2338 566 2386 ponam,
590 2323 804 2390 (arduus
844 2325 933 2374 ille
976 2331 1032 2374 et
1079 2322 1216 2374 forte
1255 2338 1415 2373 vanus

346 2399 535 2465 labor,)
552 2400 644 2450 sed
665 2400 1032 2451 illustrissimos
1047 2415 1294 2466 quosque,
1311 2416 1414 2466 quo

339 2475 687 2543 imperatore,
735 2485 790 2528 et
840 2494 942 2544 quo
998 2480 1146 2529 exitu
1202 2478 1414 2543 fuerint,

341 2545 646 2619 persequar,
662 2569 778 2605 cum
802 2562 1095 2620 temporum
1118 2564 1258 2607 nota.
1307 2557 1410 2606 Ex-

341 2630 517 2681 ordior
546 2631 805 2682 a'I’iberio
841 2634 1100 2698 principe,
1136 2634 1256 2698 quia
1290 2648 1406 2699 quae

339 2720 508 2773 supra,
538 2708 666 2757 nihil
686 2708 752 2757 ad
775 2708 1017 2773 Spartam
1042 2724 1220 2760 meam.

394 2785 464 2836 D.
505 2785 712 2848 Junius,
751 2786 827 2837 M.
872 2787 955 2850 F.,
989 2787 1200 2848 Silanus,
1234 2786 1404 2837 Marci

338 2861 529 2925 prioris
573 2861 756 2915 frater.
827 2865 878 2915 Is
915 2866 1120 2916 adulter
1163 2866 1215 2914 in
1259 2865 1405 2918 Julia

336 2947 489 3004 nepte
520 2938 766 3005 Augusti,
802 2942 855 2992 in
879 2943 1086 2993 exilium
1112 2942 1235 3005 ivit;
1268 2942 1405 2992 redi-

336 3013 476 3081 itque
525 3031 622 3081 per
651 3019 871 3081 gratiam
909 3025 965 3068 et
1002 3019 1287 3083 potentiam
1326 3018 1404 3070 M.

336 3089 511 3144 fratris
540 3094 634 3144 sui.
683 3096 806 3146 Fuit
827 3096 1048 3161 posthac
1072 3097 1123 3146 in
1145 3096 1291 3158 urbe,
1309 3110 1402 3145 ne·

333 3184 428 3235 que
463 3172 696 3224 honores
735 3173 955 3239 adeptus
976 3180 1075 3224 est.
1139 3173 1269 3224 Tac.
1293 3171 1402 3224 An-

330 3246 428 3299 ual.
452 3248 487 3297 1.
523 3260 610 3297 111.
1190 3251 1194 3254 ’

391 3323 487 3387 Δρ.
514 3324 696 3374 Juuius
716 3325 912 3377 Silanus
944 3327 1133 3377 Consul
1166 3324 1267 3376 fuit
1301 3326 1396 3377 sub

331 3399 540 3466 Tiberio
570 3417 705 3453 anno
727 3408 841 3455 780.
909 3405 1172 3455 Consocer
1193 3403 1411 3460 Claudii,

333 3475 525 3529 dicitur
546 3479 814 3543 Suetonio,
850 3488 1068 3546 propter
1086 3482 1145 3531 L.
1166 3480 1392 3531 Silanum

331 3550 487 3603 filium
539 3555 656 3620 ejus
714 3558 951 3607 Octaviae
1003 3557 1206 3607 Claudii
1271 3555 1393 3608 filiae

330 3640 593 3692 sponsum.
660 3633 948 3683 Proconsul
1006 3634 1294 3700 Hit-paniae,
1335 3642 1391 3686 et

329 3701 540 3758 maritus
578 3709 797 3774 Lepidae
841 3711 1021 3761 matris
1059 3712 1391 3779 Messallinae,

329 3796 358 3833 a
392 3785 637 3849 Claudio,
655 3788 858 3837 incerto
901 3787 1135 3850 crimine,
1168 3789 1389 3841 occisus.

334 3855 434 3912 Dio
452 3877 541 3913 Lx.
565 3864 779 3915 Sueten.
803 3880 851 3915 c.
869 3869 951 3915 29.
977 3871 1032 3915 et
1056 3870 1138 3916 37.

393 3939 520 4003 Ejus
543 3939 650 3991 duo
673 3940 783 4004 filii,
808 3942 864 3992 L.
885 3943 1079 3993 Silanus
1095 3950 1149 3993 et
1172 3944 1249 3993 M.
1263 3943 1389 3994 Sila-

326 4026 426 4064 nus.
494 4018 685 4067 Lucius
721 4034 881 4081 gener
903 4019 1103 4070 Claudii
1138 4009 1257 4081 fuit,
1281 4020 1386 4071 Oc·

329 4092 479 4142 taviae
500 4109 735 4158 sponsus,
759 4095 1058 4162 Agrippinae
1082 4097 1284 4147 artibus
1319 4098 1384 4147 ad

327 4174 539 4220 mortem
579 4177 746 4238 actus,
809 4174 1020 4242 Marcus
1061 4175 1241 4224 consul
1282 4173 1387 4226 fuit

328 4259 440 4316 eum
481 4247 694 4301 Valerio
717 4240 966 4316 Asiatico,
990 4266 1124 4303 anno
1147 4255 1297 4316 799.;
1330 4252 1397 4303 in'

1500 2026 1602 2076 quo
1639 2026 1785 2061 error
1823 2010 2034 2077 insignis
2054 2009 2281 2078 Onufrii,
2304 2012 2392 2077 qui
2415 2011 2561 2065 Asia-

1499 2089 1605 2138 tico
1628 2089 1877 2152 collegam
1918 2089 2010 2138 dat
2047 2089 2371 2152 Messallam;
2405 2105 2558 2156 quem

1500 2167 1602 2217 Dio
1626 2164 1820 2216 refutat
1836 2173 1890 2216 et
1911 2164 2034 2216 fasti
2057 2167 2251 2219 Graeci.

1561 2241 1848 2292 Proconsul
1873 2242 2013 2294 Asiae
2037 2243 2155 2307 fuit,
2187 2252 2243 2295 et
2278 2259 2310 2295 a
2348 2245 2558 2297 Nerone

1493 2331 1631 2367 nunc
1672 2318 1997 2372 interfectus.
2064 2321 2145 2371 De
2185 2336 2248 2371 eo
2285 2322 2486 2372 Plinius
2517 2324 2556 2375 Ῐ.

1492 2407 1593 2445 vn.
1615 2396 1630 2423 ‘
1655 2396 1823 2446 Divus
1848 2396 2130 2463 Augustus,
2151 2398 2205 2447 in
2245 2399 2443 2465 reliqua
2465 2414 2554 2449 ex-

1491 2472 1779 2537 emplorum
1824 2475 2059 2540 raritate,
2098 2476 2272 2542 neptis
2315 2492 2421 2527 suae
2462 2492 2552 2528 ne-

1490 2558 1666 2614 potem
1707 2552 1839 2601 vidit
1879 2554 2127 2616 genitum,
2172 2569 2298 2619 quo·
2327 2553 2553 2605 excessit

1489 2642 1642 2687 anno,
1683 2629 1759 2678 M.
1796 2629 2052 2678 Silanum:
2090 2630 2175 2693 qui
2217 2645 2334 2679 cum
2374 2628 2550 2680 Asiam

1488 2704 1751 2757 obtineret
1805 2712 1926 2770 post
1959 2705 2318 2768 consulatum,'
2348 2705 2549 2773 (malim

1484 2783 1668 2833 scribit
1679 2783 2050 2850 proconsulum)
2068 2787 2083 2814 ‘
2107 2786 2332 2836 Neronis
2359 2785 2553 2851 princi-

1483 2854 1564 2923 pis
1584 2862 1927 2926 successione,
1950 2876 2146 2912 veneno
2169 2862 2280 2926 ejus
2313 2862 2546 2913 sublatus

1483 2936 1600 2986 est.'
1654 2939 1724 2989 Et
1747 2939 1821 2989 sic
1845 2939 2046 2990 Plinius
2069 2941 2235 2989 scelus
2259 2940 2355 2990 hoc
2381 2940 2548 2991 Nero-

1482 3013 1536 3061 ni
1556 3015 1782 3078 ascribit,
1805 3016 1943 3082 quod
1967 3024 2145 3067 noster
2168 3017 2342 3082 rejicit
2364 3018 2416 3068 in
2440 3033 2544 3069 ma·

1481 3095 1634 3142 trem.

1547 3170 1667 3219 Fuit
1706 3177 1760 3221 et
1797 3172 1867 3220 D.
1897 3172 2079 3223 Junt'us
2114 3172 2322 3239 Silarum,
2362 3173 2542 3225 consul

1479 3260 1614 3297 anno
1637 3250 1748 3297 806.
1813 3248 2022 3313 Lipsius.

1542 3323 1687 3373 Beue
1723 3329 1832 3389 post
1870 3328 2179 3390 consulatum,
2202 3327 2338 3391 apud
2378 3325 2541 3377 Plini-

1475 3414 1597 3463 um3
1633 3401 1826 3466 quippe
1861 3403 1964 3453 duo
1994 3403 2328 3453 vetustissimi
2356 3418 2540 3453 consu-

1472 3477 1607 3528 lares
1629 3480 1981 3530 sortiebantur
1999 3479 2177 3530 Asiam
2208 3486 2263 3531 et
2285 3477 2537 3532 Africam.

1536 3553 1560 3589 θ
1593 3557 1897 3607 Proconsuli-3
1924 3558 2079 3622 Asioe]
2129 3551 2535 3609 Proconsulatus

1468 3629 1612 3682 Asiae
1650 3635 1956 3685 continebat
1996 3645 2202 3699 partem
2239 3635 2538 3687 occidenta-

1469 3710 1571 3784 lem
1595 3709 1736 3761 Asiae
1757 3712 1986 3774 minoris,
2006 3713 2070 3761 ad
2111 3728 2251 3763 mare
2285 3712 2536 3776 AEgeum;
2584 3761 2589 3765 .

1470 3793 1526 3837 et
1549 3788 1635 3839 ubi
1659 3789 1940 3854 provinciae
1959 3788 2137 3852 AEolis,
2161 3790 2325 3853 Ionia,
2344 3794 2403 3839 et
2423 3790 2533 3841 Do-

1468 3880 1559 3916 ris.
2211 3883 2216 3888 ·

1534 3941 1707 3991 Hodie
1728 3957 1846 4007 pars
1870 3940 2213 3991 Praefecturae
2231 3940 2442 3991 Natalia
2460 3939 2528 3991 ad

1466 4019 1891 4085 Archipelagum,
1934 4021 1983 4069 in
2038 4019 2258 4071 Turcico
2310 4020 2532 4084 imperio

1466 4096 1720 4148 Asiatico.
1754 4098 1835 4146 Ex
1850 4096 2035 4146 notitia
2051 4095 2251 4161 imperii
2266 4096 2526 4157 Orientis,

1465 4180 1522 4224 et
1544 4174 1807 4223 Panciroli
1828 4172 2195 4224 commentario
2218 4187 2265 4223 c.
2291 4176 2403 4224 101.
2425 4175 2526 4223 &e-

1469 4251 1787 4303 wtemonius.
