3063 4952
365 442 419 495 J.·
441 442 502 495 c.
521 444 633 509 δι]

1074 439 1511 494 ΑΝΝΑΙΛΠΜ·
1544 442 1714 491 Lm.-
1740 443 1922 498 xm.

2380 419 2573 497 {1523

364 581 442 651 L.
473 550 667 663 Piso,
697 584 1078 668 designatus
1105 585 1379 665 Consul,
1431 591 1455 620 ‘
1483 604 1566 651 ne
1594 587 1757 672 quid
1790 531 1962 654 inira
1990 587 2257 654 domum
2287 611 2411 675 pro
2438 613 2564 678 po-

360 693 603 753 testate
633 688 1227 756 animadverterent
1245 685 1295 748 2‘¹
1337 708 1506 754 neve
1533 692 1814 757 multam
1839 693 1927 760 ab
1956 692 2045 756 iis
2074 692 2324 759 dictam
2354 694 2564 774 Quae-

363 796 579 856 stores
610 791 858 855 aerarii⁶
887 792 975 855 in·
999 792 1312 875 publicas
1358 789 1643 858 tabulas‘
1689 802 1840 860 ante
1867 802 2152 879 quatuor
2181 818 2442 863 menses
2470 820 2571 865 re-

363 960 621 1025 ndenpro
638 976 737 1011 sno
746 962 869 1026 jum
885 967 1178 1012 statuerent
1194 970 1281 1013 :et
1294 978 1363 1013 ne
1383 965 1597 1014 multam
1618 964 1686 1015 ab
1707 965 1769 1014 iis
1784 965 2084 1030 irrogatam,
2098 973 2387 1031 quaestores
2402 967 2575 1022 aerarii

360 1027 415 1104 in
434 1027 649 1092 publica
675 1036 797 1078 acta
816 1026 1094 1092 referrent,
1114 1029 1213 1078 nisi
1234 1036 1353 1094 post
1376 1039 1596 1096 quatuor
1627 1045 1847 1094 menses,
1871 1038 1930 1081 et
1950 1032 2086 1083 intra
2106 1033 2201 1082 hoc
2227 1039 2433 1098 tempus
2452 1048 2575 1083 con-

1360 1176 1582 1227 NOTAE

360 1289 597 1349 adhiberi
616 1290 820 1356 debuit,
843 1298 902 1342 ut
921 1291 1120 1356 legibus
1143 1299 1201 1343 et
1208 1292 1425 1357 judiciis

362 1376 630 1432 parerent.

427 1443 747 1496 Habuerunt
768 1445 963 1496 tribuni
999 1448 1180 1509 telum,
1213 1462 1304 1497 seu
1335 1462 1426 1512 po-

361 1528 633 1585 testatem,
653 1539 758 1574 non
776 1541 879 1590 qua
906 1526 1011 1574 vim
1047 1525 1302 1588 facerent,
1333 1525 1428 1576 sed

363 1613 468 1664 qua
510 1607 713 1651 tantum
759 1603 863 1651 vim
906 1603 1270 1667 prohiberent:
1322 1617 1427 1668 qna

360 1674 714 1734 defenderent
728 1678 1051 1741 plebeculam
1066 1678 1319 1729 adversus
1339 1693 1429 1741 po·

360 1755 639 1816 tentiores,
657 1754 703 1803 si
738 1755 794 1804 vi
819 1766 1086 1819 ageretur,
1106 1772 1207 1806 non
1230 1770 1355 1807 vero
1383 1756 1429 1805 si

348 1832 474 1895 jul-„e
512 1840 573 1883 et
613 1834 816 1897 legibus
850 1835 931 1898 agi
961 1843 1174 1898 posset;
1206 1836 1430 1902 ideoque

360 1909 703 1959 interdictum
726 1911 827 1959 illis
848 1909 1098 1975 hocloco,
1115 1926 1182 1961 ne
1213 1918 1431 1963 voment

363 2002 427 2042 a
442 1987 614 2050 ltalia,
628 2003 722 2038 seu
753 2003 821 2037 ne
853 1989 958 2037 vim
981 1989 1137 2039 ullam
1157 1987 1431 2052 inferrent,

364 2070 471 2115 ant-
499 2071 818 2129 potestatem
855 2080 998 2115 suam
1031 2074 1342 2116 exercerent
1376 2068 1430 2116 in

363 2156 453 2196 eos
474 2142 720 2192 adversus
743 2158 872 2208 qnos
892 2144 1007 2206 lege
1031 2143 1116 2206 agi
1134 2149 1359 2207 poterat.

386 2260 397 2266 -
410 2222 527 2271 =Vis
570 2220 894 2271 tribunorum
949 2220 1187 2271 exerceri
1227 2227 1433 2271 tantum

362 2298 551 2349 debuit
572 2298 628 2347 in
649 2299 790 2360 illos,
804 2298 893 2363 qui
901 2298 1028 2362 ,iura
1048 2306 1106 2348 et
1125 2299 1270 2364 leges
1281 2313 1432 2363 ‚sper-

361 2383 576 2438 nerent,
604 2376 695 2441 qni
710 2376 913 2440 legibus
933 2383 1031 2425 aut
1045 2375 1433 2439 magistratibus

363 2454 694 2519 potentiores
729 2461 922 2518 essent,
953 2460 1046 2505 aut
1074 2461 1222 2505 certe
1244 2454 1294 2505 vi
1316 2469 1435 2520 age-

361 2539 506 2583 rent.

422 2610 686 2662 Attamen
723 2611 822 2662 sub
839 2611 1171 2676 principibus
1198 2612 1436 2666 exercita

361 2690 585 2751 videtur
619 2696 853 2754 potestas
874 2690 1172 2753 tribunicia,
1189 2691 1348 2740 etiam
1376 2691 1437 2741 in

360 2768 679 2834 provinciis,
722 2773 858 2819 teste
912 2768 1131 2818 Sueten.
1197 2768 1439 2818 Tiberius

362 2846 507 2910 apud
549 2845 788 2895 Rhodum
828 2845 1109 2895 tribunicio
1138 2846 1263 2909 jare
1301 2861 1443 2908 usus,

363 2938 481 2987 qno.
505 2930 686 2973 tamen
717 2929 920 2972 tantum
950 2922 1317 2972 contumeliam
1349 2924 1441 2972 So-

364 2999 559 3062 pbistae
577 2998 844 3064 cujusdam
866 3015 897 3048 a
919 3014 976 3049 se
999 3000 1320 3062 prohiberet.

429 3076 651 3126 Sueton.
692 3075 808 3123 Tib.
849 3089 913 3124 11.
977 3078 993 3103 ‘
1021 3076 1305 3138 Regressus
1349 3075 1438 3125 do·

363 3166 506 3209 mum
528 3159 753 3215 repente
774 3166 895 3201 cnm
916 3150 1305 3216 apparitoribus
1322 3167 1437 3216 pro-

306 3265 317 3268 -
365 3229 483 3290 diit,
520 3229 850 3294 citatumque
889 3243 985 3293 pro
1026 3228 1275 3279 tribunali
1309 3243 1440 3280 voce

366 3305 628 3370 preconis
645 3306 1051 3355 conviciatorem
1077 3306 1192 3369 rapi
1204 3305 1367 3370 jussit
1387 3306 1441 3355 in

367 3383 673 3435 carcerem?
738 3384 844 3434 Ubi
871 3383 1020 3433 vides
1037 3384 1363 3435 vocationem
1384 3393 1442 3436 et

365 3460 792 3525 prehensionem.

386 3566 391 3571 ·
432 3539 522 3587 Ex
542 3536 719 3600 Italia]
749 3536 926 3587 Labeo
936 3537 1350 3590 Jurisconsultus
1367 3539 1444 3588 di-

367 3614 547 3684 cebat,
602 3614 618 3640 ‘
638 3613 896 3663 Tribunos
931 3614 1100 3678 plebis
1122 3616 1445 3669 vocationem

365 3692 567 3748 habere
585 3691 788 3755 anae,
802 3692 1198 3755 prehensionem
1215 3693 1441 3743 minime.

365 3769 433 3823 In
445 3769 585 3822 urbe
594 3769 807 3834 quidem
825 3769 1152 3823 vocationem
1165 3771 1444 3834 habebant,

365 3846 453 3900 cui
475 3845 769 3910 parendum
800 3852 935 3908 erat,
955 3861 1019 3895 ne
1046 3847 1335 3897 auctoritas
1352 3849 1445 3898 tri-

367 3923 499 3980 buni
520 3930 794 3974 contemta
815 3924 1103 3974 videretur.
1167 3925 1272 3975 Sed
1292 3932 1445 3975 extra

368 4004 594 4055 Romam
630 4017 737 4052 non
771 4018 941 4066 aeque,
961 4018 1025 4052 ne
1062 4003 1128 4053 ad
1167 4004 1455 4070 longinqua·

366 4080 619 4137 subsellia
642 4080 1012 4129 traherentur)

384 4156 870 4220 .d.Neq=-idint=s
900 4158 1445 4220 mapa-opacatae

368 4231 828 4295 materen]
858 4232 1025 4289 -Anne
1046 4240 1263 4298 possent
1284 4234 1445 4283 tribu-

362 4313 512 4368 nicio
524 4313 662 4379 jure
677 4310 1091 4384 animadvertere
1110 4311 1251 4369 intra
1274 4312 1461 4378 priva-,-

1507 1294 1802 1344 tascivium
1821 1296 2170 1347 Romanorum
2205 1295 2418 1347 domos?
2473 1298 2583 1348 Po-

1506 1372 1612 1421 tius
1632 1365 1884 1437 intelligo,
1919 1373 2159 1436 tribunis,
2176 1388 2294 1424 cum
2333 1373 2470 1423 domi
2493 1389 2574 1424 es-

1507 1455 1642 1507 sent,
1675 1449 1801 1498 nihil
1833 1449 1955 1498 inde
1989 1450 2182 1513 jubere
2213 1449 2438 1511 licitum,
2470 1465 2580 1500 nou

1506 1525 1735 1574 viatores
1787 1525 2020 1587 mittere,
2058 1524 2315 1578 neminem
2368 1541 2575 1589 vocare,

1506 1609 1599 1650 ant
1636 1601 1689 1651 in
1724 1616 2014 1668 quenquam
2048 1601 2216 1652 civem
2252 1602 2576 1654 animadver-

1508 1686 1643 1743 tere,
1685 1679 1779 1729 sed
1823 1695 1891 1729 ex
1936 1679 2147 1745 publico
2193 1686 2396 1732 tantum
2434 1681 2573 1734 loco.

1507 1757 1739 1808 piel-ena.

1572 1834 1711 1883 Satis
1749 1833 2057 1898 intelligitur
2087 1840 2315 1896 cautum,
2354 1849 2419 1885 ne
2455 1835 2578 1904 quid

1508 1909 1650 1961 intra
1681 1910 1887 1960 domum
1920 1927 2064 1962 suam
2099 1913 2579 1964 animadverterent

1510 2002 1607 2051 pro
1620 1989 1744 2052 jure
1762 1989 2058 2051 tribunicio,
2079 1989 2171 2040 sed
2194 1990 2423 2055 publice.

1576 2066 1718 2116 Intra
1732 2066 1944 2130 mum]
1985 2068 2144 2118 Forte
2175 2069 2340 2119 multa
2368 2070 2581 2134 negotia

1511 2145 1818 2196 tractabant
1851 2146 1930 2195 illi
1972 2146 2111 2196 intra
2144 2148 2374 2211 privatos
2411 2149 2581 2213 parie-

1514 2231 1633 2285 tes;
1680 2224 1872 2289 quippe
1895 2224 2218 2275 tribunorum
2240 2225 2420 2275 domus
2452 2241 2582 2276 nun·

1516 2317 1671 2368 quam
1732 2304 1928 2365 clausa,
1980 2304 2075 2354 sed
2137 2303 2250 2354 dies
2291 2311 2579 2370 noctesque

1516 2385 1701 2443 aperta
1720 2377 1842 2438 fuit,
1866 2385 2111 2444 tanquam
2146 2387 2327 2444 portus
2366 2380 2578 2446 quidam

1515 2461 1573 2510 et
1595 2454 1891 2520 perfugium
1929 2457 2187 2522 oppressis
2217 2457 2434 2521 civibus,
2468 2459 2588 2522 qui-

1513 2531 1612 2587 bus
1640 2548 1738 2598 pro
1757 2548 1848 2583 sua
1883 2540 2148 2597 potestate
2172 2548 2472 2584 succurrere
2491 2536 2582 2584 de-

1514 2608 1739 2661 buerunt
1780 2610 2029 2663 adversus
2066 2610 2280 2675 injurias
2322 2612 2581 2675 potentio·

1515 2702 1647 2741 rum.
1699 2688 1762 2738 In
1785 2688 1844 2737 id
1858 2687 1997 2747 enim
2018 2686 2286 2755 praecipue
2308 2687 2582 2741 constituti

1518 2764 1731 2814 tribuni.
1901 2804 1928 2827 ‚

1583 2842 1725 2895 Intra
1744 2840 1953 2904 bum]
1985 2840 2070 2890 Ne
2103 2840 2226 2906 quid
2246 2840 2386 2893 intra
2407 2841 2579 2906 privas

1519 2924 1602 2969 tos
1634 2919 1882 2983 parietes,
1916 2933 1983 2967 ne
2015 2919 2155 2968 intra
2187 2918 2396 2968 domurn
2434 2935 2580 2969 suam

1516 2996 1712 3046 tribuni
1731 2995 1857 3061 quid
1879 2994 2278 3058 constituerent,
2307 3010 2586 3060 cognosce·

1518 3082 1655 3139 rent,
1672 3075 2166 3137 animadverterent,
2176 3074 2496 3139 Judicarent.

1584 3158 1607 3183 ⁶
1639 3151 1853 3214 AErarii]
1903 3151 2042 3217 Olim
2064 3159 2244 3202 vetere
2262 3151 2464 3216 Repnb.
2489 3151 2582 3202 tri-

1519 3230 1646 3294 plex
1668 3229 1906 3281 aerarium
1926 3228 2047 3292 fuit,
2069 3244 2225 3279 unum
2255 3230 2311 3278 in
2331 3244 2435 3295 quo
2465 3230 2582 3280 εἰεί,

1518 3322 1601 3357 uns
1636 3306 1842 3368 tn'buta,
1876 3320 1937 3355 ac
1956 3307 2183 3356 sociorum
2205 3306 2505 3369 vectigalia,
2524 3313 2583 3357 et

1517 3387 1681 3448 preda
1693 3384 2062 3447 imperatorum
2080 3382 2459 3445 asservabatur,
2479 3398 2584 3449 quo

1520 3467 1719 3510 sumtus
1765 3460 2016 3510 bellorum
2075 3460 2322 3510 ordinarii
2364 3459 2586 3509 sustine-

1517 3537 1729 3587 bantur.
1814 3536 2057 3591 Alterum
2097 3537 2306 3586 sanctius
2358 3536 2586 3585 ‹erut-im

1520 3614 1863 3678 appellatum,
1894 3613 1948 3662 in
1971 3628 2074 3679 quo
2095 3629 2278 3663 aarum
2294 3613 2585 3663 uicesimari-

1521 3707 1604 3743 um
1626 3692 2044 3753 custodiebatur3
2066 3692 2295 3754 tertium,
2315 3692 2369 3740 in
2384 3707 2486 3757 quo
2500 3705 2588 3755 pe-

1524 3770 1679 3817 cunia
1692 3767 1884 3820 Gallici
1906 3768 2032 3818 belli
2069 3784 2225 3819 causa
2264 3769 2586 3818 servabatur.

1592 3926 1765 3975 Etiam
1786 3924 1884 3974 snb
1905 3923 2230 3988 principibus
2262 3922 2361 3972 fuit
2379 3922 2591 3987 triplex,

1525 4003 1769 4063 mariun,
1784 4001 1926 4066 quod
1940 4001 2119 4064 populi
2140 4006 2196 4049 et
2217 3997 2447 4062 Reipub.
2469 3996 2592 4059 fuit.

1508 4081 1679 4146 fiscus,
1702 4081 1791 4145 qui
1824 4079 2177 4145 principis,vet
2209 4076 2434 4125 erar-im
2466 4074 2590 4127 mili-

1524 4162 1649 4218 tare,
1665 4206 1670 4209 ,
1685 4156 1824 4220 quod
1859 4155 2085 4207 instituit
2119 4154 2406 4218 AugustuS,
2446 4159 2606 4206 teste.

1526 4235 1673 4286 suet.
1691 4237 1774 4282 49.
1819 4233 1836 4260 ‘
1861 4233 2042 4297 thue
2078 4237 2336 4295 perpetuo
2370 4244 2433 4292 ac
2473 4229 2586 4278 sine

1527 4308 1838 4371 difficultate
1876 4316 2077 4367 sumtus
2113 4308 2204 4369 ad,
2237 4306 2458 4371 tuendos
2498 4320 2600 4359 eos.
