3063 4952
517 363 727 459 ,1920

1260 377 1326 457 0:
1367 376 1745 454 comm,
1784 374 2041 455 ason}

2439 379 2759 465 [ww

541 531 871 611 ,tritusque
895 520 1098 593 maris
1129 518 1445 587 Hadriae.¹²
1485 520 1829 609 trajectus,
1860 517 2044 609 apud
2070 518 2553 607 Βιιιιειτειιιιιιιιι
2597 521 2759 609 inte-

552 628 675 691 rim
704 624 1005 697 consedit
1027 628 1058 688 ε’
1098 622 1215 687 ubi
1266 622 1755 704 gladiatorium²
1805 642 2045 689 munus
2091 641 2135 686 a
2162 620 2462 687 VatinioJ
2504 620 2761 717 celebre

545 731 888 805 edebatur.

549 903 833 964 traiecturus
852 906 991 952 esset
1007 902 1306 952 Adriaticum·
1320 903 1535 966 pelagus,

973 726 1285 793 Vatinius
1314 725 1477 791 inter
1501 724 1881 792 foedissima
1909 725 2057 813 ejus
2085 725 2257 789 aulae
2291 723 2584 795 ostenta*
2616 708 2760 804 fuit,

1556 902 1738 952 interea
1761 901 2024 952 Beneventi
2043 907 2356 951 commoratus
2376 907 2482 959 ειη
2516 901 2602 950 ubi
2631 900 2763 951 Vati-

549 968 1193 1033 ummuguanatorm
1210 969 1522 1033 spectaculum
1541 967 1810 1019 exhibebat.
1882 967 2105 1018 Vatinius
2135 968 2266 1021 ister
2302 968 2589 1032 tnrpusirda
2627 966 2763 1015 istiu
2839 989 2845 994 ·

1467 1110 1827 1135 mma&

624 1217 646 1259 1
690 1209 917 1263 Budens.
968 1210 1380 1262 arbitratum—2
1433 1210 1562 1261 Mss.
1605 1209 1718 1261 Jes.
1758 1208 1911 1261 Bodl.
1950 1215 2008 1260 et
2038 1210 2378 1273 Puteolanus,
2419 1211 2761 1273 gladiatorum.

1553 1377 1772 1435 NOTAE

556 1490 897 1554 componendi
929 1506 1136 1543 carmen
1158 1492 1503 1559 cantandique
1526 1507 1613 1542 ve-

552 1584 678 1618 sana
698 1569 859 1619 libido
881 1567 999 1633 fuit,
1018 1575 1078 1621 ut
1099 1586 1270 1637 neque
1289 1572 1495 1622 theatro
1512 1573 1615 1621 col-

529 1688 534 1697 .
554 1648 719 1711 lapso,
742 1663 774 1696 a
796 1648 1068 1697 cantilenis
1092 1647 1371 1697 absterreri
1395 1654 1590 1712 posset.

618 1723 642 1756 ¹¹
675 1725 835 1774 Maris
862 1724 1084 1788 Hadrioe]
1135 1725 1497 1775 Hadriaticum
1530 1727 1612 1775 vel

551 1801 882 1855 Adriaticum
921 1808 977 1851 et
1014 1817 1256 1866 superum
1294 1817 1454 1863 mare,
1492 1817 1614 1866 pars

537 1886 636 1929 ,est
650 1878 803 1927 maris
821 1878 1220 1942 Mediterranei,
1237 1887 1293 1930 et
1307 1879 1455 1929 alluit
1471 1893 1615 1929 oram

553 1955 1014 2018 septentrionalem
1043 1956 1231 2018 Italiae,
1254 1963 1454 2020 partem
1488 1956 1615 2018 Illy-

553 2029 650 2079 rici
684 2031 789 2080 late
831 2032 1004 2094 sumti,
1027 2037 1084 2082 et
1116 2032 1338 2082 Graeciae
1376 2032 1612 2095 regionis.

554 2105 730 2155 Hodie
753 2121 989 2157 vocamus
1010 2107 1152 2168 Golfe
1173 2110 1231 2157 de
1255 2109 1439 2158 Venise.
1503 2106 1613 2158 No-

515 2208 518 2211 ·
553 2196 672 2232 meu
693 2183 961 2249 antiquum
984 2184 1142 2234 etiam
1172 2185 1394 2236 retinet:
1431 2192 1514 2235 est
1534 2185 1614 2234 in—

553 2267 637 2308 ter
658 2259 865 2309 Italiam
899 2260 1199 2311 hodiernam
1237 2261 1615 2327 imperiumque

553 2333 832 2385 Turcicum
854 2336 1185 2400 Europaeum.
1256 2338 1571 2387 Tillemonius.

616 2409 631 2443 ¹
683 2411 1028 2475 Beneventum]
1083 2413 1222 2462 Urbs
1277 2413 1614 2478 Hirpinorum

554 2489 881 2553 populorum,
904 2489 958 2537 in
996 2489 1186 2553 Apulia
1218 2491 1485 2554 provincia
1505 2491 1615 2541 Ita-

551 2566 655 2626 liae.
725 2565 898 2615 Hodie
921 2567 1190 2615 Benevento
1204 2566 1372 2630 Italis,
1391 2574 1447 2616 et
1459 2564 1615 2616 Bene-

553 2728 706 2785 patus
729 2720 1005 2770 Ulterioris
1039 2720 1093 2769 in
1126 2735 1287 2790 reguo
1311 2721 1613 2784 Neapolita-

501 2803 506 2806 “
550 2812 635 2847 ιιο.
707 2798 950 2848 Tillemon.

499 2877 506 2887 ‘
553 2863 559 2872 ⁵
612 2873 630 2916 ³
662 2875 708 2925 A
741 2875 954 2939 Vatinio]
1001 2876 1069 2926 Et
1099 2881 1271 2924 sumtu
1290 2874 1506 2935 Vatinii,
1526 2873 1616 2940 qui

552 2947 820 2999 immensas
844 2966 970 3012 opes
1004 2948 1211 3015 flagitiis
1244 2957 1301 2999 et
1335 2951 1616 3000 sceleribus

553 3026 732 3074 aulicis
770 3028 1143 3088 cumulaverat,
1162 3034 1221 3076 ut
1260 3029 1613 3092 spectaculum

499 3097 506 3104 ⁰
553 3103 860 3176 celebraret,
880 3104 1016 3169 quod
1043 3120 1211 3170 neque
1240 3106 1326 3155 alii
1360 3114 1614 3171 praetores

499 3171 508 3181 ’
554 3186 645 3229 aut
677 3182 913 3230 consules
955 3180 1223 3242 auderent,
1245 3188 1300 3232 et
1334 3181 1468 3248 quod
1497 3182 1615 3258 jam

553 3258 674 3307 olim
713 3274 744 3307 a
781 3258 987 3309 Tiberio
1025 3249 1358 3323 prohibitum,
1380 3274 1478 3309 nisi
1500 3275 1614 3309 cer

502 3339 512 3400 j
554 3342 658 3384 tam
683 3350 930 3386 summam
951 3335 1183 3400 pecuniae
1221 3342 1277 3385 et
1298 3351 1480 3386 census
1502 3351 1617 3402 pos·

501 3407 524 3474 '¹
550 3408 800 3461 siderent.
1243 3475 1248 3478 ⁷

498 3491 504 3502 ·
617 3486 717 3536 Cui
738 3486 871 3537 bono
894 3492 1189 3552 portentum
1213 3486 1342 3536 illud
1376 3486 1427 3535 in
1451 3486 1617 3535 muni-

499 3554 504 3560 ’
552 3561 686 3626 cipio
719 3563 831 3613 haec
870 3563 1181 3626 celebraret,
1214 3559 1280 3613 an
1313 3564 1616 3614 candidatus

552 3638 848 3687 consulatus
906 3646 961 3688 et
1003 3639 1396 3703 magistratuum
1426 3642 1617 3705 ,populi

525 3771 530 3778 ,
553 3711 813 3762 Romani?
881 3715 997 3764 Nisi
1021 3713 1178 3777 forte,
1202 3720 1258 3764 ut
1278 3715 1487 3765 sibimet
1507 3718 1618 3780 pla-

553 3795 717 3853 ceret,
735 3797 826 3838 aut
849 3791 1047 3839 Neroni
1073 3806 1181 3852 su0‚
1216 3797 1272 3840 et
1306 3791 1457 3840 simili
1479 3792 1618 3855 prin-

550 3863 680 3928 cipis
700 3865 908 3929 populo.
979 3865 1227 3915 Attamen
1250 3867 1362 3915 haec
1382 3883 1483 3917 non
1503 3869 1616 3918 sine

551 3940 881 4004 providentia
919 3942 1124 4005 aliqua„
1146 3949 1203 3991 ut
1225 3943 1445 4007 -uebulo,
1481 3961 1618 3995 vana

551 4016 896 4080 prodigentiae
958 4019 1191 4081 libidine,
1274 4016 1616 4084 profunderet

553 4102 928 4158 spargeretque
966 4095 1015 4143 in
1058 4096 1260 4158 plebem
1307 4112 1451 4161 opes,
1488 4112 1617 4163 quas

535 4169 754 4232 ‘saevitia
792 4177 847 4238 et
888 4170 1002 4219 aliis
1038 4169 1249 4234 flagitiis
1292 4174 1615 4235 cumularat3

502 4243 538 4316 ’Ὗ
555 4248 616 4291 ιιι
636 4243 711 4294 sic
732 4245 797 4294 ad
822 4246 1047 4312 priorem
1075 4241 1388 4318 egestatem,
1406 4247 1617 4301 subver-

1694 1508 1751 1546 so
1776 1493 1984 1544 taudem
2009 1493 2239 1553 Nerone,
2263 1489 2661 1540 detruderetur.

1756 1568 1780 1602 ¹¹
1821 1569 2041 1625 Vatinius
2061 1570 2187 1618 inter
2208 1567 2480 1628 foedissima
2512 1566 2614 1628 qius
2643 1567 2763 1616 ἀιάιε

1690 1645 1896 1709 menta]
1930 1646 2013 1694 De
2035 1647 2132 1695 hoc
2163 1650 2338 1693 sutore
2359 1636 2596 1703 Vatinio,
2622 1642 2763 1692 Mar·

1692 1725 1801 1775 tial.
1833 1724 2009 1773 ‘Vilia
2026 1722 2212 1773 sutoris
2230 1716 2447 1770 calicem
2466 1712 2764 1785 monumen-

1684 1809 1750 1867 ,ta
1770 1800 1953 1853 Vatini
1975 1800 2209 1865 Accipe3
2246 1798 2340 1847 sed
2375 1811 2532 1846 nasus
2560 1782 2766 1863 longior

1692 1880 1782 1929 ille
1802 1877 1936 1930 fuit!
2002 1873 2589 1940 Cujus-Epigrammatis
2614 1887 2767 1938 argu-

1693 1957 1818 2005 tiam
1832 1970 1942 2015 ,non
1963 1954 2107 2018 cepit
2142 1951 2431 2001 Turnebus.
2498 1950 2616 2012 Ego
2654 1962 2770 1999 seu-

1693 2032 1912 2082 tentiam
1936 2038 2082 2096 puto,
2105 2044 2222 2079 cum
2248 2033 2473 2093 quatuor
2497 2039 2653 2075 nasos
2678 2024 2769 2074 ob-

1694 2110 1872 2172 longos
1893 2107 2109 2156 haberet
2131 2104 2219 2154 ille
2243 2103 2554 2153 Vatinianus
2592 2102 2767 2152 calix:

1695 2193 1869 2236 tamen
1890 2184 2176 2249 longiorem
2192 2182 2254 2231 ils
2274 2179 2433 2230 fuisse
2451 2178 2656 2261 Vatinii
2678 2187 2767 2261 na-

1695 2279 1826 2315 sum.
2656 2286 2659 2289 ι

1760 2342 2031 2421 Notatque
2050 2337 2240 2389 callide
2271 2349 2407 2399 eum,
2420 2340 2489 2384 ut
2511 2347 2689 2383 acrem
2714 2338 2770 2383 et

1693 2417 1932 2484 sagacem
1967 2416 2323 2482 inquisitorem
2360 2412 2768 2461 criminatorem

1693 2511 1809 2561 que.
1875 2495 1961 2544 Ita
1983 2493 2115 2543 enim
2141 2490 2258 2541 fuit.
2324 2489 2629 2554 xiphilinus
2652 2502 2768 2538 eum

1693 2572 1768 2622 ait
1802 2570 1933 2621 adeo
1969 2570 2169 2620 hostem
2210 2566 2552 2630 optimatibus
2590 2545 2769 2628 fuisse,

1692 2654 1751 2696 ιιι
1776 2661 1978 2711 semper
2013 2647 2066 2695 in
2107 2659 2198 2694 ore
2229 2643 2481 2693 haberet:
2520 2641 2664 2691 Μίσω
2696 2658 2770 2705 σε,

1694 2726 1893 2788 Καῖσαρ,
1914 2722 1985 2771 ὅτι
2007 2717 2329 2784 συγκλητικὸς
2347 2718 2403 2769 εἶ·
2445 2721 2545 2770 Odi
2566 2725 2638 2782 te,
2664 2721 2767 2771 Coe-

1691 2817 1793 2865 sar,
1814 2802 1924 2865 quia
1943 2801 2207 2850 senatorius
2228 2814 2295 2849 es.
2361 2800 2448 2847 De
2472 2796 2707 2861 populo·
2694 2812 2768 2862 lp·-

1692 2895 1749 2929 so
1766 2878 2067 2931 Juvenalis.
2103 2878 2119 2905 ‘
2139 2878 2215 2926 Tu
2241 2867 2601 2926 Beneventani
2628 2879 2770 2924 suto-

1695 2957 1763 3005 ris
1786 2970 1970 3006 nomen
1994 2955 2268 3004 habentem
2292 2951 2528 3002 Siccabis
2549 2942 2769 3022 calicem

1695 3047 1933 3082 nasorum
1956 3039 2195 3096 quatuor.
2196 3031 2211 3052 ’
2275 3030 2485 3092 Lipsius.
2702 3041 2711 3047 ·

1756 3109 1847 3158 Sic
1863 3108 2045 3173 capio.
2084 3113 2304 3173 quatuor
2321 3106 2395 3154 his
2410 3105 2555 3154 nasis
2572 3092 2771 3168 calicis,

1694 3186 1852 3236 etiam
1874 3184 2023 3235 simul
2046 3184 2130 3249 adj
2139 3184 2324 3243 unctis,
2340 3182 2541 3245 longior
2559 3179 2667 3234 fuit
2678 3166 2769 3231 iile

1695 3261 1893 3311 Vatinii
1918 3275 2090 3320 nasus,
2114 3274 2217 3325 quo
2257 3258 2577 3324 inquirebat
2600 3264 2660 3307 et
2698 3256 2768 3306 in·

1695 3335 1987 3401 vestigabat
2021 3335 2236 3385 crimina
2275 3334 2591 3404 maJestatis,
2612 3337 2669 3383 et
2699 3333 2769 3381 iu·

1696 3413 1992 3476 veniebat,
1978 3427 2029 3461 ιιι
2047 3410 2339 3476 publicam
2346 3409 2641 3488 perniciem
2681 3398 2767 3458 'na-

1695 3495 1779 3539 tus
1798 3488 2002 3538 nebulo.

1769 3564 2011 3627 Vatinius]
2042 3563 2167 3613 Fuit
2199 3569 2255 3612 et
2283 3561 2530 3611 Vatinius
2571 3566 2767 3625 tempo·

1697 3643 1839 3692 ribus
1877 3641 2103 3706 Augusti
2143 3641 2259 3689 huic
2298 3637 2412 3689 fere
2452 3638 2669 3698 similis3
2701 3638 2766 3687 de

1696 3711 1797 3782 qno
1832 3717 1908 3767 sic
1943 3717 2175 3767 Velleius
2209 3717 2242 3766 l.
2270 3730 2332 3765 ιι.
2364 3719 2381 3743 ‘
2403 3717 2483 3765 Ut
2504 3709 2765 3775 Vatinius,

1696 3793 1826 3842 nulli
1868 3783 2061 3841 nomini
2104 3806 2207 3840 non
2265 3789 2665 3854 postferendus3
2708 3789 2766 3837 iu

1696 3884 1799 3933 quo
1834 3865 2140 3918 deformitas
2177 3867 2410 3931 corporis
2449 3881 2570 3916 cum
2606 3863 2767 3930 turpi-

1696 3945 1879 3993 tudine
1903 3943 2180 3994 certabat·
2166 3944 2395 4007 ingenii3
2432 3943 2570 3993 adeo
2586 3950 2648 3993 ut
2664 3943 2768 3991 ani

1694 4035 1807 4069 mus
1831 4021 1941 4084 ejus
1965 4019 2265 4084 dignissimo
2293 4019 2525 4068 inclusus
2561 4017 2768 4098 domiti·

1694 4096 1765 4146 lio
1790 4096 2095 4146 videretur!
2130 4133 2133 4134 γ
2480 4118 2484 4123 ·

1761 4174 1832 4222 Ει
1871 4173 2102 4224 Seneca:
2161 4171 2467 4221 ‘Vatinium
2510 4163 2764 4221 hominem

1693 4256 1895 4314 natum,
1940 4254 1997 4299 et
2037 4248 2104 4300 ad
2146 4246 2307 4299 risum
2352 4253 2410 4298 et
2449 4245 2516 4297 ad
2545 4231 2764 4334 ‚mii-9¹3⁸
