3063 4952
449 280 626 426 {752³

1154 303 1221 395 ὁ.
1268 304 1634 395 oORNBLu
1681 346 1940 398 'rAcl'rx

2350 356 2448 423 [A.
2465 355 2537 414 υ.
2560 363 2679 414 sis.

453 580 457 587 .
536 491 647 558 42.
693 488 905 589 Haud
931 490 1145 556 multo
1170 498 1337 583 post
1358 491 1752 575 praefectum
1781 462 2395 593 urbiS,·Pedanium
2419 497 2678 590 ,Secun-

455 594 636 695 dum,
680 614 929 685 *servus
976 596 1196 677 ipsius
1245 594 1603 660 interfecit:
1626 594 1676 632 ¹²
1733 615 1853 659 sen
1897 604 2137 679 negata
2187 598 2515 687 libertate,
2566 605 2681 695 oui.

452 699 734 781 pretinm
761 699 1155 782 pepigerat,¹¹
1198 698 1340 763 sive
1369 705 1626 763 amore²
1658 700 1938 765 exoleti*
1982 700 2328 801 infensus,³
2350 711 2388 738 W
2444 710 2511 769 et
2554 704 2678 769 do-

522 915 674 965 Paeulo
692 919 798 979 post
812 914 1088 981 proefectum
1108 916 1237 965 urbis
1256 916 1519 965 Pedanium
1542 914 1807 965 &ciendum
1829 918 2073 966 interemit
2094 932 2255 968 servus
2269 919 2443 987 ipsius,
2461 935 2543 970 seu
2563 920 2678 984 qnia

456 994 547 1029 non
567 981 811 1031 tribuisset
831 981 1115 1046 libertatem,
1132 998 1218 1045 pro
1239 986 1330 1047 qua
1348 984 1557 1047 pretium
1573 986 1739 1046 pactus
1767 986 1871 1031 erat
1910 997 2121 1033 servus:
2156 986 2254 1034 sive
2284 986 2504 1049 cupidine
2538 986 2681 1051 pueri

1388 1121 1749 1147 ‘coeonoveee

527 1213 554 1258 1
593 1208 825 1276 Interficit
847 1210 974 1262 edit.
1011 1217 1188 1276 pr.—2
1221 1212 1498 1263 Puteolan.
1519 1213 1687 1263 amori.
1753 1213 1818 1262 In
1842 1213 1971 1262 Mas.
1994 1212 2121 1263 edit.
2147 1214 2283 1277 prin.
2310 1227 2371 1262 ae
2398 1178 2683 1264 recentior.

459 1279 730 1327 amora—3
753 1275 860 1326 Pro
882 1276 1092 1337 infensus
1111 1277 1343 1333 Piehena
1366 1278 1592 1328 malebat
1613 1279 1848 1328 incensus.
1891 1278 2000 1343 (Sic
2025 1293 2072 1328 c.
2097 1278 2249 1341 Agr.)
2292 1281 2423 1328 Sane
2444 1276 2679 1328 infensus

460 1339 656 1392 animus
679 1341 991 1406 exprimitur
1025 1343 1383 1409 sequentibus.
1427 1345 1625 1394 Ernest.
1693 1344 1924 1408 Ryckius
1963 1341 2180 1408 praefert
2201 1342 2432 1408 infensus,
2448 1359 2515 1393 ne
2537 1345 2677 1394 idem

1460 1474 1682 1571 'nom

463 1645 582 1695 dem
616 1659 818 1710 poenam
851 1647 1069 1713 subiret,
1092 1638 1154 1700 ae
1177 1649 1221 1700 si
1253 1651 1526 1702 calumniae

464 1721 734 1772 damnatus
757 1730 915 1774 esset.
1397 1764 1409 1771 -
1494 1781 1499 1785 .

534 1799 665 1849 Nam
690 1801 855 1864 primo
873 1803 948 1852 sic
971 1803 1057 1853 ille
1077 1803 1281 1856 deludit
1294 1794 1527 1872 judices,

462 1875 835 1942 ultionemque,
857 1878 978 1929 dein
998 1882 1143 1945 leges
1165 1897 1340 1934 omnes
1364 1884 1530 1951 eludit

454 1955 874 2025 praevaricando,
895 1957 1043 2006 simul
1079 1965 1134 2009 et
1172 1957 1301 2011 facit
1329 1967 1389 2012 ut
1410 1953 1529 2011 reus

466 2029 662 2094 eludat,
686 2032 825 2096 quod
849 2033 985 2084 idem
1008 2042 1106 2097 est,
1129 2043 1182 2087 et
1212 2038 1336 2088 dum
1371 2040 1531 2090 absis·

464 2105 532 2154 tit
571 2121 747 2170 causa,
782 2107 965 2160 falsum
1001 2112 1285 2163 delatorem
1319 2115 1451 2179 agit,
1475 2122 1533 2166 et

467 2183 862 2247 praevaricatur:
901 2187 1078 2253 sicque
1095 2205 1244 2240 verus
1260 2192 1535 2261 calumnia·-

465 2265 552 2306 tor
572 2273 685 2309 esse
709 2260 1132 2326 deprehenditur.

530 2343 549 2368 ⁸
564 2336 607 2385 J
604 2336 756 2386 udicio
768 2342 1014 2391 calumnia»
1025 2345 1378 2410 condemnatus]
1400 2348 1531 2398 Eum

466 2413 554 2478 qni
587 2416 958 2479 praevaricatus
991 2420 1078 2484 sit,
1098 2422 1253 2487 quive
1286 2426 1534 2488 praevari-

465 2498 697 2563 catorem
732 2496 933 2560 emerit,
975 2495 1197 2549 fecerit:
1236 2489 1400 2566 ⁴punit
1435 2504 1531 2556 SC.

465 2570 734 2620 calumniae
774 2586 945 2636 poena.
1013 2577 1092 2624 Ea
1113 2582 1193 2626 est
1218 2578 1361 2642 talio,
1383 2569 1533 2631 etin-

460 2644 640 2709 ,famia,
659 2649 736 2698 uti
757 2650 971 2715 colligas
996 2666 1063 2702 ex
1080 2654 1117 2704 l.
1142 2667 1221 2705 ιν.
1245 2656 1313 2706 de
1337 2671 1535 2722 praeva-

468 2723 563 2773 ric.
631 2725 845 2789 Lipsiae.

533 2803 547 2833 ‘
583 2802 855 2869 Imrffecit]
892 2805 1043 2858 Anno
1084 2810 1261 2861 Romae
1310 2799 1537 2864 conditae

467 2882 581 2929 814.
606 2880 799 2933 Clu-isti
819 2884 927 2933 nati
945 2890 1028 2935 61.
1062 2888 1197 2937 Vide
1215 2895 1363 2940 notas
1386 2905 1432 2941 c.
1451 2894 1535 2940 29.

473 2956 790 3009 Tillemonius.

533 3039 555 3064 ¹¹
592 3034 685 3083 Cui
723 3037 932 3099 pretium
970 3040 1245 3108 pepigerat]
1294 3045 1536 3095 Moribus

468 3117 757 3175 receptum,
791 3115 869 3165 uti
904 3131 1083 3169 servus
1119 3119 1382 3171 interdum
1419 3138 1537 3173 cum

468 3187 694 3251 domino,
714 3191 858 3256 quasi
885 3193 1240 3264 pacisceretur
1260 3198 1312 3247 in
1336 3207 1537 3250 certum

468 3264 724 3327 pretium:
779 3268 916 3332 quod
953 3269 998 3319 si
1034 3274 1361 3342 exsolvisset,
1404 3276 1539 3326 liber

468 3347 623 3406 esset.
691 3343 756 3392 Id
799 3347 1026 3408 pretium
1069 3364 1100 3399 e
1137 3352 1342 3415 peculio
1383 3355 1539 3417 servi,

465 3419 551 3468 vel
573 3418 859 3473 adventitio
881 3424 1043 3477 lucro.

531 3497 734 3548 Seneca
774 3499 826 3548 in
875 3493 1165 3565 Epistolis:¹
1220 3507 1237 3535 ‘
1270 3506 1539 3573 Mancipia

467 3587 673 3638 quoque
696 3576 1007 3629 conditionis
1027 3588 1298 3648 extremae,
1312 3595 1367 3635 et
1389 3585 1442 3634 in
1459 3587 1539 3637 his

467 3647 709 3702 sordibus
731 3661 869 3718 nata,
897 3658 1035 3707 omni
1059 3659 1210 3709 modo
1241 3661 1430 3711 exuere
1454 3678 1540 3712 co-

466 3734 658 3777 nantur
697 3732 1041 3782 servitutem:
1096 3737 1353 3799 peculium
1391 3754 1539 3789 suum

467 3803 604 3867 quod
642 3816 1094 3873 comparaverunt,
1117 3820 1300 3862 ventre
1334 3813 1541 3865 frauda·

466 3888 543 3944 to,
569 3897 664 3946 pro
705 3886 880 3948 capite
921 3890 1227 3939 numerant.’
1294 3893 1540 3962 Virgilius

467 3973 529 4009 eo
562 3962 881 4024 respiciens:
929 3967 944 3993 ‘
971 3966 1086 4016 Nec
1121 3982 1242 4033 spes
1278 3969 1539 4021 libertatis

469 4042 600 4100 erat,
622 4052 719 4088 nec
742 4055 867 4091 cura
890 4042 1095 4105 peculi!

535 4114 607 4165 Et
631 4121 778 4165 vetus
800 4132 924 4167 sane
947 4119 1037 4168 ille
1060 4135 1189 4184 mos,
1218 4123 1366 4188 cujus
1389 4124 1543 4176 vesti-

469 4189 558 4253 gia
596 4190 746 4254 plura
794 4193 848 4242 in
902 4194 1122 4259 Plauto;
1181 4206 1240 4250 ut
1278 4200 1540 4265 Asinaria,

470 4268 746 4342 strumina,
785 4281 998 4342 reperto
1040 4275 1316 4356 thesauro:
1356 4268 1540 4333 ‘'Quin

1610 1666 1705 1716 ego
1728 1650 1802 1699 illi
1821 1649 2076 1699 invenisse
2093 1663 2176 1700 me
2194 1648 2327 1697 hanc
2346 1645 2582 1711 praedam
2606 1643 2683 1695 di-

1611 1745 1673 1780 co
1710 1736 1869 1795 atque
1905 1728 2151 1792 eloquor?
2193 1727 2367 1790 Igitur
2405 1725 2591 1789 orabo,
2623 1730 2698 1774 ut-

1610 1821 1767 1856 manu
1824 1821 1909 1856 me
1957 1806 2169 1865 mittat3
2224 1803 2311 1853 ibo
2364 1809 2521 1867 atque
2578 1803 2686 1852 elo·

1613 1883 1778 1949 quar!
1824 1884 2035 1948 Grypns
2053 1896 2249 1944 servuS,
2267 1880 2541 1929 Rudente:
2581 1883 2599 1908 ‘
2619 1879 2686 1928 ad

1610 1962 1791 2011 herum
1834 1960 2037 2009 veniam
2082 1957 2239 2007 docte
2284 1962 2441 2022 atque
2489 1961 2687 2019 astute,

1612 2034 1949 2087 Pauxillatim
1995 2028 2325 2100 pollicitabor
2368 2047 2465 2096 pro
2508 2032 2687 2095 capite

1614 2104 1988 2177 argentum,ut
2026 2113 2122 2160 sim
2161 2108 2336 2177 liber!¹
2392 2110 2463 2159 Et
2488 2108 2687 2174 *clarius
2732 2144 2742 2148 -

1612 2191 1666 2241 in
1691 2191 1909 2241 Casina:
1945 2189 1962 2218 ‘
1982 2187 2124 2255 Quid
2141 2186 2243 2237 ista
2263 2193 2320 2238 tu
2338 2201 2420 2235 me
2436 2185 2691 2236 libertate

1614 2268 1867 2320 territas?
1900 2266 2063 2319 Vobis
2098 2265 2291 2328 invitis,
2312 2271 2471 2330 atquc
2511 2263 2693 2314 ambo-

1612 2363 1728 2397 rum
1762 2345 2017 2411 ingratiis,
2049 2345 2169 2394 Una
2204 2342 2383 2392 libella
2415 2340 2554 2391 liber
2580 2355 2695 2406 pos-

1613 2439 1724 2474 sum
1750 2439 1845 2487 ego
1868 2420 2020 2472 fieri!
2543 2460 2548 2463 .
2664 2483 2671 2494 ι

1680 2500 1837 2553 Quod
1892 2513 1995 2548 non
2059 2496 2211 2547 aliter
2274 2493 2693 2559 intelligendum,

1615 2592 1772 2641 quam
1795 2585 1855 2629 ut
1879 2591 1997 2627 cum
2030 2574 2156 2625 hero
2188 2575 2301 2639 jam
2340 2579 2466 2621 ante
2504 2581 2691 2636 pactus

1614 2653 1848 2711 fueritin
1872 2653 2077 2703 libram.
2145 2653 2215 2701 Et
2247 2652 2300 2700 in
2330 2651 2462 2700 hanc
2486 2659 2694 2699 senten·

1615 2732 1746 2783 tiam
1768 2731 1979 2797 scripsit
2004 2726 2472 2792 Hermogenianns,
2507 2726 2694 2776 adver·

1616 2826 1702 2860 sus
1715 2801 1980 2860 'dominum
1998 2805 2306 2868 consistere,
2321 2804 2484 2854 servis
2502 2803 2663 2853 licere
2679 2817 2693 2852 ε

1616 2888 1633 2916 ‘
1654 2889 1708 2938 Si
1735 2888 1850 2954 quis
1874 2887 1978 2937 suis
2000 2883 2217 2935 nummis
2240 2882 2501 2932 redemtos
2533 2895 2614 2943 se,
2640 2886 2695 2930 et
2741 2925 2751 2930 -

1558 2964 1561 2967 ’
1616 2978 1721 3013 non
1743 2962 2082 3013 manumissos
2113 2966 2297 3009 contra
2318 2957 2505 3022 placiti
2534 2955 2694 3006 fidem

1617 3038 1961 3090 asseverent?
2019 3039 2053 3087 l.
2081 3050 2201 3087 Lm.
2225 3035 2291 3085 de
2314 3032 2559 3086 Judiciis.

1684 3117 1823 3166 Item
1862 3114 2117 3179 Ulpianus
2141 3130 2154 3162 ι
2188 3112 2203 3139 ‘
2227 3110 2330 3163 Qui
2353 3125 2409 3160 se
2433 3108 2568 3160 dicit
2591 3108 2696 3182 suis

1617 3194 1839 3244 nummis
1862 3192 2170 3254 redemtum,
2190 3190 2233 3238 si
2255 3189 2351 3238 hoc
2373 3186 2700 3252 probaverit,

1620 3272 1812 3323 exinde
1850 3272 1983 3322 liber
2019 3269 2140 3332 erit,
2175 3283 2242 3319 ex
2283 3281 2384 3333 quo
2422 3264 2696 3316 redemtus

1619 3350 1737 3402 est!
2673 3397 2676 3400 ,

1683 3427 1958 3479 Interdum
1980 3440 2107 3476 vero
2123 3420 2429 3488 imaginaria
2451 3407 2696 3486 quaedam

1618 3507 1797 3570 emtio,
1818 3504 2127 3570 interposita
2164 3515 2384 3566 persona
2408 3498 2588 3558 tertia,
2611 3497 2704 3547 ad·¹

1618 3582 1900 3634 hibebatur
1913 3599 1933 3638 ,ε
1987 3580 2053 3631 de
2094 3594 2197 3645 qua
2233 3578 2268 3627 l.
2294 3575 2473 3627 nude
2508 3574 2697 3630 Manu·

1619 3660 1766 3709 miss.

1687 3733 1845 3789 Quod
1877 3736 1920 3785 si
1954 3734 2192 3785 dominus
2226 3745 2328 3782 non
2368 3734 2610 3782 servaret
2643 3724 2701 3778 fi-

1620 3814 1759 3876 dem,
1779 3814 1992 3879 querela
2013 3826 2164 3860 servo
2183 3810 2365 3859 Romae
2386 3806 2523 3871 apud
2543 3802 2696 3871 praef.

1620 3886 1785 3951 urbis,
1818 3888 1956 3952 apud
1995 3887 2269 3952 praesidem
2302 3885 2355 3933 in
2388 3882 2698 3948 provinciis,

1622 3983 1688 4018 ex
1732 3965 2108 4017 constitutione
2163 3964 2418 4013 Divorum
2474 3960 2698 4010 fratrum

1622 4042 1743 4093 fuit.
1801 4044 1862 4093 L.
1886 4056 1941 4092 v.
1968 4042 2033 4091 de
2056 4038 2442 4098 manumission.
2486 4037 2698 4101 Lipsius.

1686 4128 1707 4152 V
1748 4118 1961 4182 Exoleti]
2024 4117 2317 4167 Dicebatur
2352 4114 2583 4163 adultior
2625 4112 2701 4162 ci·

1619 4198 1817 4262 naedus,
1838 4189 1896 4246 et
1918 4196 2007 4261 qui
2031 4195 2242 4259 passiva
2261 4192 2481 4250 libidine
2507 4185 2699 4255 prosti-

1622 4280 1877 4327 tueretur.
1944 4271 2193 4323 Exoletos
2229 4268 2282 4320 in
2318 4268 2488 4322 animo
2511 4265 2698 4318 habuit
