3063 4952
2348 374 2592 485 1603*

300 586 522 647 torum
572 579 1112 657 circumsteterat,
1161 578 1615 663 poscebatque
1659 582 1681 613 ‘
1718 583 1979 662 tempus
2015 577 2520 654 evocandorum

294 686 578 777 ¹testium
595 682 633 751 ε’
677 702 827 748 reus
858 682 1086 747 ‘illico
1117 680 1417 758 defendi,'
1446 682 1852 765 postulabat.
1907 702 1914 707 ·
1941 679 2310 766 Valuitque
2331 690 2351 729 ³
2398 703 2519 768 pez

308 788 591 852 cuniosa
621 781 932 850 orbitate¹
974 791 1039 850 et
1066 791 1350 863 senecta,
1379 804 1584 868 quam
1618 785 1791 851 ultra
1815 784 2020 850 vitam
2051 790 2323 850 eorum4
2365 804 2519 868 pro-

309 889 530 967 duxit,
563 910 842 972 quorum
870 889 1121 970 ambitu
1140 895 1162 934 ⁵
1209 893 1584 954 evaserat.¹¹¹

396 994 510 1056 53.
561 991 827 1069 Quietae
896 990 983 1055 ad
1056 989 1127 1053 id
1198 996 1460 1075 tempus
1528 1012 1636 1056 res
1695 992 1765 1055 in
1827 991 2189 1058 Germania
2244 991 2525 1069 fuerant,

310 1094 581 1178 ingenio
652 1094 942 1172 Ducum,
1004 1094 1146 1176 qui,
1213 1093 1620 1177 pervulgatis
1706 1094 2023 1179 triumphi
2097 1092 2523 1177 insignibuS,¹²

313 1198 536 1284 majus
566 1216 657 1261 ex
685 1216 767 1261 eo
798 1195 1047 1260 decus⁰
1089 1197 1470 1280 sperabant,
1529 1198 1589 1262 si
1639 1217 1879 1282 pacem
1946 1194 2522 1262 continuavissent.

296 442 352 495 J.
376 441 441 495 e.
461 439 574 506 sm]
1000 392 1412 486 summum
1460 433 1609 484 ma.
1655 431 1836 484 xnr.

252 1417 258 1422 ·
313 1395 498 1447 dorum
522 1394 766 1444 testium:
803 1399 857 1443 at
876 1409 985 1444 reus
1021 1393 1293 1447 confestim
1314 1392 1526 1444 defendi
1546 1395 1744 1446 volebat.
1819 1395 2052 1458 Vicitque,
2087 1394 2208 1460 quia
2227 1408 2370 1444 senex
2386 1394 2527 1444 orbus

311 1467 360 1511 et
379 1461 515 1513 dives
537 1466 651 1509 erat
670 1476 684 1521 ;
719 1466 774 1509 et
797 1465 967 1510 tamen
987 1459 1180 1509 vivendo
1211 1465 1459 1524 provectus
1479 1467 1552 1511 est
1584 1463 1712 1511 ultra
1732 1477 1884 1511 oevum
1902 1462 2106 1524 illorum,
2138 1474 2331 1524 quorum
2352 1459 2526 1520 favore

312 1526 583 1641 εθῖεαῗὲω
600 1576 668 1639 ἀα
705 1591 757 1640 id
792 1590 1012 1654 temporis
1044 1604 1122 1638 res
1141 1591 1268 1653 apud
1290 1570 1602 1641 Germaniam
1612 1568 1831 1652 fuerant,
1866 1590 2120 1655 prudentia
2138 1590 2417 1650 legatorum,
2444 1589 2526 1652 qui

309 1655 594 1721 vulgaribus
615 1657 729 1721 jam
767 1656 995 1719 triumphi
1012 1655 1315 1720 ornamentis,
1332 1657 1557 1719 mqy’orem
1577 1671 1638 1707 ex
1661 1673 1712 1707 eo
1742 1656 1945 1720 gloriam
1966 1654 2292 1721 expectabant,
2312 1655 2356 1703 si
2375 1654 2526 1704 otium

1249 1815 1512 1836 OOOOOOOOO
1517 1816 1605 1836 ,θ’

311 1938 343 1983 3
372 1933 485 1990 Qae
505 1931 653 1982 abest
674 1948 703 1982 a
727 1933 830 1982 Ms.
852 1933 1024 1984 Vatic.
1050 1936 1294 1983 1864.—4
1329 1933 1416 1983 Ita
1445 1932 1608 1983 editio
1629 1933 1890 1997 princeps.
1953 1931 2083 1983 Mss.
2122 1932 2262 1982 Flor.
2286 1929 2443 1983 Corb.
2467 1935 2523 1979 et

311 2001 593 2049 Ernestus.
663 1998 981 2047 Puteolanus
1019 2005 1077 2048 et
1099 1998 1228 2048 Mss.
1254 1998 1405 2048 Harl.
1442 1999 1598 2049 Bodl.
1640 1999 1749 2050 Jes.
1791 1999 1919 2048 ultra
1959 2011 2117 2047 eonon
2150 1997 2331 2047 eitam.-
2361 2001 2419 2047 et
2450 1995 2525 2045 sic

267 2071 271 2075 ’
312 2063 553 2128 Ryckius
572 2067 629 2112 et
645 2062 1047 2112 Gronovius.—5
1081 2063 1167 2112 Sic
1189 2062 1356 2113 Rhen.
1378 2077 1407 2113 e
1431 2064 1568 2113 Bud.
1605 2063 1708 2113 Sed
1731 2068 1787 2115 et
1817 2063 2028 2113 Puteol.
2060 2062 2153 2113 ita.
2218 2060 2357 2114 Alibi
2376 2060 2525 2110 ombi-

313 2135 439 2179 tum.
508 2128 738 2178 Faernus
762 2128 970 2178 volebat
997 2128 1240 2193 impetum,
1263 2128 1400 2195 quod
1422 2128 1563 2180 ridet
1586 2128 1743 2180 Grnt.
1813 2127 2023 2179 Oberlin.

1324 2277 1539 2330 NOTAE

1529 2390 1669 2443 Hinc
1704 2394 1878 2441 tantas
1915 2400 2129 2452 operum
2151 2386 2312 2437 moles
2340 2400 2523 2451 aggre-

1463 2465 1697 2530 diuntur,
1716 2472 1776 2517 ut
1797 2470 2080 2517 exerceant
2108 2461 2344 2526 militem,
2364 2461 2524 2514 conti-

380 2388 395 2422 ¹
417 2389 687 2440 Pecuniam
707 2389 929 2454 orbitate]
951 2392 1038 2441 De
1061 2405 1163 2456 qua
1185 2390 1385 2442 Seneca

313 2468 385 2520 de
404 2469 564 2521 Brev.
586 2469 730 2533 vitae,
749 2473 800 2521 7.
833 2469 849 2498 ‘
873 2469 970 2519 lue
988 2485 1106 2520 reus
1125 2476 1254 2535 quot
1274 2470 1386 2521 dies

312 2545 560 2608 abstulit,
594 2552 723 2611 quot
764 2545 855 2595 ille
897 2546 1216 2611 candidatus,
1258 2554 1386 2612 quot

309 2624 409 2674 illa
432 2637 563 2672 anus
585 2620 860 2672 efferendis
896 2623 1193 2673 haeredibus
1217 2622 1381 2675 lassa?

308 2704 447 2766 quot
464 2699 552 2748 ille
568 2699 635 2750 ad
656 2699 958 2750 irritandam
975 2700 1244 2751 avaritiam
1262 2717 1384 2766 cap·

308 2774 543 2825 tantiam
579 2774 848 2824 simulatus
895 2776 1068 2840 aeger?
1119 2781 1248 2841 quot
1294 2776 1381 2827 ille

310 2851 589 2917 potentior
603 2851 816 2915 amicus,
832 2851 919 2915 qui
938 2867 1030 2901 vos
1064 2865 1168 2902 non
1188 2852 1240 2903 in
1256 2854 1380 2903 ami-

310 2930 465 2992 citia,
490 2928 657 2979 sedin
676 2933 930 2993 apparatu
951 2927 1152 2979 habet?

292 3043 295 3046 -
376 3015 418 3041 ¹¹¹
443 3007 655 3063 Quorum
675 3006 857 3056 ambitu
887 3005 1121 3069 evaserat]
1152 3007 1381 3059 Deridet

311 3084 607 3142 vanitatem
622 3097 793 3133 rerum
810 3083 1142 3133 humanarum
1150 3084 1386 3148 Tacitus,

313 3169 371 3212 et
394 3162 473 3211 ait
492 3159 845 3224 haeredipetas
869 3160 997 3209 istos
1029 3161 1385 3212 intercessisse

315 3239 533 3306 quidem
559 3252 655 3301 pro
677 3251 784 3299 reo,
806 3242 861 3286 et
882 3250 1000 3299 eum
1023 3252 1272 3302 servasse,
1292 3254 1386 3304 spe

312 3316 668 3386 adipiscendae
687 3315 988 3366 substantiae
1007 3315 1138 3380 ejus,
1154 3317 1248 3366 sed
1264 3331 1384 3368 con·

316 3399 401 3445 tra
424 3392 691 3455 evenisse3
725 3390 835 3442 fato
858 3392 991 3441 enim
1015 3397 1135 3442 ante
1155 3391 1383 3459 functos,

316 3472 498 3536 itaque
540 3469 721 3536 praeda
761 3483 854 3519 sua
889 3468 1076 3522 misere
1111 3468 1383 3522 excidisse.

319 3548 584 3598 Gruterum

402 3633 430 3660 ¹²
452 3624 764 3686 Pervulgatis
814 3623 1042 3689 triumphi
1093 3624 1383 3690 insignibus]

319 3703 443 3754 Hoc
470 3709 569 3765 est,
595 3716 712 3766 quae
743 3701 855 3763 jam
894 3701 1102 3751 nimium
1139 3701 1381 3767 frequen·

318 3782 414 3845 tia,
454 3778 868 3843 communiaque
927 3794 1040 3830 esse
1098 3785 1383 3844 coeperant.

319 3858 597 3908 Rumam.

384 3932 721 3997 Per-vulgatis]
769 3934 902 3987 Quia
925 3933 1118 3997 multis,
1143 3940 1197 3984 et
1216 3933 1384 3994 facili-

317 4015 422 4061 tate
440 4011 605 4073 solita,
643 4024 763 4059 eum
788 4010 1033 4061 honorem
1055 4016 1386 4062 concesserat

322 4088 570 4139 Claudius
593 4086 838 4151 princeps
858 4104 874 4148 3
908 4094 965 4137 et
984 4088 1105 4153 quia
1130 4087 1384 4139 tribueba-

320 4172 412 4215 tur
433 4164 680 4229 operibus
704 4163 865 4228 pacis,
889 4164 1060 4228 potius
1082 4179 1235 4229 quam
1256 4163 1386 4213 mili·

288 4287 297 4293 .
323 4243 415 4291 tiae
447 4240 583 4290 curis
609 4245 701 4289 aut
722 4238 1012 4301 laboribus;
1046 4247 1102 4290 et
1125 4240 1200 4290 sic
1235 4242 1387 4305 maja

324 4321 464 4372 decu·
484 4318 766 4388 sperabant
786 4332 854 4370 ex
877 4318 1114 4386 operibus
1136 4319 1298 4386 pacis.

1462 2549 1725 2610 neantque
1758 2533 1814 2593 in
1844 2542 1974 2604 otio,
1996 2546 2056 2591 ut
2076 2539 2194 2591 hinc
2217 2553 2352 2601 suos,
2384 2537 2525 2589 illinc

1463 2621 1639 2671 hostes
1661 2625 1904 2683 terreant,
1923 2616 2155 2667 subactis
2176 2614 2525 2679 exercitisque

1463 2703 1544 2749 tot
1559 2696 1867 2764 legionibus,
1882 2701 1939 2746 et
1954 2700 2013 2744 ut
2029 2694 2103 2744 sic
2126 2694 2194 2744 ad
2210 2692 2332 2743 belli
2348 2692 2525 2741 munia

1460 2777 1773 2843 promtiores
1795 2774 2069 2836 haberent,
2103 2785 2220 2822 cum
2242 2768 2523 2821 necessitas
2623 2817 2632 2822 .

1458 2856 1763 2922 postularet.

1524 2933 1731 2983 Bellum
1774 2928 2088 2981 facientibus
2129 2925 2217 2976 vix
2260 2923 2522 2976 dabantur

1463 3009 1713 3075 triumphi
1752 3006 2012 3070 insignia3
2044 3005 2199 3054 immo
2236 3008 2291 3053 et
2328 3002 2523 3052 bellum

1461 3085 1630 3151 ipsum
1669 3084 1975 3150 negabatur.
2040 3080 2212 3145 Igitur
2245 3078 2410 3144 majus
2434 3078 2524 3140 de-

1465 3176 1556 3212 cns
1574 3160 1737 3225 pacis,
1759 3173 1914 3225 quam
1938 3157 2105 3207 belli:
2140 3160 2196 3206 at
2234 3169 2339 3205 non
2374 3159 2521 3204 certe

1462 3239 1627 3303 majus
1647 3253 1801 3304 quam
1819 3235 2028 3298 insignia
2048 3232 2295 3296 triumphi.

1527 3316 1632 3366 Sed
1655 3317 1812 3366 decus
1834 3316 1995 3378 majus
2020 3328 2087 3362 ex
2106 3326 2257 3376 pace,
2277 3324 2429 3378 quam
2455 3325 2522 3360 ex

1461 3392 1601 3444 bello
1620 3393 1920 3458 sperabant,
1940 3405 2002 3441 eo
2025 3403 2188 3454 usque
2207 3386 2525 3452 pervulgatis

1463 3470 1711 3535 triumphi
1734 3468 2033 3533 insignibus,
2066 3473 2126 3517 ut
2163 3464 2321 3516 etiam
2342 3464 2524 3517 otiosis

1462 3553 1519 3597 et
1576 3547 1827 3598 inertibus
1871 3545 2087 3596 ducibus
2137 3542 2522 3604 tribuerentur:

1462 3624 1743 3690 sperabant
1778 3639 1844 3674 ex
1883 3637 2013 3688 pace
2059 3621 2303 3686 triumphi
2344 3621 2525 3685 decus,

1461 3704 1601 3770 quod
1616 3703 1752 3754 bello
1766 3702 1967 3768 assequi
1981 3716 2082 3752 non
2100 3705 2362 3766 poterant.
2385 3701 2524 3751 Nam

1465 3787 1577 3831 tum
1630 3781 1878 3844 temporis
1924 3793 2094 3845 neque
2134 3777 2327 3828 bellum
2354 3790 2523 3842 neque

1461 3858 1586 3910 belli
1610 3857 1765 3908 decus
1795 3857 2198 3908 concedebatur.

1526 3941 1551 3967 ⁰
1571 3935 1734 3995 Maius
1754 3950 1816 3984 ex
1832 3950 1885 3983 eo
1904 3932 2064 3996 decus]
2084 3932 2170 3982 Sic
2187 3931 2347 3983 vertit
2364 3930 2523 3981 inter-

1465 4027 1587 4077 pres
1610 4012 1873 4063 Gallicus:
1910 4016 1970 4060 ut
2000 4010 2078 4060 illi
2098 4008 2273 4071 duces,
2294 4006 2524 4073 quando-
2576 4045 2579 4051 Α

1465 4089 1673 4155 quidem
1711 4089 1999 4153 promiscue
2037 4093 2094 4135 et
2119 4086 2307 4150 passim
2338 4097 2523 4135 conce-

1466 4166 1725 4218 debantur
1739 4165 1985 4229 triumphi
2007 4167 2325 4224 ornamenta,
2352 4160 2522 4226 majus

1438 4244 1626 4294 2decus
1657 4247 1947 4308 sperarent,
1967 4241 2011 4308 si
2034 4252 2214 4306 pacem
2258 4238 2525 4289 continua-

1465 4320 1684 4386 vissent‚
1705 4333 1859 4392 quam
1880 4315 1926 4371 si
1947 4318 2084 4371 bello
2106 4316 2323 4383 insignia
2344 4315 2522 4367 trium-
