3063 4952
545 389 726 459 2012
1259 403 1329 456 c.
1371 401 1747 454 connum
1793 402 2055 454 'ucri-1
2432 408 2523 477 [A.
2541 409 2733 470 vau.

543 552 858 618 virtutem
886 554 1085 629 actm,
1108 546 1514 614 desiderium
1542 548 1766 612 man'ti
1795 548 2057 614 solatiis
2074 548 2373 619 honestis
2401 551 2729 619 toleraret?

549 653 681 720 Illa
734 660 985 731 contra,
1016 657 1037 686 ‘
1069 652 1197 716 sibi
1243 670 1512 734 quoque
1560 649 1962 716 destinatam
2013 652 2335 734 mortem,’
2380 663 2725 736 asseverat,

545 776 943 840 manumque
1002 751 1438 840 percussoris¹
1496 754 1829 838 exposcit.
1937 755 2113 822 Tum
2172 758 2455 835 Seneca,
2517 759 2726 841 gloria}

546 854 727 944 ejusj
755 878 887 923 non
940 858 1291 936 adversuS,
1335 857 1535 922 simul
1585 877 1830 937 amore,
1882 878 1966 923 ne
2016 860 2149 924 sibi
2193 862 2391 926 unice
2439 860 2731 925 dilectam

547 961 634 1025 ad
660 962 936 1048 injurias
965 956 1437 1045 relinqueret:k
1480 965 1500 994 ‘
1533 961 1733 1040 vitae,’
1762 960 2002 1046 inquit,
2034 967 2055 997 ‘
2083 962 2534 1027 delinimenta⁶
2561 982 2729 1028 mon-

541 1117 602 1183 'et
622 1135 860 1198 exemplo
874 1135 1000 1186 vitae
1023 1149 1118 1201 per
1145 1135 1308 1186 bonas
1341 1143 1481 1187 artes
1514 1143 1811 1200 transactae,
1835 1135 2151 1188 desiderium
2173 1135 2271 1186 viri
2293 1134 2730 1186 delinimentisbo·

539 1199 706 1250 nestis
727 1200 1025 1252 sustineret.
1094 1201 1188 1252 lua
1210 1207 1372 1252 centn
1389 1217 1444 1253 se
1464 1205 1627 1253 etiam
1650 1205 1781 1253 mori
1804 1204 2045 1254 statuisse
2066 1204 2289 1281 mut,
2306 1201 2582 1265 seruumque
2599 1200 2732 1251 inter-

544 1262 736 1314 fectoris
755 1267 1006 1333 efflagitet.
1059 1266 1181 1317 Ίὶιιιι
1199 1266 1396 1331 Seneca,
1415 1270 1573 1319 decori
1589 1271 1696 1334 ejus
1715 1270 1841 1319 haud
1860 1284 1911 1319 se
1929 1283 2177 1333 omnem,
2194 1269 2338 1318 amul
2358 1272 2407 1317 et
2436 1267 2665 1330 cupidine,
2680 1281 2732 1318 u

539 1333 841 1383 wat-mltis
877 1332 1166 1398 expositam
1491 1371 1508 1397 ,
1541 1351 1681 1399 quum
1707 1338 1843 1386 uice
1878 1335 2131 1398 dilexerat,
2161 1333 2300 1397 Tibi,
2321 1333 2495 1398 inquit,
2513 1330 2735 1383 osteude-

1466 1448 1492 1466 0
1498 1447 1613 1467 0000
1618 1447 1822 1467 “060“

1323 1535 1357 1580 6
1387 1528 1619 1582 Budens.
1641 1532 1971 1583 delenimenta.

1538 1661 1753 1712 NOTAE

540 1775 994 1841 doloremoetermtm
1002 1775 1271 1843 susciperet.
1286 1773 1363 1826 At
1376 1774 1603 1840 vulgatae
1685 1774 1960 1825 Paulinam
1981 1774 2198 1840 Seneca,
2232 1775 2349 1840 ipse
2367 1772 2582 1839 abrupit
2597 1786 2737 1823 venas

540 1852 784 1903 lectionis
807 1867 910 1903 non
929 1853 1140 1919 ineptus
1159 1867 1357 1904 sensus.
1413 1851 1606 1902 Horta·
1686 1854 1881 1917 uxoris,
1900 1854 2012 1919 ipse
2033 1867 2328 1919 percussor,
2362 1852 2476 1919 ipse
2498 1849 2738 1903 homicida

541 1923 629 1977 tur
651 1943 866 1980 uxorem
887 1928 1108 1989 Seneca,
1133 1935 1194 1979 ut
1215 1927 1381 1979 dolori
1406 1934 1602 1995 tempe·
1683 1926 1804 1980 fuit.
1836 1930 1979 1981 Num
2002 1938 2058 1982 et
2077 1929 2181 1995 ipsi
2201 1929 2388 1980 cicutae
2411 1927 2612 1979 Atticae
2633 1939 2737 1991 par-

538 2012 642 2068 ret,
664 2019 761 2053 nec
795 2005 850 2054 in
882 2019 967 2070 eo,
989 2006 1112 2056 dum
1126 2006 1336 2072 vixerit,
1358 2020 1601 2071 perseve-
1681 2011 1789 2056 tem
1811 2006 2142 2073 propinavit?
2182 2004 2333 2057 Adeo
2357 2020 2477 2056 sese
2502 2005 2554 2054 iu
2577 2015 2739 2054 omnes

541 2089 640 2131 ret.
677 2081 905 2132 Pichena.

604 2158 927 2224 Legendum,
941 2165 1226 2225 temperaret
1240 2162 1444 2212 dolorem
1460 2167 1602 2213 σιειν-

537 2251 651 2286 num
668 2238 922 2303 uscipere.
955 2240 1187 2291 GronoV.

603 2314 709 2364 Nec
744 2320 975 2367 oetermm
1008 2316 1287 2382 susciperet]
1329 2316 1474 2371 Quid
1512 2317 1598 2368 hic

536 2391 755 2442 turbent
788 2399 879 2443 aut
915 2393 1225 2456 rescribant,
1243 2394 1448 2444 nescio:
1484 2408 1597 2444 cre·

535 2465 627 2518 ber
646 2473 703 2518 et
725 2468 871 2519 velut
904 2485 970 2520 ex
1008 2468 1234 2521 formula
1273 2486 1443 2522 sermo
1481 2478 1599 2523 erat

533 2544 603 2595 de
621 2551 799 2597 «πωπω
815 2564 837 2606 ,·
868 2547 922 2597 id
942 2553 1041 2610 est,
1059 2562 1246 2613 magno
1268 2556 1323 2599 et
1339 2547 1599 2600 insolabili

531 2619 729 2677 dolore.
783 2625 994 2674 Lucret.
1016 2624 1032 2651 ‘
1056 2631 1413 2691 aeternumque
1436 2626 1600 2676 Nulla

531 2697 645 2748 dies
665 2700 810 2751 nobis
831 2716 1103 2752 moerorem
1120 2718 1148 2752 e
1171 2710 1389 2767 pectore
1399 2702 1597 2777 tollet!

527 2773 597 2826 In
635 2778 928 2842 lapidibus:
962 2779 978 2807 ‘
1001 2781 1216 2831 AEterno
1238 2779 1417 2830 dolore
1438 2777 1597 2829 afflic-

534 2852 655 2902 tus!
719 2855 890 2919 Rogat
922 2870 1050 2921 ergo
1094 2871 1253 2920 parce
1294 2863 1351 2906 et
1377 2854 1599 2921 modice,

529 2927 585 2978 id
608 2936 710 2993 est,
732 2933 997 2995 sapienter
1018 2933 1215 2983 dolere.
1253 2933 1463 2998 Lipsius.

524 3059 532 3064 ,
594 3004 610 3039 ¹
645 3007 960 3072 percussoris]
993 3009 1095 3061 Qui
1130 3011 1268 3060 haud
1300 3010 1456 3061 dubie
1492 3026 1597 3061 me-

525 3078 696 3141 dicus.
744 3083 880 3133 Nam
904 3084 1048 3134 Nero
1069 3085 1083 3112 ‘
1107 3085 1336 3135 medicos
1357 3085 1597 3137 admove·

525 3154 640 3232 ῥεῖ,
679 3159 771 3225 qui
807 3166 1113 3211 cunctantes
1158 3162 1405 3212 continuo
1450 3178 1597 3214 cura-

521 3245 668 3293 rent.
721 3235 809 3286 Ita
834 3236 970 3286 enim
993 3237 1213 3288 vocabat
1235 3253 1392 3288 venas
1411 3239 1592 3290 mortis

523 3315 699 3378 gratia
720 3316 987 3368 incidere!
1016 3319 1231 3369 Sueten.
1248 3324 1331 3370 57.

587 3387 605 3433 J
631 3390 811 3442 Gloriae
824 3393 942 3458 qius]
965 3393 1103 3444 Audi
1127 3395 1426 3445 mendacem
1444 3395 1592 3447 Grae-

529 3467 722 3531 culum,
747 3470 967 3520 Dionem
982 3485 1187 3536 nempe,
1205 3473 1241 3522 1.
1266 3486 1427 3522 nxm.
1462 3474 1478 3501 ‘
1503 3472 1593 3523 Se-

528 3556 660 3593 neca
679 3560 803 3594 vero
825 3547 1098 3598 Paulinam
1136 3564 1351 3599 uxorem
1395 3549 1592 3600 interfi-

521 3631 649 3679 cere
671 3621 870 3682 voluit3
905 3623 1116 3674 dicebat
1139 3625 1276 3675 enim
1312 3640 1366 3676 se
1402 3625 1451 3675 ei
1475 3641 1592 3691 per·

520 3696 741 3747 suasisse
763 3707 983 3750 mortem
1001 3710 1352 3763 contemnere,
1371 3719 1591 3771 eamque

524 3785 701 3824 secum
741 3790 845 3825 una
880 3785 1100 3828 mortem
1132 3779 1276 3829 obire
1313 3782 1589 3845 cupivisse.

521 3840 697 3913 Igitur
732 3852 846 3916 ejus
877 3868 1079 3919 quoque
1102 3855 1300 3905 Seneca
1317 3872 1475 3907 venas
1514 3859 1589 3907 iu-

525 3926 674 3978 cidit.
733 3930 835 3979 Sed
871 3945 987 3981 cum
1016 3932 1103 3981 ille
1134 3929 1342 3983 difficile
1364 3948 1588 3984 morere-

519 4008 627 4071 tur,
664 4006 911 4058 militibus
931 4017 1152 4059 mortem
1174 4009 1224 4058 ei
1246 4011 1586 4061 acceleranti-

521 4079 641 4147 bus,
679 4089 802 4134 ante
840 4094 1070 4136 mortuus
1110 4094 1211 4151 est,
1249 4103 1401 4153 quam
1435 4102 1584 4141 uxor.

523 4155 610 4205 lta
628 4158 851 4210 Paulina
871 4170 1136 4226 superstes
1158 4162 1294 4214 fuit!

592 4233 642 4283 O
666 4236 949 4302 Bithynum
983 4240 1323 4293 nebulonem!
1358 4242 1415 4293 Si
1445 4244 1585 4296 hunc

1682 2089 1861 2150 partes
1881 2083 2043 2134 vertit
2072 2083 2196 2145 Dio,
2217 2090 2276 2132 ut
2308 2081 2577 2132 obtrectet
2592 2080 2735 2131 Sene·

1678 2174 1790 2223 cae3
1828 2160 1989 2224 ipsius
2032 2160 2234 2223 virtuti,
2263 2160 2346 2209 vel
2383 2157 2555 2223 magis
2593 2153 2736 2207 infes-

1679 2243 1760 2287 tus
1799 2252 1954 2302 quam
1975 2238 2138 2301 Nero,
2155 2236 2244 2302 qui
2280 2243 2516 2287 mortuos
2550 2233 2735 2285 ucula·

1677 2314 1894 2365 ceravit.

1742 2389 1768 2424 ¹⁵
1798 2392 1880 2442 Aa
1916 2390 2115 2453 injurius
2146 2388 2460 2455 relinqueret]
2504 2389 2668 2453 Supra
2698 2387 2731 2436 1.

1679 2483 1786 2520 xu.
1809 2484 1856 2521 c.
1875 2474 1956 2522 15.
1971 2468 2038 2518 de
2055 2468 2392 2522 Rhadamisto
2414 2467 2590 2532 Rege:
2612 2466 2627 2494 ‘
2641 2462 2732 2516 Sed

1679 2546 1874 2612 conjux
1893 2546 2126 2612 gravida,
2143 2549 2242 2596 διε.
2279 2558 2447 2611 orare,
2488 2550 2551 2595 ut
2581 2549 2731 2593 morte

1677 2624 1893 2674 honesta
1915 2622 2240 2674 contumeliis
2278 2620 2607 2687 captivitatis
2639 2617 2731 2668 exi·

1677 2703 1924 2749 meretur.
1990 2697 2089 2747 Ille
2127 2697 2297 2763 primo
2331 2697 2601 2762 amplecti,
2629 2695 2733 2744 alle-

1676 2791 1818 2841 vare,
1837 2775 2119 2838 adhortari,
2135 2775 2290 2824 modo
2312 2774 2567 2824 virtutem
2588 2770 2728 2822 admi·

1676 2867 1812 2915 rans,
1834 2851 1987 2902 modo
2021 2853 2203 2902 timore
2241 2866 2400 2916 aeger,
2424 2866 2492 2900 ne
2513 2850 2625 2916 quis
2660 2861 2730 2898 re-

1672 2930 1804 2985 licta
1846 2931 2124 2995 potiretur.
2178 2929 2455 2979 Postremo
2499 2924 2732 2977 violentia

1676 3009 1866 3060 amoris
1905 3015 1961 3060 et
1983 3008 2269 3059 facinorum
2307 3015 2407 3057 non
2450 3006 2610 3069 rudis,
2638 3003 2732 3052 dis-

1676 3086 1860 3151 tringit
1899 3086 2184 3147 acinacem,
2205 3084 2634 3148 vulneratamque
2672 3077 2731 3130 ad

1675 3164 1843 3229 ripam
1882 3161 2069 3212 Araxis
2113 3161 2292 3226 trahit,
2321 3158 2524 3210 flumini
2564 3156 2732 3219 tradit,

1671 3253 1740 3289 ne
1761 3253 1954 3304 corpus
1977 3239 2135 3289 etiam
2158 3236 2495 3288 auferretur!

1738 3316 1815 3366 Εο
1852 3332 2016 3382 usque
2049 3316 2301 3366 vecordes
2339 3323 2396 3366 et
2431 3315 2600 3365 insani
2645 3311 2724 3380 qui

1675 3400 1868 3456 amant,
1910 3393 2029 3459 quia
2072 3400 2266 3457 amant,
2300 3393 2568 3456 occidunt,
2587 3398 2638 3442 et
2667 3404 2726 3440 ne

1670 3472 1914 3536 perdant,
1949 3471 2176 3536 perdunt
2215 3486 2352 3522 suos.
2436 3470 2501 3520 In
2558 3464 2726 3519 ultima

1672 3549 1824 3600 clade
1864 3551 2166 3613 Turcarum,
2199 3564 2301 3613 qua
2344 3547 2643 3614 praecipites
2676 3544 2725 3594 in

1670 3624 1847 3692 fugam
1867 3626 1972 3676 acti
1994 3632 2116 3676 sunt
2136 3641 2166 3675 a
2187 3624 2461 3674 fortissimo
2478 3625 2726 3675 Sarmata·

1669 3715 1781 3767 rum
1817 3717 1911 3752 seu
1932 3702 2247 3752 Polonorum
2269 3717 2395 3767 rege
2417 3703 2558 3767 apud
2581 3701 2724 3750 Vien-

1671 3785 1811 3845 nam,
1848 3789 2063 3832 narrant
2100 3782 2320 3846 primum
2360 3780 2724 3839 administrum,

1670 3873 1824 3923 quem
1854 3858 2070 3909 Visirum
2106 3865 2315 3922 vocant,
2346 3865 2455 3908 tres
2496 3854 2723 3907 concubi·

1669 3950 1763 3985 nas
1787 3936 2150 3986 dilectissimas
2177 3935 2448 3997 occidisse,
2479 3949 2544 3984 ne
2567 3934 2619 3982 iu
2640 3946 2720 3996 po·

1668 4019 1910 4063 testatem
1956 4013 2179 4062 hostium
2219 4013 2475 4063 venirent.
2543 4009 2720 4073 Capita

1666 4088 1992 4140 foeminarum
2023 4096 2295 4154 amputata
2327 4089 2382 4139 in
2417 4091 2530 4154 ipso
2562 4087 2718 4138 taber-

1664 4167 1848 4217 naculo
1873 4167 2016 4217 ducis
2051 4173 2264 4231 reperta
2285 4174 2405 4217 sunt
2426 4183 2442 4228 ;
2465 4173 2517 4216 et
2538 4165 2715 4230 ipsum,

1663 4244 1732 4296 ob
1757 4243 1877 4295 belli
1895 4244 2127 4307 adversa,
2144 4243 2392 4311 principis
2402 4244 2548 4310 jussu
2569 4242 2714 4303 inter·

522 4302 770 4379 audietis,
783 4329 877 4368 sua
891 4331 1047 4369 mauu
1060 4316 1303 4387 ferroque
1324 4324 1586 4389 percussit
1660 4319 1855 4374 fectum
1879 4321 2137 4374 nuntiant.
