3063 4952
513 370 688 443 1740,
1026 386 1029 389 “
1194 388 1295 438 c.
1339 385 1708 437 commui
1752 386 2012 437 'ratem
2407 391 2733 459 μαψ,

592 533 709 599 34.
775 531 823 598 J
824 534 935 598 a'm
987 530 1313 598 Suetonio
1377 531 1876 616 quartadecima
1917 533 2094 617 legio
2139 554 2296 601 cum
2354 532 2735 603 vexillariis

509 636 982 713 vicesimaniS,¹
1013 641 1081 700 et
1104 656 1145 700 e
1172 635 1500 718 proximis
1552 635 1943 713 auxiliares,
1959 636 2206 701 decem
2248 637 2483 701 sermea
2514 636 2734 703 millia

511 746 909 806 armatorum
966 745 1188 804 erant:
1237 758 1388 802 cum
1431 740 1726 802 omittere
1768 741 2251 805 cunctationem
2295 745 2362 804 et
2414 739 2736 823 congredi

513 841 662 909 acie
689 849 921 926 parat:
952 841 1311 926 deligitque
1338 841 1561 905 locum
1590 841 1791 905 arctis
1812 839 2121 906 faucibus
2146 846 2215 906 et
2244 863 2287 907 a
2313 849 2506 925 tergo
2535 843 2735 927 sylva

498 947 849 1025 -clausum3
874 945 1036 1010 satis
1065 946 1358 1027 cognito,
1386 943 1552 1008 nihil
1577 944 1892 1020 hostium,
1915 945 2049 1009 nisi
2079 945 2149 1011 in
2175 945 2406 1024 fronte,
2437 951 2507 1010 et
2534 964 2737 1028 aper·

515 1056 653 1117 tam
682 1050 1021 1134 planitiem
1066 1069 1236 1127 esse,
1277 1048 1421 1113 sine
1448 1053 1630 1112 metu
1670 1048 2087 1114 insidiarum.
2177 1048 2396 1132 Igitur
2425 1049 2734 1131 legiona*

511 1155 646 1220 rius
701 1154 1011 1239 frequens
1069 1153 1432 1231 ordinibUS,
1475 1152 1642 1217 levis
1655 1158 1679 1188 ²
1741 1153 1991 1218 circum
2043 1158 2403 1231 armatura,
2437 1153 2729 1241 'conglo-

502 1256 709 1322 batus
738 1277 864 1341 pro
906 1257 1214 1322 cornibus
1254 1273 1464 1338 eques
1516 1255 1751 1320 astitit.
1840 1252 1934 1319 At
1984 1255 2450 1320 Britannorum
2502 1257 2734 1341 copiae

509 1360 760 1443 passim
786 1379 903 1443 per
932 1364 1237 1423 catervas
1260 1362 1327 1421 et
1354 1363 1609 1423 turmas
1638 1359 2051 1437 exultabant,
2102 1364 2353 1443 quanta
2382 1378 2520 1423 non
2545 1359 2733 1423 ‘alias

510 1462 885 1539 multitudo,
916 1467 983 1526 et
1029 1461 1250 1526 animo
1303 1461 1474 1525 adeo
1514 1460 1680 1539 fero,
1711 1467 1788 1525 ut
1839 1461 2181 1547 conjugesh
2212 1483 2480 1547 quoque
2521 1466 2733 1529 testes

508 1565 804 1630 victoriae
875 1585 1100 1630 secum
1150 1564 1491 1643 traherent,
1546 1565 2014 1649 plaustrisque³
2075 1567 2510 1649 imponerent,
2570 1583 2730 1650 quae

507 1685 708 1751 super
734 1674 1103 1751 extremum
1128 1667 1446 1732 ambitum
1477 1668 1702 1753 campi
1734 1675 2112 1754 posuerant.

593 1769 702 1834 35.
749 1771 1113 1850 Boadicea,
1164 1791 1360 1836 curru
1406 1771 1581 1861 filias
1633 1791 1778 1856 pree
1826 1792 1900 1836 se
1949 1773 2219 1850 vehenS,
2268 1777 2343 1837 ut
2385 1790 2728 1855 quamque

508 1874 840 1937 nationem
863 1880 1263 1950 accesserat,
1285 1878 1305 1907 ‘
1327 1874 1595 1938 solitum
1619 1874 1892 1956 quidem
1920 1875 2273 1954 Britannis,
2303 1874 2730 1940 foeminarum
2791 1939 2798 1951 ,

510 1976 712 2040 ductu
755 1977 1048 2055 bellare,'
1079 1979 1473 2043 testabatur:
1519 1981 1541 2011 ‘
1571 1978 1715 2042 sed¹
1748 1974 1922 2042 tunci
1949 1998 2099 2056 non,
2144 1984 2219 2044 ut
2265 1979 2464 2042 tantis
2511 1976 2728 2062 majo-

567 2169 684 2217 Jam
704 2171 869 2220 aderat
901 2170 1127 2221 Suetonio
1156 2173 1281 2235 legio
1312 2173 1680 2237 quartadecima,
1725 2189 1831 2222 cum
1847 2173 2108 2222 vexillariis
2125 2171 2327 2234 leg-ionis
2346 2170 2603 2231 vicesimae,
2626 2174 2675 2219 et
2707 2185 2732 2219 e

497 2234 640 2284 sociis
658 2235 845 2297 vicinis,
867 2239 929 2286 ad
959 2239 1116 2286 decem
1160 2239 1309 2287 millia
1346 2240 1554 2288 militum
1574 2257 1594 2298 ,·
1623 2255 1729 2288 eum
1749 2239 1925 2288 statuit
1946 2239 2065 2287 nihil
2084 2239 2213 2286 ultra
2244 2237 2440 2297 morari,
2457 2241 2507 2284 et
2546 2235 2730 2285 statim

504 2301 606 2350 acie
626 2301 852 2350 dimicare
867 2319 883 2350 .·
897 2303 1184 2366 assumitque
1204 2319 1423 2366 campum
1432 2309 1639 2366 ang-usto
1655 2305 1812 2366 aditu,
1832 2309 1879 2352 et
1903 2309 2031 2352 retro
2052 2304 2186 2367 sylva
2204 2308 2389 2362 septum
2407 2317 2425 2357 ,·
2456 2301 2586 2349 eatis
2606 2315 2731 2349 cont·

500 2369 657 2430 perto,
698 2368 848 2415 nullos
867 2367 1020 2417 hostes
1061 2382 1193 2428 esse,
1218 2369 1312 2417 nisi
1347 2384 1376 2416 a
1401 2358 1586 2431 fronte,
1605 2374 1652 2418 et
1677 2375 1844 2432 patere
1871 2384 2085 2431 campum
2116 2368 2287 2431 absque
2319 2367 2418 2415 doli
2437 2365 2729 2424 formidine.

508 2432 675 2494 Itaque
691 2431 981 2493 legionarius
1003 2433 1148 2482 miles
1170 2436 1343 2483 multus
1362 2436 1616 2498 deumque
1647 2434 1903 2497 ordinibus,
1934 2433 2113 2483 levi-bue
2134 2449 2190 2482 ac
2220 2431 2509 2493 ferentariis
2544 2433 2728 2481 circum

501 2498 724 2560 stipatus,
745 2504 794 2547 et
814 2500 868 2547 in
904 2499 1121 2548 cornibus
1141 2500 1350 2549 ordinati
1369 2500 1565 2563 equites,
1584 2500 1640 2548 in
1673 2501 1837 2550 aciem
1874 2500 2087 2549 astitere.
2151 2499 2223 2548 At
2240 2500 2481 2547 exereitus
2503 2496 2732 2545 barbaro-

501 2576 609 2612 rum
629 2565 927 2627 undequaque
944 2580 1034 2626 per
1049 2569 1264 2613 catervas
1301 2570 1349 2614 et
1381 2572 1567 2614 turmas
1591 2564 2086 2628 persultabat‚quanto
2115 2578 2351 2626 nunquam
2370 2563 2494 2610 alias
2524 2576 2728 2611 nurnero

499 2627 735 2690 immanis,
757 2634 801 2677 et
818 2634 954 2679 tanta
961 2628 1239 2690 ferocitate,
1261 2635 1314 2678 ut
1332 2645 1486 2679 secum
1506 2631 1653 2681 etiam
1667 2632 1956 2679 adducerent
1972 2643 2161 2690 uxores,
2183 2633 2328 2677 testes
2335 2626 2505 2687 felicis
2519 2642 2726 2691 pugnoe,

501 2692 746 2758 rhedisque
762 2693 1050 2755 inveherent,
1071 2709 1187 2757 quus
1200 2699 1470 2744 statuerant
1492 2697 1555 2744 ad
1571 2694 1789 2744 ultimam
1803 2694 2029 2757 planicici
2049 2709 2197 2743 oram.

568 2755 811 2806 Boudicea
827 2759 1034 2807 vehiculo
1051 2774 1154 2822 prce
1176 2774 1225 2808 se
1242 2758 1408 2819 serens
1423 2760 1582 2824 filiae,
1603 2766 1657 2809 ut
1678 2760 1929 2823 quamlibet
1941 2764 2132 2821 gentem
2152 2758 2385 2820 adiverat,
2398 2755 2696 2820 proedieabat
2710 2772 2728 2804 .-

502 2821 789 2872 Consuesse
806 2824 1016 2887 quidem
1038 2825 1322 2874 Britannos
1349 2826 1483 2873 bella
1507 2840 1691 2889 gerere
1712 2825 1982 2874 mulierum
2006 2824 2222 2889 imperio
2247 2830 2304 2873 et
2337 2821 2607 2885 auspiciis,
2631 2819 2724 2870 sed

1434 2971 1790 2991 ”OOOOOOOOOO

497 3067 503 3075 ‘
571 3069 595 3112 l
632 3063 920 3129 Perperam
945 3066 999 3115 in
1021 3068 1148 3118 Mss.
1169 3073 1226 3118 et
1249 3066 1515 3117 veteribus
1550 3067 1886 3129 editionibus,
1909 3067 2241 3128 vicesimariis,
2264 3075 2353 3116 aut
2375 3064 2724 3127 vigesimariie.

494 3128 906 3180 ‘Vicesimammm
939 3133 1178 3183 meminit
1218 3134 1328 3196 ipse
1349 3132 1724 3181 Tacitus-infra
1763 3148 1881 3197 cap.
1906 3138 1986 3182 37.
2053 3133 2249 3182 Merito
2284 3146 2410 3194 ergo
2458 3129 2725 3179 Acidaliae

502 3202 559 3243 et
601 3195 919 3246 recentiores
965 3197 1325 3260 emendavere‚
1366 3197 1683 3247 vicesimanis.
1738 3199 2065 3247 Brutina—2
2114 3198 2196 3246 lta
2238 3198 2365 3246 Mss,
2407 3197 2544 3246 Flor.
2593 3196 2725 3258 Reg.

496 3259 634 3323 Agr.
655 3260 816 3310 editio
839 3263 1084 3325 princeps
1107 3270 1162 3312 et
1183 3263 1514 3313 recentiores,
1581 3263 1645 3311 In
1668 3263 1798 3314 Mss.
1820 3264 1971 3313 Harl.
1996 3258 2152 3316 Bodit
2169 3262 2276 3313 δοκι.
2300 3270 2355 3310 et
2378 3262 2723 3322 Puteolanus,

503 3327 708 3377 leot—3
743 3328 968 3378 Budens.
984 3329 1214 3391 plaustris
1234 3344 1375 3391 super
1389 3328 1699 3390 imponerent.

563 3396 587 3442 l
628 3392 803 3443 Ursin.
823 3402 878 3443 et
899 3394 1160 3443 Boxhorn.
1183 3393 1468 3458 conjiciunt
1511 3408 1563 3442 ee
1602 3399 1715 3443 tune
1734 3408 1841 3443 non.
1908 3389 2059 3447 Acid.
2100 3393 2181 3441 sed
2216 3394 2384 3441 se.—2
2423 3391 2722 3452 Comei-tum,

1514 3550 1565 3600 N
1569 3549 1725 3599 0⁷1*AE

498 3681 501 3684 ·
569 3657 716 3709 Idem
752 3660 907 3711 etiam
942 3666 1156 3727 reddere,
1177 3663 1314 3729 quod
1344 3663 1570 3713 vicissim
1650 3663 1789 3729 quod
1832 3669 2022 3726 nempe
2050 3662 2175 3712 'sibi
2224 3666 2379 3712 certo
2416 3658 2721 3724 impendere

484 3734 648 3799 dare,
670 3737 823 3787 sicuti
841 3741 977 3803 apud
1001 3749 1242 3791 auctores
1265 3756 1402 3806 saepe
1427 3756 1570 3790 usur·
1651 3740 2035 3804 praevidebant.

496 3820 680 3876 patur,
717 3818 962 3879 resolvere,
1014 3819 1355 3881 pro‘solvere.
1390 3818 1588 3867 Plaut.'
1713 3825 1740 3860 8
1773 3818 1954 3866 Decem
1988 3813 2168 3878 ferme]
2234 3813 2719 3875 Quartadecimani,

496 3888 647 3939 Asin.
673 3894 689 3921 ⁴
716 3893 907 3955 Ecquis
942 3909 1036 3958 pro
1073 3902 1292 3945 vectura
1329 3894 1452 3943 olivi
1492 3908 1567 3943 re·
1650 3894 1906 3944 vexillarii
1953 3893 2277 3950 vicesimarii,
2330 3898 2386 3941 et
2439 3891 2720 3940 auxiliares

502 3965 656 4015 solvit
672 3966 706 4013 ?'
741 3968 968 4019 Pichena.
1650 3971 1800 4019 simul
1835 3970 2008 4029 sumti,
2034 3969 2298 4019 faciebant
2338 3968 2520 4018 decem
2555 3966 2723 4018 ferme

492 4079 501 4090 .
564 4042 850 4107 Reddituri]
912 4048 987 4096 Ut
1022 4048 1109 4111 qui
1151 4048 1298 4097 luere
1335 4056 1389 4097 et
1435 4048 1563 4096 dure
1649 4048 1806 4095 millia
1829 4057 2164 4096 armatorum.
2426 4104 2440 4111 ,

496 4129 681 4180 poenas
707 4121 948 4174 Romanis
967 4124 1082 4172 talis
1118 4121 1361 4173 facinoris
1386 4131 1567 4188 postea
1713 4122 1736 4155 ¹¹
1773 4124 2032 4186 Coniuges]
2059 4124 2162 4171 Pro
2184 4137 2325 4171 more
2341 4115 2744 4172 Germanorum„

495 4192 770 4259 deberent,
810 4204 1054 4262 tanquam
1085 4200 1225 4250 idem
1248 4202 1395 4251 brevi
1427 4206 1569 4263 post·
1649 4206 1706 4251 et
1728 4200 1945 4248 aliorum
1968 4198 2485 4263 Septentrionalium.

501 4267 601 4325 hac
621 4271 822 4335 menri
851 4275 1160 4339 supplicium
1199 4285 1294 4329 aut
1333 4277 1571 4342 exitium,
1714 4274 1733 4329 ¹.
1758 4271 1860 4326 Sea
1877 4274 2014 4348 tune]
2043 4274 2132 4330 Sic
2152 4273 2430 4344 intellige)
2459 4271 2559 4325 sed
2592 4275 2713 4328 mne
