3063 4952
331 394 595 469 ›lac-¹4⁵⁰]
700 347 706 353 “
1001 386 1414 461 ausanium
1466 387 1616 443 ms.
1665 386 1826 440 xiv.
2351 373 2536 469 ¹,1669

327 538 567 617 visum,
612 555 698 601 ne
739 540 1044 618 utraque,⁵
1089 533 1519 619 pervinceret,
1567 534 1848 603 alterum
1897 534 2286 607 concedere:
2324 539 2536 610 ‚clau-

333 660 609 724 sumque
641 639 815 705 valle
840 637 1177 707 Vaticana
1202 637 1537 720 spatium:
1561 638 1631 702 in
1660 628 1798 721 quo
1827 657 2035 722 equos
2063 646 2331 723 regeret,
2356 639 2544 715 haud*

324 745 701 828 promiscuo
741 741 1146 825 spectaculo.
1206 737 1410 802 ·Mox
1438 740 1614 805 ultro
1642 740 1870 806 vocari
1925 740 2232 824 Populus
2280 742 2539 808 Roma-

324 866 476 927 nus,
499 841 972 928 laudibusque⁶
1001 844 1373 922 extollere,¹¹
1398 850 1479 907 ut
1515 849 1620 909 est
1642 844 1887 927 vulgus
1917 846 2199 930 cupiens
2226 833 2538 932 volupta-

326 940 492 1029 tum,
510 953 603 1027 et,
654 949 713 1013 si
748 948 1006 1014 eodem⁷
1035 947 1361 1032 Princeps
1407 948 1646 1026 trahat,
1672 947 1942 1014 laetum.
2019 948 2325 1015 Ceterum
2355 947 2541 1021 evul-

322 1042 556 1136 'gatus‘
589 1050 809 1135 pudor
835 1070 967 1114 non
999 1053 1394 1127 satietatem,
1421 1056 1497 1116 ut
1538 1053 1876 1131 rebantur,
1905 1052 2021 1116 sed
2052 1054 2542 1127 incitamentum
2621 1120 2626 1121 ff

332 1156 581 1285 attulit.
699 1154 1049 1239 Ratusque
1101 1153 1392 1219 dedecus
1436 1154 1752 1235 amoliri,⁹
1809 1156 1870 1221 si
1915 1156 2140 1240 plures
2198 1155 2541 1237 foedasset,

315 1380 528 1432 5&oeae
547 1387 599 1431 et
620 1382 812 1432 Burrlw
828 1379 1028 1444 placuit,
1046 1381 1249 1430 alterum
1261 1380 1559 1444 permittere,
1566 1396 1640 1431 ne
1670 1381 1723 1431 in
1744 1385 1993 1445 utrumque
2013 1382 2064 1431 rt
2083 1382 2392 1446 irrumperet.
2422 1378 2548 1433 einc-

309 1488 314 1495 .
333 1451 525 1510 tumque
546 1449 598 1496 in
616 1448 735 1496 ualle
766 1448 994 1497 Vaticana
1014 1448 1241 1508 spatium,
1262 1461 1352 1510 quo
1370 1447 1621 1510 quadrigis
1654 1446 1911 1509 insisteret,
1929 1463 2024 1496 non
2039 1448 2269 1510 permissa
2284 1449 2549 1511 promiscue

333 1514 578 1576 spectandi
599 1513 750 1575 copia.
816 1512 949 1562 Dein
966 1512 1092 1560 ultro
1114 1511 1313 1560 invitari
1336 1513 1498 1575 coepit
1519 1513 1717 1576 populus
1741 1512 1899 1573 Rom„
1927 1512 2008 1575 qui
2031 1517 2079 1562 et
2100 1513 2316 1561 laudibus
2329 1513 2549 1563 evehebat

333 1577 647 1642 principem,
664 1581 720 1627 ut
738 1581 807 1626 est
830 1577 1267 1626 oblectamentorum
1289 1577 1459 1639 cupida
1476 1577 1733 1641 plebecula,
1756 1578 2024 1641 gaudetque
2054 1578 2097 1627 si
2117 1579 2275 1628 eodem
2294 1579 2431 1627 ducat
2461 1579 2552 1628 im·

332 1648 546 1706 perator.
618 1643 840 1692 Ceterum
863 1641 1102 1705 publicata
1124 1642 1285 1690 semel
1307 1642 1605 1705 verecundia,
1622 1657 1715 1691 nou
1737 1643 1812 1691 illi
1834 1658 1984 1693 seem
2028 1643 2257 1693 astutiam
2277 1643 2476 1707 creauit,
2494 1648 2551 1693 ut

339 1708 679 1758 mussabant
697 1707 951 1771 magistri,
957 1708 1053 1756 sed
1072 1706 1440 1757 irritamentum.
1498 1708 1571 1757 Et
1585 1713 1763 1772 puaus
1781 1707 2090 1771 ignominiam
2113 1723 2145 1758 a
2165 1723 2222 1758 se
2242 1708 2553 1812 depellet-esti

1268 1871 1625 1892 OOOOOOOOOOO

345 1987 480 2038 ⁵Sic
498 1987 608 2038 Ms.
624 1987 764 2037 Flor.
780 1985 938 2036 editio
962 1986 1228 2064 princeps,
1244 1984 1477 2036 Pichena
1493 1991 1551 2037 et
1572 1988 1911 2040 recentiores.
1964 1988 2051 2040 Sic
2075 2004 2281 2054 quoque
2300 2003 2414 2039 eme
2427 1988 2557 2039 nda-

344 2061 452 2104 tum
478 2053 535 2102 in
559 2053 661 2102 Ms.
687 2053 838 2102 Harl.
905 2050 978 2101 At
1001 2051 1165 2115 prima
1187 2066 1361 2113 mann,
1381 2056 1599 2115 utroque,
1632 2060 1692 2103 nt
1735 2054 1789 2105 in
1831 2056 1959 2105 Mss.
1980 2055 2131 2105 Bodl.
2165 2056 2279 2107 Jes.
2302 2052 2478 2106 Guelf.
2500 2060 2558 2106 et

344 2110 664 2169 Puteolanus
668 2122 780 2168 .—6
801 2116 890 2166 Sic
909 2119 1037 2167 Mes.
1059 2118 1198 2167 Flor.
1217 2118 1370 2168 Harl.
1392 2114 1571 2167 Guelf.
1595 2119 1757 2169 editio
1773 2120 2038 2184 princepe,
2053 2120 2288 2170 Pichena
2304 2126 2360 2169 et
2378 2135 2559 2171 recen·

348 2185 527 2234 tiores.
592 2183 915 2233 Puteolanus
939 2183 1183 2232 omiserat
1189 2198 1325 2247 ,que.
1327 2186 1423 2232 -7
1457 2182 1546 2232 Ita
1583 2184 1839 2235 editiones
1879 2191 2089 2235 veteres
2128 2192 2183 2235 et
2222 2185 2558 2236 recentiores.

346 2249 645 2312 RhenanuS,
661 2253 831 2299 eo.—8
863 2248 949 2297 Sic
972 2247 1134 2297 editio
1157 2249 1422 2311 princeps,
1441 2247 1721 2299 Rhenanus
1750 2256 1806 2300 et
1828 2250 2162 2300 recentiores.
2227 2250 2562 2316 Puteolanus,

320 2316 596 2378 uulgatum·
660 2312 797 2390 quod
839 2314 1046 2365 Mureto
1083 2313 1327 2389 placebat
1386 2313 1551 2389 magis
1557 2319 1671 2364 .-9
1723 2315 1914 2365 Molliri
1981 2316 2255 2366 Brotierus
2293 2330 2408 2366 cum
2453 2315 2562 2366 Ho-

312 2394 529 2437 ,ιιιειο.
589 2386 645 2428 et
686 2379 760 2428 ita
792 2378 896 2429 Ms.
939 2379 1091 2428 Bodl.
1135 2378 1295 2428 editio
1334 2377 1582 2443 princeps
1622 2386 1679 2430 et
1710 2382 2044 2431 recentiores.
2129 2380 2192 2429 In
2225 2381 2369 2432 Mes.
2418 2382 2562 2431 Flor.

353 2444 486 2512 Reg.
509 2445 621 2496 Jes.
645 2444 798 2495 Harl.
820 2444 992 2494 moliri.
1059 2443 1124 2494 ln
1142 2445 1249 2494 Ms.
1275 2443 1424 2495 Harl.
1448 2445 1796 2509 emendatum,
1809 2446 2000 2497 molliri.
2054 2445 2397 2511 Puteolanus,
2416 2447 2561 2496 amol-

348 2512 448 2577 liri,
483 2511 621 2561 unde
656 2510 770 2560 aliis
809 2509 1161 2574 emendatum,
1196 2509 1401 2561 amoliri.
1468 2510 1626 2565 Quod
1666 2511 1823 2561 miror
1866 2513 1947 2575 Cl.
1978 2513 2255 2562 Ernestum
2294 2484 2559 2578 probasse.

1241 2753 1249 2761 ,
1352 2653 1570 2740 NorAE

405 2826 432 2855 ³
470 2821 608 2873 Valle
634 2821 867 2872 Vaticana
894 2817 1124 2885 spatium]
1173 2819 1345 2870 Credo
1367 2819 1423 2870 id
1502 2823 1601 2887 cis,
1636 2824 1888 2890 religione
1909 2825 2148 2876 arborem
2172 2823 2284 2889 jam
2309 2831 2433 2876 tunc
2458 2824 2567 2890 dig·

354 2915 385 2949 a
404 2899 579 2950 Plinio
614 2900 852 2950 denotari
882 2899 1191 2950 l.xxxv1.‘
1216 2898 1423 2949 Tertius
1502 2917 1622 2952 nam
1640 2901 1798 2960 fnisse
1815 2902 2105 2969 significat!

353 2977 610 3028 obeliscus
634 2977 812 3026 Romae
852 2962 904 3025 in
928 2975 1204 3075 Vaticano,
1227 2976 1341 3025 Caii
1364 2990 1425 3025 ac
1568 2979 1848 3030 Vaticanus
1864 2980 2053 3034 nobilis
2069 2980 2191 3030 olim
2210 2973 2447 3044 sepulcro
2465 2979 2573 3030 Sci·

355 3054 584 3105 Neronis
607 3053 902 3117 principum
924 3051 1099 3102 circo?
1163 3052 1409 3116 Lipsiuss
1506 3056 1694 3122 pionis,
1716 3072 1871 3123 nunc,
1883 3072 2095 3121 insigms
2119 3057 2452 3108 Bibliotheca
2467 3056 2572 3106 Va-

425 3130 685 3202 Vaticana]
717 3130 999 3179 Vaticanus
1035 3143 1180 3178 mons
1213 3135 1267 3179 et
1292 3144 1428 3179 cam·
1505 3135 1702 3198 ticana,
1738 3137 1932 3201 palatio
1969 3142 2026 3187 et
2064 3136 2224 3188 hortis
2262 3133 2573 3198 Pontificiis,

355 3223 452 3273 pus
476 3213 628 3258 extra
663 3207 852 3256 moenia
883 3208 1062 3257 Romae
1101 3207 1350 3273 antiquae,
1373 3211 1430 3257 et
1510 3219 1566 3263 et
1585 3213 1814 3264 Basilica
1834 3215 1886 3264 S.
1911 3213 2079 3264 Petri.

322 3293 325 3294 ’
354 3287 408 3336 in
431 3285 649 3350 regione
670 3284 871 3335 decima
902 3291 1088 3349 quarta
1109 3285 1266 3336 urbis.
1322 3286 1432 3335 Ho-

320 3374 328 3380 ·
356 3364 444 3413 die
471 3377 592 3427 pars
614 3361 835 3426 regionis
859 3362 1044 3424 Borgo,
1076 3361 1130 3411 in
1171 3368 1323 3426 parte
1348 3376 1432 3412 oc-

357 3441 610 3491 cidentali
643 3441 822 3490 Romae
845 3438 1128 3490 modernae.
1181 3441 1427 3490 Rllemon.

429 3527 690 3591 Vaticana]
710 3528 878 3578 Trans
897 3528 1123 3579 Tiberim
1142 3527 1286 3578 collis
1307 3528 1430 3579 olim

358 3625 463 3661 non
502 3608 781 3672 habitatus,
815 3602 914 3657 n'ec
953 3607 1021 3656 ad
1054 3607 1237 3657 urbem
1273 3605 1435 3671 perti-

360 3691 496 3744 nuit.
580 3690 787 3741 Nomen
823 3688 1026 3752 habuit,
1062 3689 1147 3738 vel
1186 3704 1217 3737 a
1256 3686 1435 3738 vatici-

363 3770 483 3834 niis,
504 3761 666 3820 *vela
702 3769 821 3818 Deo
854 3767 1113 3826 Vaticano
1148 3782 1241 3817 seu
1275 3767 1434 3832 Vagi-

365 3855 507 3898 tano.

390 3912 396 3919 ⁵
431 3923 625 3975 Sextus
664 3921 946 3984 Pompeius
985 3921 1187 3984 scribit,
1219 3916 1436 3972 Vatica-

326 4055 331 4060 ,
366 4015 490 4052 num
512 4000 697 4050 collem
733 3999 1051 4063 appellatum
1081 3998 1264 4063 fuisse,
1298 4000 1438 4065 quod

369 4092 432 4128 eo
467 4075 668 4141 potitus
706 4071 785 4123 sit·
815 4075 1032 4138 populus
1068 4076 1221 4125 Rom.
1256 4080 1440 4125 'vatum

346 4168 636 4218 responso,
658 4152 889 4216 expulsis
913 4151 1162 4203 Etruscis.
1215 4154 1288 4202 Et
1302 4157 1442 4202 teste

349 4230 516 4299 >Plin.
564 4230 582 4259 ⁴
613 4228 889 4279 Vetustior
926 4228 1057 4279 urbe
1090 4230 1152 4292 ,in
1185 4228 1444 4279 Vaticano

375 4308 577 4377 llex,in
591 4322 701 4375 qua
718 4307 899 4359 titulus
918 4307 1067 4360 aereis
1082 4299 1248 4362 literis
1266 4307 1446 4380 Etrus·
1465 4326 1485 4361 ρ

1574 3298 1599 3324 ¹¹
1630 3292 1956 3356 laudibusque
1972 3290 2216 3353 extollere]
2248 3291 2453 3355 Nempe
2483 3305 2574 3354 po·

1512 3369 1667 3434 pulus
1689 3369 1838 3420 Rom.
1870 3369 2173 3432 vocabatur,
2209 3368 2574 3434 Neronemque

1513 3445 1751 3496 laudibus
1773 3447 2082 3509 extollebat,
2112 3447 2164 3496 in
2187 3447 2372 3512 quibus
2390 3448 2577 3511 praeci-

1507 3538 1641 3587 puna
1663 3524 1871 3573 satelles
1889 3523 2155 3586 Vitellius,
2190 3529 2327 3574 teste
2360 3524 2577 3578 Sueten.

1511 3601 1670 3652 vitel.
1683 3605 1733 3653 4.
1756 3601 1772 3630 ‘
1783 3600 2065 3667 Aliquanto
2079 3601 2278 3652 Neroni
2293 3602 2581 3668 acceptior,
2598 3608 2601 3612 ’

1512 3693 1632 3730 cum
1654 3685 1871 3744 propter
1887 3680 2069 3730 eadem
2086 3680 2218 3744 haec,
2233 3680 2467 3747 (nempe,
2491 3696 2581 3729 au-

1512 3755 1716 3819 rigandi
1734 3764 1791 3806 et
1809 3758 1935 3807 aleae
1959 3756 2234 3822 studium,)
2254 3764 2364 3807 tum
2387 3756 2583 3828 peculi-

1515 3834 1592 3885 ari
1605 3833 1793 3884 merito
1810 3851 1823 3883 ι
1860 3834 1997 3899 quod
2011 3834 2296 3899 praesidens
2312 3833 2584 3884 certamini

1516 3914 1762 3964 Neroneo
1793 3914 2091 3978 cupientem
2112 3914 2251 3963 inter
2271 3912 2585 3964 citharoedos

1517 3991 1854 4055 contendere,
1868 4005 1965 4041 nec
1986 3988 2218 4055 quamvis
2236 3987 2585 4052 flagitantibus

1521 4068 1722 4119 cunctis
1758 4068 2064 4131 promittere
2100 4066 2395 4128 audentem,
2441 4065 2585 4116 ideo·

1525 4160 1626 4211 que
1667 4159 1930 4209 egressum
1976 4143 2179 4194 theatro
2229 4148 2587 4206 revocaverat,

1524 4221 1672 4288 quasi
1710 4221 2093 4287 perseverantis
2115 4221 2293 4288 populi
2327 4211 2588 4288 legatione

1521 4298 2220 4369 suscepta„exorandurnque
2254 4294 2591 4365 praebueratl
