3063 4952
377 434 432 488 J.
455 437 516 487 c.
541 434 652 499 σι]

1087 427 1184 476 ΑΝ
1200 427 1497 476 NALmM
1548 428 1691 475 1218.
1741 427 1905 476 xlv.

2407 413 2535 480 1⁷7
2547 413 2585 478 l

291 593 307 612 '
376 578 599 660 plures
640 596 915 641 numero
944 575 1065 640 tuti
1086 583 1135 655 ;'
1175 575 1473 639 Thrasea
1510 583 1697 640 sueta
1722 574 2115 639 firmitudine
2145 576 2369 654 animi,
2398 582 2462 640 et
2498 596 2583 638 ne

381 680 600 759 gloria
625 679 1058 745 intercideret.

464 784 577 848 50.
623 784 828 847 Haud
883 783 1133 866 dispari
1195 783 1466 847 crimine
1520 780 1916 847 Fabricius'
1947 781 2253 845 Veiento¹
2312 781 2582 847 conflic-

377 890 561 950 tatus
604 895 724 964 est,
772 892 792 919 ‘
817 886 1026 970 quod²
1071 887 1279 950 multa
1328 892 1396 949 et
1452 887 1782 968 probrosa
1831 886 1900 948 in
1949 885 2182 951 Patres
2234 895 2299 949 ct
2346 886 2582 949 Sacer·

377 986 600 1052 dotes¹
631 989 1138 1072 composuisset,
1187 988 1275 1051 iis
1302 987 1513 1065 libris,
1559 989 1800 1070 quibus
1850 1008 2085 1053 nomen
2142 986 2585 1052 (lodic-illorum

375 1088 695 1156 dederat.'
710 1099 739 1137 5

842 1090 1224 1176 Adjiciebat
1248 1091 1513 1155 Talius³
1546 1091 1891 1170 GeminuS‚
1923 1099 2309 1159 accusator:
2376 1096 2396 1125 ‘
2427 1111 2584 1155 ven-

372 1280 669 1336 cemeroent,
712 1275 965 1340 reliqua-e:
994 1291 1121 1339 pars,
1144 1291 1202 1325 ne
1231 1277 1528 1324 crederentur
1565 1275 1830 1338 exposuisse
1858 1276 1965 1324 odio
2000 1276 2253 1336 (ἔσσεται,
2283 1275 2441 1339 ’,ἱνα
2459 1272 2588 1336 freti

371 1338 701 1399 multitudine,
722 1341 927 1389 Thrasea
941 1342 1081 1390 solita
1101 1343 1388 1401 constantia,
1408 1345 1455 1389 et
1478 1356 1535 1389 ne
1556 1343 1695 1389 decus
1710 1341 1984 1399 autsamnm
2003 1344 2259 1389 amitteret.

439 1403 694 1452 Fabricius
712 1405 903 1455 Veiento
914 1407 1060 1455 simili
1071 1406 1364 1455 accusatione
1375 1406 1649 1466 exagitatus
1660 1411 1750 1466 est,
1760 1407 1916 1470 quod,
1932 1420 2110 1468 nempe,
2123 1404 2418 1467 scripsisset
2428 1403 2586 1468 pluri·

372 1483 459 1516 ma
491 1477 547 1518 et
568 1472 939 1521 contumeliosa
978 1471 1222 1520 adversus
1248 1477 1509 1519 senatores
1534 1472 1931 1535 sacerdotesque
1950 1471 1999 1518 in
2031 1473 2091 1518 iis
2115 1470 2272 1528 libris,
2295 1485 2417 1534 quos
2448 1470 2589 1517 Codi-

369 1534 509 1581 eillos
522 1536 838 1598 appellabat.
882 1536 1099 1586 Addebat
1126 1537 1286 1585 Tulin-3
1310 1536 1540 1584 Geminus
1559 1537 1761 1598 delator,
1786 1534 2081 1585 venditasse
2104 1535 2245 1584 illum
2265 1534 2403 1584 dona
2419 1535 2587 1584 Caesa-

1309 1683 1667 1703 OO‘OOOOOOOO‘

442 1784 469 1827 l
508 1779 645 1830 Bud.
673 1782 999 1844 Vegeneo.—2
1023 1785 1168 1834 Bene
1205 1786 1439 1836 Pichena
1459 1789 1585 1850 quod
1620 1786 1768 1834 multa
1793 1798 1822 1832 e
1846 1784 1946 1833 Ms.
1969 1783 2105 1833 Flor.
2132 1795 2225 1844 pro
2248 1780 2330 1844 qui
2367 1795 2430 1828 m.
2496 1777 2583 1827 Sic

377 1847 540 1893 etiam
566 1846 651 1894 ed.
677 1862 757 1911 pr.
797 1850 901 1898 Ms.
927 1849 1117 1913 (Bud.)
1148 1850 1327 1900 Guelf.
1368 1853 1663 1901 Emesa—3
1704 1851 1770 1900 In
1792 1851 1894 1900 Ms.
1920 1849 2057 1912 Reg.
2084 1847 2280 1897 Tullium.
2345 1846 2585 1894 Muretus

375 1912 557 1959 maliet
597 1912 653 1960 T.
688 1914 864 1976 Allius,
899 1915 1033 1978 quod
1057 1916 1232 1978 placet
1266 1918 1493 1981 Ryckio‚
1517 1915 1799 1980 proferenti
1822 1930 1887 1964 ex
1912 1915 2067 1963 inser.
2091 1919 2292 1970 vetere,
2317 1910 2381 1966 Q.
2405 1908 2585 1960 Allium

373 1975 521 2025 Mox.
562 1977 822 2028 Consulem.
909 1980 1067 2029 Certe
1104 1982 1153 2029 in
1193 1982 1618 2046 inscriptionibus
1658 1982 1922 2031 veteribus
1957 1978 2202 2044 frequens
2225 1975 2478 2026 Alliorum
2499 1988 2591 2033 uoq

1373 2130 1592 2180 NOTAE

440 2247 464 2272 v
501 2241 671 2291 Plures
690 2258 880 2293 numero
912 2243 1033 2308 tuti]
1092 2247 1231 2295 Hist.
1256 2247 1347 2295 lib.
1375 2261 1439 2295 11.

373 2316 390 2343 ⁴
418 2318 589 2366 Nemo
633 2320 871 2381 privatim
918 2322 1163 2385 expedito
1208 2322 1440 2384 consilio,

374 2394 514 2442 inter
537 2395 727 2445 multos
772 2400 1025 2450 societate
1050 2402 1217 2465 culpae
1245 2401 1443 2452 tutior!

442 2480 475 2503 '¹
511 2472 760 2523 Fabricius
781 2475 994 2542 Veiento]
1019 2480 1155 2529 Puto
1175 2480 1314 2529 illum
1328 2495 1441 2529 esse

378 2549 468 2615 qui
492 2549 560 2600 A.
585 2550 857 2602 Fabricius
879 2555 1040 2605 Dioni
1079 2557 1301 2606 dicitur}
1338 2557 1445 2623 qui·

376 2642 479 2691 que
531 2636 746 2692 praetor,
790 2646 946 2680 canes
1003 2633 1334 2683 Circensibus
1380 2635 1442 2684 ad

376 2718 563 2753 currus
584 2704 821 2768 adjunxit
846 2722 941 2771 pro
966 2709 1131 2773 equis.
1197 2711 1409 2774 Lipsius.

442 2788 469 2813 ¹
505 2781 566 2831 Iu
591 2782 764 2832 Patres
793 2790 837 2832 et
863 2784 1160 2848 Sacerdotes]
1192 2786 1343 2834 Pacis
1369 2787 1442 2834 in·

377 2856 586 2919 terfuit,
610 2865 665 2907 et
689 2874 718 2907 e
742 2858 995 2923 dignitate
1028 2862 1205 2924 populi
1229 2863 1443 2911 Romani

377 2948 439 2982 ac
483 2933 734 2998 principis
768 2934 888 2998 fnit,
934 2937 1065 2986 tales
1104 2940 1444 2989 contumelias

375 3010 601 3060 famosas
641 3012 934 3075 prohibere.
999 3012 1143 3063 Alias
1185 3016 1233 3064 id
1276 3018 1444 3079 prohi-

377 3089 564 3151 bitum,
601 3104 720 3138 cum
754 3092 1000 3141 adversus
1034 3093 1257 3157 insignes
1281 3092 1444 3143 foemi·

377 3180 472 3214 nas
517 3166 704 3215 similia
740 3167 932 3229 probra
965 3168 1196 3231 jactaret
1234 3170 1442 3234 publice

378 3243 616 3291 Romana
636 3244 922 3306 plebecula.
947 3246 1333 3310 Quanto'magis
1353 3262 1438 3296 co·

376 3317 549 3368 ‘e‘rceri
566 3320 618 3367 id
644 3320 844 3381 debuit,
866 3322 1110 3371 adversus
1145 3323 1441 3372 sacerdotes

377 3402 699 3460 patresque:
733 3397 834 3446 hoc
872 3405 1044 3448 tamen
1087 3413 1243 3448 unum
1283 3400 1443 3447 habet

378 3474 542 3522 telum
567 3474 768 3536 vulgus,
782 3489 880 3538 qno
901 3476 1222 3537 potentiores
1240 3476 1444 3540 legibus

375 3564 626 3612 proceres
650 3551 945 3601 ulciscatur.

442 3632 466 3666 1
491 3625 676 3674 Nomen
698 3627 1025 3676 Codicillorum
1045 3627 1260 3690 dederat]
1283 3629 1444 3690 Noto,

373 3700 545 3750 fuisse·
560 3716 774 3764 morem,
808 3711 865 3752 ut
889 3705 938 3752 in
979 3707 1304 3772 testa-[nentis
1326 3722 1445 3756 con·

374 3778 517 3826 vicia
540 3778 778 3841 quaedam
796 3789 851 3829 et
881 3781 1069 3843 probra
1090 3781 1299 3831 liberius
1322 3783 1446 3832 scri-

374 3856 600 3905 berent:
653 3872 769 3920 quae
809 3863 929 3905 ante
968 3857 1260 3921 Augustum
1299 3859 1445 3908 inob-

376 3939 592 3982 servata
628 3940 683 3982 et
722 3933 984 3996 permissa.
1050 3934 1284 3998 Scilicet,
1323 3936 1446 4001 quia

374 4012 633 4075 supremis
669 4012 767 4060 illis
809 4013 995 4062 tabulis
1019 4020 1076 4062 et
1115 4015 1231 4064 voci
1271 4015 1445 4066 danda

378 4088 657 4138 videbatur
671 4089 848 4152 aliqua
865 4090 1097 4139 libertas.

446 4167 687 4215 Fraenum
709 4165 920 4229 injicere
945 4175 1155 4216 senatus
1192 4171 1444 4234 voluerat,

374 4244 468 4294 sed
493 4244 584 4292 ille
606 4242 743 4292 idem
779 4243 1042 4308 princeps,
1077 4252 1134 4293 ut
1169 4246 1443 4296 Suetonius

376 4320 472 4384 ait,
506 4324 521 4348 ‘
542 4318 609 4369 de
639 4319 917 4370 inhibenda
934 4326 1362 4373 testamentorum
1383 4323 1441 4373 li-

1519 2246 1709 2307 eentia,
1732 2260 1796 2295 ne
1831 2251 2042 2294 senatus
2082 2241 2356 2308 quicquam
2395 2239 2586 2289 consti·

1519 2329 1710 2381 tueret,
1751 2321 2077 2372 intercessit!
2176 2321 2253 2368 Ea
2294 2316 2430 2367 enim
2475 2331 2586 2380 ger-

1519 2415 1667 2449 mana
1691 2399 1871 2459 lectio,
1886 2413 2130 2463 germana
2150 2411 2294 2445 mens
2317 2396 2424 2459 ejus
2445 2394 2581 2445 loci:

1520 2493 1643 2539 non,
1667 2485 1726 2527 ut
1750 2478 1827 2527 vir
1849 2476 2032 2527 doctus
2061 2473 2344 2535 substituit,
2365 2488 2586 2521 scomma-

1519 2559 1689 2604 lorum.

1587 2630 1840 2693 Exempla
1871 2628 1923 2677 in
1957 2626 2135 2677 Tacito
2171 2624 2378 2688 passim,
2413 2622 2476 2671 de
2501 2621 2586 2681 iis,

1521 2708 1607 2773 qui
1629 2708 1883 2771 supremis
1905 2704 2093 2755 tabulis
2117 2703 2280 2750 multa
2315 2698 2512 2749 atrocia
2532 2698 2584 2748 in

1521 2786 1844 2843 Macronem,
1866 2783 1918 2831 iu
1940 2780 2198 2831 Tiberium
2235 2778 2463 2841 aliosque
2497 2788 2587 2840 po-

1520 2869 1692 2912 tentes
1718 2859 2121 2923 composuerint.

1586 2940 1701 2989 Hoc
1747 2937 1985 3001 exemplo
2027 2950 2169 2998 ergo,
2206 2931 2586 2981 maledicentiae

1520 3033 1626 3066 suae
1651 3030 1842 3066 cavens
1861 3015 2102 3075 Veiento,
2120 3011 2386 3074 inscripsit
2408 3008 2587 3072 opicos

1517 3103 1573 3144 et
1595 3109 1740 3144 oscos
1766 3107 1852 3142 eos
1877 3091 2055 3150 libros,
2079 3088 2376 3139 Codicillos.
2412 3086 2552 3149 Lips-

1590 3169 1949 3232 Codicillorum]
2000 3169 2200 3216 Dicunt
2218 3164 2424 3213 licuisse
2447 3163 2590 3211 inve·

1520 3248 1643 3296 here
1676 3248 1865 3309 probra
1887 3252 1942 3293 et
1966 3241 2304 3293 contumelias
2343 3241 2395 3287 in
2432 3245 2588 3288 testa-
2613 3307 2618 3311 .

1520 3331 1714 3384 menta,
1736 3337 1826 3371 seu
1864 3321 2151 3378 codicillos»,
2176 3318 2424 3366 adversus
2447 3316 2587 3380 prin-

1521 3401 1688 3463 cipem
1713 3405 1768 3447 et
1791 3397 1917 3446 alios
1937 3412 1951 3455 ;
1997 3393 2136 3459 quod
2160 3409 2262 3442 non
2288 3394 2457 3442 vetuit
2479 3391 2589 3442 Au-

1519 3484 1721 3540 gustus,
1760 3489 1860 3523 nou
1904 3471 2039 3539 quod
2079 3471 2374 3519 libertatem
2411 3470 2600 3528 vellet,-

1520 3553 1610 3601 sed
1640 3552 1915 3601 veritatem
1961 3549 2228 3610 toleraret,
2247 3553 2307 3596 ut
2347 3546 2433 3611 qui
2466 3560 2589 3595 con·

1518 3630 1751 3680 scientiae
1791 3634 1847 3677 et
1887 3624 2251 3676 dominationis
2285 3629 2419 3673 esset
2440 3637 2586 3671 secu-

1520 3721 1625 3755 rus.

1587 3782 1746 3831 Forte
1769 3779 2035 3829 Fabricius
2065 3778 2160 3826 bac
2184 3777 2251 3826 de
2268 3791 2424 3826 causa
2446 3777 2587 3826 Codi-

1518 3860 1651 3908 cillos
1682 3858 1899 3907 vocavit.
1966 3854 2214 3904 Attamen
2251 3853 2403 3901 video
2439 3868 2588 3917 quos·

1522 3949 1740 3999 cumque
1780 3932 1982 3982 libellos
2011 3932 2087 3980 sic
2123 3929 2276 3978 etiam
2312 3928 2586 3990 appellari.

1526 4015 1640 4063 Nec
1678 4011 1817 4060 forte
1857 4011 1955 4057 hoc
1995 4009 2110 4056 loco
2144 4005 2345 4053 codicilli
2381 4004 2476 4065 illi,
2506 4019 2589 4052 su-

1522 4105 1714 4154 premae
1758 4086 1966 4146 tabulae,
2005 4082 2097 4133 sed
2133 4088 2336 4131 tautum
2386 4081 2590 4130 codicilli

1521 4168 1736 4217 fuerunt
1768 4162 2088 4220 indistinete,
2110 4159 2199 4225 qui
2233 4165 2375 4209 certe
2399 4158 2509 4208 veri
2528 4159 2592 4209 li-

1524 4244 1605 4296 bri
1628 4243 1858 4294 suerunt.
