3063 4952
472 381 653 468 kffiffi

1168 394 1238 450 Β.
1265 387 1645 463 ,CORNELII
1690 387 1958 454 'uomit

2369 382 2691 459 [Αιυῑιῶ.

1483 587 1706 660 No’rze

482 726 538 782 in
576 731 799 792 patrem.
863 726 984 784 Non
1022 731 1353 790 procurasset
1389 723 1547 789 adop-

485 806 587 855 tari
609 812 665 855 et
687 804 935 855 substitui
970 804 1082 868 ejus
1116 806 1231 853 loco
1265 803 1551 865 Neronem,

483 897 588 935 non
622 883 902 933 occidisset
940 882 1231 944 Claudiurn,
1257 896 1406 950 quem
1430 880 1549 929 ideo

484 965 687 1010 tantum
710 958 1001 1024 interfecit,
1024 974 1088 1009 ne
1126 961 1235 1024 ipsa
1258 958 1550 1023 depellere·

478 1043 574 1091 ⁴tur
611 1039 730 1087 aula
758 1045 812 1087 et
851 1038 1020 1101 rebus,
1050 1045 1107 1088 et
1145 1053 1210 1089 ne
1249 1037 1550 1103 principatu

485 1114 855 1164 excluderetur
879 1115 1041 1166 Nero.

550 1191 651 1241 His
697 1192 998 1256 suppositis,
1039 1193 1208 1256 potuit
1256 1192 1551 1256 Agrippina

485 1269 680 1333 vivere,
702 1269 982 1318 Britannico
1013 1272 1223 1333 potiente
1258 1286 1448 1320 rerum.-
1493 1277 1550 1319 et

476 1348 573 1412 ,ino
596 1347 774 1397 eodem
799 1348 1052 1411 principe,
1066 1349 1267 1397 veniam
1306 1347 1554 1412 consequi

485 1425 698 1474 aliorum
722 1424 1013 1485 criminum,
1049 1440 1162 1488 quae
1200 1430 1555 1488 perpetrasset

487 1501 622 1566 ipsa,
650 1500 855 1550 tuendae
881 1500 1242 1550 dominationis
1279 1517 1454 1561 causa,
1478 1508 1556 1550 et·

489 1579 530 1627 si
556 1594 682 1644 qnos
704 1578 982 1629 occidisset
1018 1580 1082 1627 ob
1112 1581 1554 1643 propinquitatem

482 1656 783 1717 ‚Caesarum3
819 1656 1061 1718 quiahaec
1078 1657 1139 1704 ad
1164 1657 1390 1718 privatos
1409 1669 1556 1718 quos-

483 1727 739 1795 ‚damss'mn
758 1732 821 1788 ad
834 1733 1192 1802 Britannicum
1208 1732 1522 1795 spectabant
1537 1747 1551 1791 ;

488 1824 538 1859 v.
583 1825 628 1860 c.
667 1811 836 1860 caedes
874 1810 1180 1872 Silanorum,
1218 1817 1307 1859 aut
1342 1809 1555 1858 aliorum

491 1887 747 1947 similium,
771 1903 885 1951 quae
920 1887 1046 1936 nihil
1085 1887 1310 1950 praecisc
1334 1887 1397 1935 ad
1423 1887 1555 1935 salu-

466 1977 470 1981 ‘
493 1971 597 2015 tem
623 1964 911 2015 Britannici
926 1954 1284 2028 pertinebant,
1297 1972 1387 2014 aut
1411 1970 1557 2015 certe

490 2056 593 2091 non
618 2043 691 2091 illi
733 2041 1045 2091 auferebant
1082 2042 1447 2105 principatum,
1467 2043 1558 2091 im·

491 2133 574 2168 mo
599 2133 714 2168 eum
739 2118 1090 2178 stabiliebant,
1120 2118 1378 2168 nobilibus
1402 2135 1559 2169 aemu-

482 2195 574 2265 ”⁸⁵
599 2205 654 2245 et
678 2197 762 2261 qui
786 2196 1042 2246 rebellare
1077 2187 1303 2261 possent,
1327 2197 1558 2249 sublatis·

555 2266 693 2337 Ergo
735 2274 808 2323 sic
865 2281 1099 2338 poteram
1136 2275 1331 2337 vivere,
1392 2276 1561 2341 inquit

492 2349 805 2415 Agrippina,
828 2351 1113 2400 Britannico
1149 2352 1359 2415 potiente
1378 2368 1554 2404 rerum.

492 2428 564 2479 At
600 2430 642 2479 si
670 2430 885 2494 Plautus,
921 2435 1002 2479 aut
1025 2430 1131 2494 qm's
1151 2431 1291 2494 alius,
1325 2430 1555 2495 Rempub.

491 2507 770 2572 obtineret,
812 2508 877 2558 de
917 2524 1001 2565 me
1027 2508 1346 2572 judicaturus,
1387 2511 1557 2559 desunt

482 2582 668 2645 ⁴scilicet
690 2587 810 2637 mihi
833 2592 1138 2650 accusatores,
1157 2588 1238 2651 qui
1276 2603 1368 2636 non
1399 2587 1558 2652 verba,

478 2667 574 2733 fic.
614 2666 693 2714 sed
716 2681 770 2714 ea
792 2667 990 2714 crimina
1012 2665 1256 2727 objiciant,
1278 2665 1444 2728 quibus
1463 2666 1560 2715 nisi

490 2758 522 2790 a
548 2742 654 2806 filio
679 2743 911 2807 principe
935 2750 988 2791 et
1002 2743 1185 2806 judice
1208 2748 1360 2792 mater
1381 2743 1560 2793 absolui

491 2832 584 2867 non
619 2812 819 2880 possim:
852 2834 1037 2882 nempe
1061 2820 1280 2869 crimina
1303 2827 1358 2869 et
1379 2821 1429 2869 in
1456 2823 1559 2884 pri·

486 2893 642 2945 'vatos
682 2902 738 2946 et
767 2895 821 2945 in
858 2897 1149 2961 principem
1175 2897 1343 2960 ipsum
1370 2912 1555 2961 perpe-

493 2976 649 3021 trata.

484 3040 491 3049 ’
557 3047 691 3096 Sane
712 3046 897 3097 mirum
921 3048 1082 3098 videri
1107 3064 1208 3098 non
1240 3048 1397 3098 debet
1420 3049 1558 3113 quod

488 3118 786 3189 'Agrippina
820 3125 994 3175 vivere
1032 3133 1231 3191 posset,
1275 3126 1560 3176 Britannico

482 3194 903 3265 'potientererum2
935 3205 1031 3253 hoc
1070 3209 1214 3253 certe
1253 3218 1354 3253 non
1393 3205 1560 3252 solum

486 3284 694 3344 poterat,
729 3279 816 3329 sed
843 3281 998 3331 etiam
1022 3281 1359 3331 vehementer
1395 3281 1447 3330 id
1472 3296 1559 3331 cu-

482 3357 686 3422 piebat,
729 3357 885 3409 etiam
925 3367 1042 3423 post
1082 3358 1277 3408 crimen
1322 3357 1373 3406 in
1412 3359 1561 3408 Clau-

495 3434 654 3496 dium,
707 3451 894 3500 nempe
961 3451 1078 3485 cum
1133 3435 1561 3499 ingratitudinem

494 3512 719 3564 Neronis
765 3514 842 3562 sui
885 3513 1109 3578 experiri
1151 3514 1340 3577 coepit;
1375 3530 1560 3580 nempe

493 3589 705 3639 volebat
746 3590 996 3639 vindicari
1033 3590 1236 3652 injurias
1256 3591 1354 3641 sibi
1391 3593 1561 3643 illatas

447 3673 450 3675 ’
482 3666 547 3725 =in
573 3667 861 3732 Neronem,
885 3667 983 3718 etsi
1008 3669 1181 3732 perire
1203 3668 1317 3732 ipsa
1340 3669 1562 3721 deberet

495 3758 612 3795 cum
642 3745 749 3795 illo.

485 3810 493 3821 ’
560 3823 766 3884 Repete
809 3836 926 3887 quae
965 3837 1120 3886 supra
1159 3823 1192 3871 l.
1220 3837 1345 3872 xm.
1373 3828 1448 3873 14.
1493 3824 1561 3873 de

493 3897 817 3964 Agrippina:
843 3892 861 3926 ‘¹
883 3901 1063 3964 Neque
1085 3901 1328 3964 principis
1350 3901 1561 3951 auribus

444 3968 451 3981 ³
493 3976 772 4039 abstinere,
797 3978 1066 4041 quominus
1089 3985 1384 4043 testaretur,
1423 3981 1564 4028 adul-

493 4059 605 4105 tum
645 4056 758 4119 jam
804 4072 913 4105 esse
958 4057 1332 4120 Britannicum,
1389 4074 1561 4107 veram

493 4128 805 4197 'dignamque
823 4133 1035 4198 stirpem
1052 4134 1378 4198 suscipiendo
1398 4135 1562 4203 patris

493 4206 733 4274 imperio,
770 4210 909 4275 quod
946 4210 1149 4261 insitus’
1191 4218 1247 4261 et
1281 4218 1561 4268 extraneus

492 4283 641 4358 ,Nero
677 4290 973 4375 invasisset.
1034 4293 1056 4360 ἦ
1077 4292 1159 4353 Ιᾱ1
1179 4291 1344 4360 solum
1364 4292 1482 4361 Diis
1505 4296 1562 4343 et

1629 721 1730 771 sibi
1746 720 2022 787 provisum,
2033 720 2169 786 qnod
2181 720 2384 771 viveret
2400 720 2701 790 privignus:

1621 798 1815 869 ituram
1838 813 1955 848 cum
1976 798 2065 848 illo
2090 798 2141 847 in
2163 796 2372 848 castra!

1697 877 1765 926 Et
1787 891 1902 925 cum
1929 890 2125 926 veneno
2151 874 2472 939 interceptus
2486 874 2700 939 juvenis

1632 959 1787 1016 esset,
1816 968 1873 1004 eo
1904 952 2221 1002 consternatio
2246 953 2555 1018 Agrippinae
2578 951 2702 1016 fixit,

1627 1033 1711 1094 fise.
1770 1032 1854 1080 Sic
1874 1031 2043 1095 quippe
2061 1031 2155 1080 sibi
2173 1046 2438 1097 supremum
2460 1029 2699 1098 auxilium

1628 1114 1837 1173 ereptum
1854 1109 2149 1171 intelligebat
2167 1126 2183 1167 ,·
2207 1110 2282 1159 sic
2301 1110 2495 1175 quippe
2519 1107 2704 1162 ulcisci

1630 1189 2099 1252 ingratum,verum
2127 1188 2385 1239 haeredem
2411 1202 2705 1260 opponere,

1634 1281 1815 1332 resque
1860 1266 1933 1314 sic
1973 1265 2211 1327 miscere,
2234 1271 2292 1314 ut
2329 1265 2405 1314 sic
2429 1263 2703 1327 ipsa-Ger·

1634 1344 1822 1393 manici
1860 1342 1964 1391 filia
1999 1341 2354 1391 dominationis
2383 1356 2563 1405 parum
2604 1340 2704 1390 sibi

1635 1422 1906 1471 retineret.

1708 1499 1875 1549 Vivere
1898 1513 2001 1561 ego,
2021 1503 2231 1562 poteram
2252 1497 2568 1562 Britannico]
2611 1498 2702 1548 Vi-

1625 1577 1790 1642 *detur
1828 1576 2039 1625 innuere
2085 1576 2220 1624 serio
2253 1576 2483 1639 potuisse
2508 1576 2707 1637 vivere,

1635 1652 1925 1715 imperante
1962 1652 2259 1702 Britannico
2277 1670 2293 1714 ;
2327 1668 2515 1717 nempe
2544 1660 2602 1703 et
2625 1667 2705 1702 ar-

1628 1725 1825 1795 denter
1846 1730 1990 1779 illum
2014 1729 2179 1794 flevit,
2204 1738 2258 1780 et
2280 1733 2377 1781 hoc
2401 1731 2501 1794 ipsi
2524 1730 2710 1794 praeci-

1637 1823 1738 1871 pue
1760 1807 2122 1872 objiciebatur.
2190 1810 2262 1859 Et
2285 1817 2432 1860 certe
2449 1810 2561 1874 ipso
2583 1808 2708 1861 sub·

1637 1887 1763 1948 lato,
1796 1886 1888 1934 sibi
1923 1902 2187 1951 supremum
2227 1887 2461 1937 auxilium
2492 1891 2706 1951 ereptum

1636 1963 1898 2014 intellexit
1924 1963 2232 2030 Agrippina.

1704 2040 1892 2105 Itaque
1929 2040 2002 2091 sic
2044 2041 2418 2106 conjiciebam:
2455 2041 2574 2092 Non
2611 2055 2707 2105 po-

1631 2119 1744 2184 tuit
1795 2118 1990 2182 vivere,
2045 2119 2335 2183 imperante
2377 2120 2707 2186 Britannico,

1639 2196 1737 2245 nisi
1761 2196 1844 2246 vel
1872 2196 2163 2259 supposito,
2186 2196 2323 2261 quod
2359 2211 2528 2262 neque
2566 2196 2707 2246 occi-

1640 2274 1802 2323 disset
1842 2273 1954 2338 ipsa
1978 2274 2270 2338 Claudium,
2308 2289 2479 2339 neque
2505 2273 2708 2339 adopti-

1637 2366 1785 2401 onem
1830 2350 2053 2400 Neronis
2092 2345 2444 2415 procurasset,
2471 2352 2552 2400 vel
2586 2367 2707 2416 sup-

1637 2429 1828 2495 posito,
1882 2429 2022 2494 quod
2079 2429 2392 2481 reddidisset
2435 2430 2706 2499 imperinm

1637 2507 1966 2569 Britannico,
1988 2507 2267 2558 deturbato
2288 2509 2520 2564 Nerone.
2541 2498 2544 2501 Α
2651 2497 2656 2503 ’

1701 2585 1840 2638 Quid
1876 2585 2012 2634 enim
2052 2585 2359 2635 moliebatur
2377 2585 2707 2653 Agrippina?

1639 2664 1774 2715 Quid
1801 2663 2038 2728 agitabat
2063 2663 2250 2726 animo,
2272 2679 2387 2714 cum
2410 2661 2563 2714 fleret
2586 2664 2707 2727 Bri-

1639 2742 1932 2805 tannicum?
1960 2755 2023 2790 an
2042 2740 2323 2804 desiderio,
2342 2755 2407 2789 an
2427 2755 2602 2807 amore
2627 2740 2710 2809 ip·
2749 2794 2756 2801 ,

1640 2818 1743 2865 sius
1764 2818 1781 2866 ?
1814 2832 1880 2865 an
1903 2817 2065 2866 voluit
2090 2818 2234 2866 illum
2255 2818 2450 2878 vivere,
2475 2825 2528 2867 et
2550 2833 2707 2886 exffeo

1639 2902 1832 2944 metum
1873 2895 2085 2959 injicere
2127 2897 2361 2946 Neroni?
2428 2898 2534 2947 Sed
2569 2899 2708 2965 Δὴιιιις

1638 2971 1795 3036 forte,
1817 2986 1986 3037 neque
2010 2974 2273 3022 Neronem
2298 2974 2465 3038 ipsum
2486 2989 2707 3040 regnare

1638 3049 1834 3111 voluit3
1867 3049 2298 3113 voluit·foemina,
2342 3052 2707 3117 dominationis

1635 3128 1809 3189 avida,
1838 3129 2063 3192 juvenes
2103 3130 2241 3179 inter
2274 3146 2329 3180 se
2363 3132 2711 3198 committere,

1642 3212 1697 3255 et
1735 3214 1926 3275 metum
1963 3205 2176 3255 alterius
2200 3208 2352 3257 alteri
2373 3208 2616 3275 injicere;
2645 3214 2711 3275 et

1636 3284 1714 3344 ‚sic
1757 3290 2002 3348 tanquam
2045 3282 2149 3332 filia
2195 3285 2511 3348 Germanici,
2561 3301 2708 3351 ‚sustam

1642 3363 2007 3413 auctoritatem
2049 3363 2102 3411 in
2139 3364 2342 3428 Repub.
2380 3365 2634 3429 retinere,
2650 3369 2712 3431 et

1642 3458 1847 3507 semper
1884 3444 2020 3492 inter
2041 3451 2314 3509 utrumque
2335 3445 2492 3495 rebus
2521 3451 2575 3503 et
2594 3480 2598 3506 2
2614 3445 2709 3503 im·

1641 3521 1786 3585 perio
1810 3522 1989 3586 potiri,
2013 3531 2260 3586 quantum
2280 3522 2371 3571 tali
2401 3537 2524 3577 casu
2543 3523 2672 3586 1503}
2693 3539 2706 3573 ι

1642 3604 1697 3647 et
1728 3613 1792 3648 ea
1817 3613 1949 3647 vana
1969 3612 2063 3662 spe
2096 3613 2153 3647 se
2178 3597 2409 3648 lactabat
2429 3599 2715 3669 ambitiosa

1641 3677 2544 3725 mulier..

1708 3753 1794 3802 Sic
1839 3750 1976 3803 forte
2013 3751 2191 3802 vivere
2232 3752 2405 3802 illum
2421 3714 2604 3817 voluit,
2647 3758 2710 3803 ut

1643 3830 1817 3879 Caesar
1838 3836 1991 3893 esset,
2010 3845 2111 3878 non
2130 3830 2403 3893 princeps;
2426 3829 2516 3879 sed
2536 3837 2711 3899 tamen

1645 3912 1702 3955 ut
1722 3906 1923 3956 viveret
1946 3922 2008 3956 eo
2025 3905 2252 3970 fastigio,
2271 3913 2330 3956 nt
2350 3905 2461 3956 fere
2480 3923 2714 3972 :equare-

1644 3991 1731 4033 tur
1748 3983 1994 4047 principi,
2013 3990 2070 4034 nt.
2084 3984 2334 4048 eastirpe
2360 3991 2416 4034 et
2437 3984 2712 4051 nobilitate

1640 4062 1992 4127 aemularetur,
2013 4069 2309 4126 metumque
2338 4061 2539 4123 faceret
2578 4064 2714 4135 asci-

1647 4138 1767 4187 titio
1793 4138 2151 4204 subditivoque
2176 4140 2390 4190 Neroni.
2570 4185 2574 4189 .

1706 4213 1795 4263 Sic
1843 4212 1957 4264 fere
2004 4215 2150 4281 quasi
2194 4217 2543 4267 Germanicus
2566 4196 2713 4281 olim

1642 4300 1788 4361 post
1778 4286 2050 4347 excessum
2061 4293 2305 4361 Augusti,
2317 4303 2522 4368 metum
2526 4268 2713 4373 niJ'ecit
