3063 4952
1048 407 1461 458 Anxanum
1513 410 1658 460 ms.
1705 410 1835 462 xv.
2362 398 2540 466 1828

324 556 597 639 gravior
620 552 804 623 erat.¹
890 559 923 590 ‘'
935 555 1005 621 N
1009 576 1101 621 on*
1126 555 1303 620 enim
1325 556 1591 638 ignavia
1617 577 1858 641 magna
1883 558 2163 643 imperia
2183 562 2534 628 contineri:

325 660 628 723 virorum
680 670 1136 743 armorumque
1182 659 1561 723 faciendum
1612 672 1965 727 certamen.
2056 662 2138 727 Id
2177 665 2254 727 in·
2280 683 2541 730 summa

323 760 593 828 fortuna
639 766 921 848 ae'quiuS,
971 763 1147 848 quod
1192 763 1505 828 validius.
1613 763 1702 828 Et
1754 785 1879 829 sua
1930 767 2197 830 retinere
2243 768 2530 849 privatae

329 864 608 933 domus:
652 868 735 931 de
765 869 1029 932 alienis⁹
1059 872 1333 945 certare,
1368 866 1655 951 Regiam
1683 867 1946 932 laudem
1969 867 2165 932 esse.’

362 998 367 1003 1
419 969 484 1033 2.
531 969 739 1053 Igitur
784 979 1154 1035 commotus
1200 970 1306 1034 his
1346 969 1723 1053 Vologeses
1764 972 2164 1035 conciliumm
2209 978 2431 1050 vocat,
2476 978 2541 1038 et

328 1073 718 1156 proximum
790 1075 919 1139 sibi
970 1070 1311 1137 Tiridaten
1375 1074 1736 1150 constituit,
1813 1079 2013 1158 atque
2086 1075 2196 1138 ita=
2254 1075 2538 1141 orditur:

331 1179 355 1208 ‘
385 1174 589 1241 Hunc
617 1196 767 1259 ego,
817 1178 1076 1241 eodem¹¹
1122 1196 1382 1240 mecum
1433 1182 1618 1260 patre
1653 1174 1962 1257 genitum,
2010 1197 2160 1242 cum
2186 1179 2371 1256 mihi,
2417 1193 2543 1261 per

329 1283 651 1357 aetatem,0
702 1300 959 1345 summo
988 1281 1247 1345 nomine
1279 1279 1741 1358 concessisset,
1792 1280 1861 1343 in
1891 1281 2388 1362 possessionem
2417 1278 2545 1345 Ar-

332 1382 573 1448 meniae
606 1383 894 1465 deduxi3
939 1384 1051 1470 qui
1100 1385 1331 1448 tertius
1363 1384 1683 1467 potentiae
1722 1382 1994 1467 gradus?
2020 1384 2335 1448 habetur:
2389 1403 2545 1448 nam

324 410 384 465 J.
407 413 472 466 C.
488 410 601 476 a]

329 1579 547 1629 magnas
569 1566 940 1618 dominationes
973 1583 1074 1618 non
1106 1567 1294 1618 inertia
1320 1567 1560 1619 retineri:
1598 1569 1720 1618 viris
1753 1567 2008 1632 armisque
2046 1567 2411 1618 dimicandum.
2476 1565 2540 1616 Id

330 1630 388 1681 in
410 1645 605 1680 summo
637 1630 842 1697 fastigio
867 1633 1086 1697 justius,
1121 1634 1258 1699 quod
1280 1632 1488 1684 fortius.
1559 1635 1629 1685 Et
1668 1635 1887 1699 privatae
1918 1634 2126 1683 t'amiliae
2149 1634 2289 1682 decus
2309 1649 2407 1682 esse
2429 1647 2545 1687 suas

332 1709 464 1758 opes
487 1711 792 1747 conservare
813 1715 828 1758 ς
866 1705 918 1748 at
941 1700 1137 1763 regiam
1162 1700 1380 1763 gloriam
1401 1715 1535 1762 esse,
1557 1700 1623 1748 de
1650 1701 1828 1750 alienis
1851 1699 2188 1749 contendere.

403 1761 570 1823 Igitur
587 1762 815 1813 incitatus
848 1765 925 1814 his
953 1766 1212 1827 Vologesen,
1241 1765 1420 1815 vocatis
1448 1766 1501 1815 in
1523 1767 1768 1815 concilium
1801 1763 2093 1829 proceribus,
2120 1778 2265 1827 prope
2285 1777 2334 1811 se
2363 1762 2548 1812 Tirida-

331 1829 431 1901 tem
451 1829 770 1889 sederejubet,
788 1835 834 1878 et
848 1831 924 1887 ,sic
944 1830 1162 1889 disserit:
1186 1832 1314 1880 Cum
1338 1831 1459 1880 mihi
1473 1831 1595 1895 jure
1620 1847 1681 1892 ac
1710 1830 2024 1881 verecundia
2043 1829 2215 1879 aetatis
2240 1843 2432 1891 summo
2451 1828 2548 1893 fas-

332 1892 467 1954 tigio
485 1894 729 1943 cessisset
751 1895 1003 1956 Tiridata,
1024 1896 1157 1945 hunc
1181 1910 1296 1958 ego,
1317 1897 1552 1958 ejusdem
1572 1899 1772 1946 mecu‘m
1798 1897 1959 1960 patris
1981 1895 2163 1954 filiurn,
2186 1893 2445 1942 Armeniae
2468 1907 2548 1942 re-

331 1970 452 2020 gem
476 1959 742 2022 constitui,
765 1961 853 2026 qui
879 1964 1062 2011 tertius
1087 1961 1371 2025 majestatis
1401 1963 1543 2011 locus
1572 1969 1847 2012 censetur:
1884 1961 2078 2028 quippe
2099 1960 2333 2009 Pacorus
2358 1958 2549 2008 Medos

1259 2092 1618 2113 OO‘O‘NOO‘OO

333 2177 446 2232 too,
464 2171 580 2221 who
596 2187 702 2221 was
730 2186 760 2221 a
780 2171 1001 2236 fugitive
1032 2172 1166 2224 from
1190 2173 1269 2224 his
1292 2174 1558 2239 kingdom,
1580 2168 1806 2224 affected
1835 2174 2115 2237 Vologeses
2139 2178 2231 2236 yet
2249 2186 2391 2220 more
2416 2170 2548 2234 grie·

332 2237 542 2299 vously‚
564 2238 798 2287 whether
820 2240 883 2287 he
915 2239 1104 2288 beheld
1126 2240 1214 2289 the
1238 2240 1391 2289 silent
1412 2241 1633 2290 distress
1657 2239 1718 2289 of
1734 2240 1811 2287 his
1835 2239 2069 2301 brother,
2092 2253 2151 2286 or
2175 2236 2333 2286 heard
2369 2236 2442 2285 his
2468 2251 2550 2285 re-

334 2299 565 2365 spectful
585 2303 994 2367 complainiugs.’
1059 2304 1285 2367 Murpliy
1305 2319 1530 2369 quoque,
1547 2307 1561 2332 ‘
1582 2304 1863 2364 Tiridate5‚
1886 2304 1953 2366 by
1972 2303 2050 2351 his
2071 2302 2363 2361 bellavium,
2378 2299 2550 2348 added

333 2364 481 2417 force
503 2372 558 2416 to
579 2368 727 2418 these
749 2370 1077 2445 complaints.
1141 2369 1347 2419 Driven
1369 2367 1501 2418 from
1524 2367 1603 2418 his
1629 2369 1831 2426 throne,
1855 2369 1918 2417 he
1940 2366 2200 2480 appeared
2220 2367 2342 2414 with
2367 2366 2434 2414 all
2457 2365 2548 2413 the

337 2432 495 2483 silent
517 2432 715 2498 dignity
741 2433 802 2483 of
833 2435 1078 2498 distress3
1112 2448 1190 2496 or,
1228 2431 1277 2484 if
1282 2435 1362 2494 he
1386 2434 1935 2499 spokeoccasionally,
1990 2433 2052 2494 iis
2076 2431 2246 2486 words
2269 2444 2405 2490 were
2428 2428 2549 2496 few,

336 2498 502 2566 short,
528 2500 629 2548 and
653 2501 1107 2552 sententious.'-9
1139 2501 1484 2552 Emendatum
1507 2501 1563 2550 in
1583 2502 1682 2551 Ms.
1710 2499 1856 2551 Harl.
1878 2502 1935 2550 de
1956 2498 2123 2574 alieno.

1228 2648 1237 2656 ⁸
1334 2650 1547 2702 NOTAE

334 2768 686 2833 Monobazus,
701 2768 790 2834 qui
814 2769 982 2833 palam
1005 2773 1061 2818 et
1078 2772 1259 2834 aperte
1284 2782 1407 2834 que-

334 2846 571 2909 rebatur,
587 2847 708 2909 quod
719 2846 1013 2912 praesidium,
1033 2851 1117 2896 aut
1134 2848 1256 2896 unde
1274 2851 1405 2911 pete·

1486 2772 1813 2832 quereretur,
1856 2780 2009 2830 qnam
2053 2762 2364 2814 contumelia
2407 2760 2551 2811 illata

1487 2845 1716 2907 Parthis,
1741 2845 1861 2894 dum
1887 2849 2217 2893 vastarentur
2240 2839 2518 2890 Adiabeni.

334 2928 434 2986 ret,
463 2923 696 2985 rogitans.
837 2951 841 2956 ·

403 3000 559 3050 Haud
578 3000 755 3049 modice
775 2999 1025 3064 querendo]
1059 2999 1183 3063 Alii,
1203 3005 1287 3050 aut
1306 3016 1403 3051 mo-

335 3076 443 3127 dice
464 3077 709 3140 querendo.
773 3077 877 3142 Sed
912 3077 956 3126 si
994 3077 1259 3128 Tiridates
1298 3085 1402 3128 nlo-

338 3155 462 3206 dice
490 3159 805 3221 quereretur
827 3154 893 3204 de
928 3153 1110 3217 fratre,
1144 3169 1244 3205 non
1268 3161 1405 3205 esset

338 3232 417 3282 'rui
464 3232 691 3297 gravior,
736 3245 888 3298 quiam
932 3232 976 3280 si
1020 3238 1240 3285 taceret.
1329 3232 1405 3283 At

339 3316 491 3359 certe
513 3308 717 3359 silentio
741 3323 833 3358 suo
851 3308 1060 3372 gravior
1081 3307 1170 3357 ille
1201 3307 1310 3371 regi
1348 3309 1404 3357 in

341 3386 439 3436 tali
470 3401 612 3449 casu,
646 3400 797 3451 quam
834 3387 875 3434 si
907 3392 1090 3449 aperte
1125 3391 1180 3434 et
1215 3384 1403 3434 acer-be

340 3470 666 3529 quereretur,
704 3476 765 3512 eo
810 3462 956 3513 dolor
999 3462 1152 3512 altius
1193 3461 1404 3527 insidet,

342 3555 449 3606 quo
469 3538 633 3604 magis
651 3539 915 3603 premitur.

346 3647 357 3656 ι
407 3617 572 3667 Forte
588 3630 691 3666 non
713 3615 812 3667 fuit
831 3615 1048 3681 praecise
1066 3618 1279 3680 grat-ior,
1292 3616 1410 3681 quia

342 3693 550 3756 sileret,
573 3700 663 3743 aut
683 3700 1009 3759 quereretur,
1024 3693 1116 3744 sed
1141 3694 1412 3760 quiaproe·

344 3769 517 3820 sentia
533 3769 646 3834 ejus
679 3770 734 3819 in
757 3771 876 3820 aula
914 3770 1171 3835 regiisque
1210 3770 1411 3834 penati-

339 3847 460 3910 bus,
480 3847 626 3896 velut
647 3846 993 3910 exprobrabat
1026 3847 1153 3911 regi,
1187 3846 1412 3911 ejectum

344 3915 467 3973 euin
489 3937 603 3973 esse
625 3922 902 3984 Armenia;
935 3924 1074 3989 quod
1112 3924 1412 3975 indecorum

343 4000 613 4051 Arsacidis
632 4000 958 4064 Parthisqne.

412 4076 423 4111 ¹
460 4078 672 4127 Gravior
692 4078 816 4141 erat]
859 4078 1063 4141 Nempe
1084 4077 1413 4141 silendogre·

343 4156 469 4219 οἱοί,
506 4156 560 4205 id
591 4161 690 4219 est,
728 4153 896 4204 acrius
920 4154 1165 4218 instabat,
1189 4169 1340 4219 quam
1370 4156 1413 4205 si

343 4234 684 4297 loqueretur:
731 4232 814 4282 vel
844 4233 1039 4296 potius,
1064 4229 1264 4295 grauior
1302 4233 1413 4296 ipse

345 4309 628 4374 Tiridates,
669 4308 777 4361 sive
809 4309 1017 4375 silere-t,
1055 4310 1183 4361 sive-
1202 4310 1414 4362 ‹modice

1550 2930 1587 2956 ¹¹¹
1622 2921 1905 2984 Concilium]
1930 2920 1992 2969 Id
2011 2925 2114 2983 est,
2134 2924 2447 2969 conventum
2466 2931 2556 2967 no-

1484 3001 1683 3068 bilium,
1735 3003 2104 3067 Megistanum,
2152 3015 2349 3065 regum,
2396 3006 2553 3064 atque

1484 3081 1840 3146 Dynastarum
1876 3080 2091 3145 imperio
2125 3078 2371 3128 Parthico
2393 3077 2555 3126 inser-

1483 3159 1752 3211 vientium.

1546 3242 1573 3269 ¹²
1608 3237 1808 3301 Eodem]
1861 3234 1946 3284 Sic
1972 3235 2185 3284 innuere
2208 3230 2432 3292 videtur,
2466 3242 2552 3278 eo·

1483 3311 1604 3361 dem
1638 3318 1808 3376 patre,
1841 3327 1943 3362 non
1964 3310 2147 3361 eadem
2170 3315 2333 3358 matre
2361 3306 2554 3356 fratres

1486 3387 1687 3451 genitos
1708 3385 1885 3435 fuisse.

1550 3471 1583 3496 θ’
1611 3464 1707 3513 Per
1740 3460 1957 3525 oetatem]
2024 3462 2231 3526 Nempe
2272 3458 2555 3511 verecundia

1487 3539 1665 3603 atatis,
1684 3553 1803 3604 qua,
1835 3546 1921 3589 tan
1930 3553 2077 3604 quam
2098 3539 2211 3599 jure
2230 3538 2465 3602 gentium,
2499 3543 2558 3587 ut

1488 3618 1659 3683 inquit
1693 3615 1952 3681 Justinm,
1986 3616 2143 3667 electi
2179 3615 2456 3679 evectique
2493 3614 2555 3663 in

1492 3693 1837 3758 principatum
1860 3693 1953 3742 filii
1976 3700 2102 3742 natu
2128 3693 2344 3757 majores
2370 3690 2558 3755 ubique

1493 3778 1765 3834 terrarum,
1788 3771 1947 3820 veluti
1964 3773 2039 3821 sic
2061 3770 2324 3835 deligente
2345 3776 2400 3819 et
2424 3767 2564 3817 ordi-

1491 3854 1651 3898 nante
1674 3847 1789 3910 ipsa
1812 3855 2017 3909 natura,
2038 3862 2127 3896 seu
2154 3844 2501 3910 providentia.

1500 3944 1505 3949 ·
1559 3925 1659 3973 Per
1679 3923 1892 3987 oetutem]
1934 3923 2269 3973 Verecundiam
2290 3919 2452 3969 atatis
2470 3929 2561 3968 vo·

1494 4007 1581 4052 cat
1601 4000 1727 4051 alibi
1763 4001 1997 4062 Tacitus,
2033 4014 2134 4064 quo
2165 3997 2295 4060 jure·
2327 3994 2561 4060 gentium

1490 4078 1656 4142 major
1679 4083 1804 4127 natu
1839 4075 2060 4125 filiorum
2085 4074 2318 4124 obtinere
2331 4081 2558 4134 regnum

1493 4155 1708 4216 debuit;
1763 4160 1822 4203 ut
1872 4153 2010 4217 apud
2065 4166 2157 4201 nos
2209 4147 2553 4200 nobilissimus

1494 4232 1776 4283 Galliarum
1796 4229 2104 4294 Delphinus.
2283 4259 2284 4262 =

1511 4317 1587 4354 ΛΡ
1625 4307 1816 4360 Tertius
1845 4302 2320 4373 potesate-gradus}
2352 4301 2560 4356 Pri-inus
