3063 4952
2391 410 2563 485 1881

351 581 713 647 concilium
752 578 1083 645 sociorum
1130 573 1420 657 referret,
1468 578 1763 662 agendas
1814 578 1997 664 apud
2043 577 2365 643 Senatum
2392 575 2563 646 Pro-

351 686 755 770 praetoribus
782 684 1419 768 Proveconsulibus³
1467 690 1714 766 grateS,
1744 704 1871 748 neu
1898 683 2050 768 quis
2064 678 2086 717 s
2122 700 2207 745 ea
2231 680 2563 763 legatione

348 788 768 870 fungeretur?
853 786 1100 852 Iisdem
1131 785 1534 851 Consulibus
1583 786 2041 871 gymnasium⁸
2081 784 2219 849 ictu
2272 778 2564 847 fulminis

354 891 816 973 conflagravit,
842 889 1222 973 effigiesque
1246 890 1316 954 in
1345 909 1426 954 eo
1457 888 1752 954 Neronis
1780 888 1867 953 ad
1887 888 2164 953 informe
2193 881 2327 951 aash
2356 884 2563 969 lique·¹

349 992 559 1059 facta.
645 993 734 1059 Et
761 998 946 1059 motu
975 989 1209 1072 terrae,¹
1251 994 1503 1057 celebre
1531 988 1946 1075 Campaniaej
1979 988 2327 1074 oppidum,
2359 987 2562 1051 Pom-

349 1094 543 1181 peii,¹‘
584 1118 823 1182 magna
868 1117 958 1162 ex
1002 1102 1188 1183 parte
1232 1093 1567 1183 proruit.4¹
1656 1095 2122 1178 Defunctaque
2168 1091 2356 1175 virgo
2384 1087 2562 1154 Ves-

351 1194 560 1264 talis‘m
606 1201 845 1280 Laelia,
897 1202 967 1266 in
1021 1202 1215 1286 cujus
1243 1202 1506 1266 locum¹²
1552 1199 1860 1266 Cornelia
1909 1218 1997 1262 ex
2026 1195 2286 1261 familia
2313 1191 2563 1258 Cosso·

351 1320 501 1366 rum
529 1310 734 1388 capta
759 1310 910 1370 est.⁰

327 396 413 494 a.
435 439 500 492 c.
519 437 630 504 οι]
657 440 660 443 ·
1087 428 1518 483 ‘summum
1566 432 1713 484 mn.
1761 432 1896 484 xv.

356 1451 564 1515 Coesare,
596 1458 823 1517 statuere,
843 1470 910 1504 ne
934 1455 1047 1520 quis
1069 1454 1293 1506 referret
1325 1456 1380 1506 in
1407 1462 1669 1507 conventu
1708 1454 1981 1515 sociorum,
2018 1449 2248 1515 agendas
2283 1461 2404 1521 esse·
2420 1443 2563 1508 apud

353 1524 597 1593 senatum
619 1526 802 1582 grates
819 1522 1227 1585 propraetoribus
1250 1528 1343 1572 aut
1373 1521 1787 1586 proconsulibus,
1810 1528 1865 1570 et
1896 1533 1963 1568 ne
1987 1517 2096 1583 quis
2115 1529 2229 1564 eam
2246 1514 2564 1588 legationem

350 1581 544 1632 obiret.
612 1585 789 1635 Iisdem
818 1587 1093 1649 consulibua,
1123 1587 1234 1650 igne
1273 1588 1450 1638 coelesti
1486 1592 1743 1638 ermatum
1774 1589 1845 1635 est
1878 1582 2194 1649 gymnasium,
2213 1582 2262 1629 et
2300 1578 2368 1625 tbt
2401 1578 2563 1623 statua

353 1646 570 1698 Neronis
586 1652 777 1700 redacta
791 1658 872 1701 est
890 1653 952 1701 ad
971 1654 1133 1702 rudem
1152 1652 1524 1717 indigestamque
1544 1654 1709 1702 molem
1727 1651 1856 1700 ceris.
1922 1651 1992 1698 Et
2010 1644 2225 1709 Pompeii
2244 1643 2375 1718 clara
2395 1643 2564 1714 cavatas

349 1713 628 1788 Campaniae
664 1715 870 1778 plurima
904 1731 966 1766 ex
996 1723 1154 1782 parte,
1186 1723 1329 1767 terroe
1364 1724 1508 1782 motu,
1526 1718 1744 1768 subversa
1765 1721 1855 1766 est.
1920 1715 2219 1775 Mor-temque
2251 1707 2370 1757 abitt
2407 1704 2562 1753 Loelw

356 1775 507 1840 Virgo
539 1779 757 1847 Vestalis,
778 1782 909 1843 cnjus
929 1784 1027 1832 loco
1047 1788 1256 1832 assumta
1274 1788 1346 1833 est
1370 1785 1592 1834 Cornelia
1621 1799 1646 1833 e
1665 1786 1807 1845 gente
1831 1782 2097 1831 Cossorum.

1296 1928 1384 1948 UO!
1390 1929 1504 1948 ΗΝ
1509 1928 1625 1948 O‘OO

345 2006 385 2063 δ’
417 2014 658 2067 Valesius
684 2019 750 2067 ad
768 2018 1095 2072 Ammianum
1117 2023 1499 2084 Marcellinum,
1529 2036 1669 2074 xxx.
1692 2037 1745 2086 p.
1764 2026 1879 2072 599.
1909 2016 2175 2078 emendat,
2190 2011 2364 2079 proaue
2399 2022 2566 2059 eonsu-

348 2079 500 2129 libus:
536 2083 725 2146 probat
750 2085 1019 2137 Ernestus.
1087 2087 1246 2137 Haud
1264 2095 1436 2138 tamen
1457 2089 1720 2153 displicet,
1743 2102 1828 2144 ve,·
1863 2101 1924 2135 ac
1949 2098 2090 2148 saepe
2114 2083 2168 2131 in
2191 2079 2390 2144 legibus
2414 2087 2561 2124 usur-

346 2151 523 2208 patur.
592 2150 907 2202 Breuem—4
939 2152 1047 2202 Pro
1064 2157 1269 2223 proma,
1288 2154 1580 2205 Gronovius
1601 2154 1796 2216 mallet,
1814 2151 2041 2215 procidit.

1355 2284 1570 2337 NOTAE

347 2379 432 2441 *ἰδ’
451 2382 643 2447 ‘inique
665 2385 851 2450 wihus
875 2394 932 2439 et
953 2389 1125 2452 gratia
1145 2390 1417 2455 praepolle-
1494 2399 1648 2442 terrae
1686 2394 1852 2453 motu,
1886 2377 2055 2437 Lucili
2084 2381 2308 2432 virorum
2347 2376 2570 2442 optime,

345 2466 453 2509 ret.
965 2509 970 2514 .
1496 2468 1814 2519 audivimus:
1852 2471 1908 2517 et
1943 2461 2151 2530 quidem
2175 2456 2357 2508 diebus
2375 2451 2564 2517 hyber-

418 2538 600 2590 Qualis
635 2539 739 2591 fuit
771 2542 912 2592 haud
934 2544 1096 2595 dubie
1116 2544 1416 2595 Timarchus
1496 2546 1595 2610 nis,
1630 2560 1758 2611 quos
1795 2556 1984 2593 vacare
2024 2555 2056 2589 a
2088 2537 2181 2587 tali
2205 2531 2438 2599 periculo
2460 2541 2566 2577 ma·

347 2616 441 2665 ille
463 2618 785 2685 Cretensis,‘
808 2621 895 2685 qui
930 2622 1222 2674 dictitasset
1242 2623 1295 2672 in
1326 2638 1419 2673 sna
1490 2625 1638 2688 jores
1689 2621 1855 2673 nostri
1909 2618 2149 2669 solebant
2201 2608 2513 2677 promittere
2532 2604 2565 2668 ;'

343 2700 620 2758 Ῥοῖθδῑῧῑθ
641 2696 897 2762 ⁸5t¹¹¹¹¹2¹²¹¹
911 2700 1418 2766 Pm⁰¹¹⁸u¹ib1¹8‚qui
1496 2702 1744 2770 (observa
1770 2717 1783 2749 ε
1852 2711 1975 2762 ergo
2023 2691 2206 2743 statim
2260 2680 2561 2737 consulibus

353 2770 568 2821 cretam
586 2771 952 2839 ⁰b²i¹¹¹25332m2
990 2784 1161 2840 grates
1204 2791 1418 2842 agei-en·
1498 2781 1666 2844 novis,
1695 2784 1755 2830 ut
1774 2776 1895 2829 anui
1918 2774 2078 2826 totius
2098 2765 2393 2819 necessario
2415 2761 2471 2811 in
2493 2759 2566 2811 al-

351 2848 476 2897 um,
1496 2865 1695 2910 terutro
1732 2870 1880 2907 error
1900 2850 2026 2916 sitz)
2058 2850 2075 2879 ‘
2101 2846 2270 2899 Nonis
2291 2835 2567 2893 Februarii

415 2922 440 2956 ἲ
455 2926 568 2977 Nea
587 2928 717 2992 quis]
751 2929 871 2980 Neu
888 2930 1001 2996 quis
1022 2931 1293 2997 sociorum,
1313 2948 1413 2983 neu

341 3002 467 3068 quis
491 3005 885 3067 provincialium
925 3023 956 3057 a
996 3010 1219 3060 concilio
1255 3011 1415 3061 socio·

341 3095 463 3130 rum
483 3081 691 3147 missus,
708 3095 822 3133 eam
848 3085 1162 3149 legationem
1185 3088 1416 3152 suscipe·

346 3166 454 3220 ret,
487 3174 588 3224 qua
619 3159 943 3212 referrentur
979 3170 1149 3229 grates
1188 3180 1417 3230 proprae-

349 3237 572 3299 tori‚aut
588 3243 879 3304 proconsuli
898 3244 1167 3307 provincia
1186 3244 1420 3306 exeunti,

343 3314 490 3378 apud
514 3323 767 3367 senatum.

416 3399 445 3435 t
463 3392 800 3457 Gymnasium]
867 3395 1022 3449 Quod
1061 3410 1248 3461 nempe
1291 3410 1418 3461 pau-

345 3483 443 3519 cos
460 3475 583 3520 ante
600 3485 759 3521 annos
771 3479 1038 3524 struxerat
1049 3472 1416 3539 dicaveratque

305 3577 308 3582 -
351 3547 519 3597 Nero.

414 3621 440 3655 ¹¹
460 3622 541 3674 Aa
560 3624 767 3685 informe
787 3627 876 3691 ωε]
941 3626 1008 3679 In
1041 3624 1147 3692 quo
1188 3627 1415 3693 rejectus

346 3710 662 3771 spretusque
680 3721 710 3757 a
736 3708 857 3758 Diis
881 3709 1188 3760 videbatur:
1222 3709 1417 3776 quippe

343 3788 603 3834 annotant
622 3786 907 3850 contigisse
933 3800 1095 3852 saepe,
1114 3794 1173 3838 ut
1195 3785 1415 3838 fiammae

337 3866 629 3924 parcerent
646 3860 793 3912 hisce
814 3862 1138 3928 imaginibus»,
1158 3871 1214 3916 et
1236 3865 1418 3929 praeci-

347 3950 455 4001 pue
479 3938 649 4001 gentis
672 3937 923 4004 Claudiai,
944 3939 997 3989 in
1029 3955 1181 4005 quam
1212 3941 1417 4008 adepti⁴

348 4028 451 4063 one
476 4014 775 4065 transierat.

414 4091 430 4125 ⁶
450 4092 594 4142 Motu
614 4093 783 4157 ειη-ιε]
816 4093 1082 4144 Dissentit
1094 4095 1311 4160 Seneca,
1328 4098 1417 4162 qui

347 4168 416 4219 ad
436 4177 715 4233 sequentes
737 4170 881 4239 Coss.
922 4170 1084 4222 refert
1103 4174 1238 4222 hunc
1260 4180 1415 4224 terrae

339 4251 548 4295 motum
571 4246 884 4310 expressim:
919 4247 936 4275 ‘
961 4247 1259 4312 Pompeios,
1279 4250 1415 4300 ceie-

348 4322 496 4373 brem
547 4320 845 4387 Campanioe
901 4322 1099 4388 urbem,
1120 4325 1124 4329 '
1148 4324 1413 4376 desedisse
1467 4323 1470 4326 ’

1494 2934 1597 2986 fuit
1637 2934 1724 2986 hic
1754 2933 1955 2997 motus,
1990 2926 2195 2993 Regulo
2235 2928 2291 2974 et
2311 2915 2564 2983 Verginio

1496 3015 1659 3066 Coss!
1723 3015 1794 3064 Et
1835 3009 2012 3063 hercle
2051 3013 2161 3057 tam
2205 3002 2474 3054 asseverat
2507 2993 2563 3043 id

1496 3092 1762 3155 distincte,
1792 3096 1852 3140 ut
1886 3086 2093 3139 credam
2116 3081 2299 3133 vitium
2323 3089 2437 3127 esse
2461 3084 2566 3160 non

1494 3169 1662 3220 Taciti
1686 3170 1814 3235 (non
1838 3167 1892 3216 id
1917 3162 2162 3215 convenit
2183 3161 2239 3210 in
2260 3154 2384 3206 fidei
2409 3157 2465 3203 et
2486 3150 2563 3199 dt-

1494 3246 1729 3311 ligentiae
1742 3245 1907 3293 unicae
1919 3235 2269 3305 scriptorem),
2278 3233 2369 3284 sed
2382 3232 2564 3295 AEgys-

1498 3324 1575 3374 thi
1593 3315 1828 3386 alicujus,
1845 3319 1928 3383 cuj
1937 3332 1993 3367 us
2017 3313 2275 3366 adulteria
2295 3316 2352 3360 et
2373 3308 2564 3371 trajec-

1497 3399 1667 3449 tiones
1690 3395 1982 3459 complures
2005 3403 2231 3456 agnosco
2244 3388 2298 3437 in
2312 3387 2409 3436 hac
2424 3381 2565 3447 regia

1497 3489 1620 3526 vere
1643 3487 1850 3539 sponsa.
1917 3469 2128 3534 Lipsius.

1558 3549 1577 3595 ³
1601 3548 1897 3615 Campania]
1931 3549 1994 3597 L.
2017 3559 2095 3595 vx.
2117 3559 2165 3594 c.
2189 3548 2239 3594 1.

1562 3629 1587 3664 ¹¹
1608 3627 1851 3694 Pompeii]
1894 3628 1955 3678 L.
1979 3639 2096 3676 xtv.
2118 3639 2168 3674 c.
2189 3626 2272 3673 1⁷.

1562 3707 1575 3742 ¹
1598 3706 1825 3770 Proruit]
1856 3704 2012 3756 Anno
2034 3707 2085 3754 3.
2131 3697 2459 3766 Olympiadis
2482 3700 2563 3747 20.

1497 3787 1679 3836 Romae
1702 3783 1929 3834 conditae
1960 3786 2074 3832 816.
2127 3779 2321 3830 Christi
2345 3776 2454 3826 nati
2477 3778 2562 3825 68.

1498 3862 1636 3911 Vide
1660 3867 1809 3911 notas
1831 3860 1867 3910 l.
1886 3873 2004 3909 xiv.
2026 3872 2074 3909 c.
2092 3861 2174 3907 64.
2220 3854 2466 3904 Tillemon.

1563 3946 1600 3971 ¹¹¹
1629 3939 1779 4002 Virgo
1805 3936 2030 4000 Vestalis]
2093 3932 2338 4002 Vestales
2378 3943 2409 3977 a
2445 3927 2563 3977 Diis

1496 4016 1692 4066 electas
1724 4013 2018 4080 jactabant,
2061 4010 2184 4074 qnia
2227 4013 2366 4056 sorte
2389 4003 2565 4072 capie-

1496 4096 1707 4145 bantur.
1730 4094 1819 4143 Sic
1842 4099 1989 4142 vetus
2006 4086 2373 4154 Epitaphium:
2394 4085 2410 4112 ‘
2431 4082 2565 4133 ‹31oe-

1495 4174 1580 4224 11ae
1618 4171 1921 4223 Claudianae
1961 4169 2073 4218 VV.
2112 4164 2357 4216 Maximae
2392 4177 2422 4211 a
2445 4160 2566 4211 Diis

1496 4252 1816 4392 electtgeij
1836 4323 2009 4387 locum]
2030 4321 2094 4373 In
2111 4321 2281 4373 locum
2300 4316 2562 4368 defuncte
