3063 4952
369 522 784 591 Neronisin
840 521 1399 604 urbemregressi
1455 527 1638 590 sunt.
1722 521 1938 600 Atin
1993 524 2242 591 Senatu
2300 528 2587 607 cunctia,

363 633 439 691 ut
497 628 750 711 cuique
800 625 1158 711 plurimum
1208 626 1567 705 moeroris,⁰
1622 626 1698 692 in
1738 626 2186 694 adulationem
2241 627 2577 708 demissis,

363 730 412 796 J
414 732 643 796 unium
688 730 1115 807 Gallionem‚¹'
1165 729 1445 795 Seuecae
1503 725 1733 796 fratris
1761 739 1973 796 morte
2002 731 2324 817 pavidum
2352 739 2423 797 et
2449 753 2575 817 pro

364 849 490 899 sua
517 834 967 899 incolumitate
1010 835 1438 918 supplicem‚‘¹
1483 835 1815 920 increpuit
1874 837 2183 901 Salienus
2242 835 2577 914 ClemenS,

366 942 387 972 ‘
415 939 672 1003 hostem
721 944 790 1003 et
831 937 1256 1022 parricidam’
1305 958 1592 1024 vocans:
1639 938 1851 1022 donec
1910 959 2241 1005 consensu
2299 940 2576 1004 Patrum

364 1040 707 1106 deterritus
730 1046 855 1119 est,
901 1044 924 1075 ‘
951 1061 1034 1105 ne
1077 1042 1368 1126 publicis
1417 1044 1614 1108 malis
1650 1044 1838 1109 abuti
1884 1041 1971 1107 ad
2000 1043 2418 1108 occasionem
2445 1044 2580 1127 pri·

1112 375 1526 428 annuunt
1572 377 1724 429 mn.
1768 377 1904 430 XV·

365 380 507 438 &ss
527 381 636 446 αἱ]

364 1225 462 1274 Sed
481 1226 980 1291 bmnium,
998 1235 1278 1294 nequaque
1311 1229 1973 1282 namma-reflectas
1995 1227 2583 1291 cranium-tationem

287 1327 294 1338 ,
363 1291 813 1367 aleiedQSaliemoe
847 1246 1572 1359 cta-imoffiugwitsnaq
1593 1298 1876 1358 Gallionem,
1896 1294 2277 1355 &ucoefrutriae
2295 1300 2584 1351 necea-ter·

364 1357 534 1419 ritan,
554 1364 809 1422 etpum-
827 1363 1228 1424 mammen,
1257 1378 1453 1427 eamque
1481 1365 1682 1414 bostem
1711 1371 1770 1414 ct
1788 1360 2417 1426 patriciu-manendam
2435 1362 2582 1409 donec

363 1425 610 1474 concordia
626 1430 823 1488 patrm
841 1426 1123 1476 «wertina
1162 1433 1253 1492 est,
1288 1443 1355 1478 ne
1390 1429 1541 1479 malis
1554 1429 1798 1493 publicis
1816 1428 1961 1478 abuti
1985 1427 2052 1477 ad
2074 1427 2325 1477 ultionem
2348 1427 2579 1490 privata-

1367 1561 1582 1612 NOTAE

377 1673 390 1688 ’
423 1675 450 1703 ⁶
493 1669 560 1719 Ut
601 1672 771 1737 cuique
803 1673 1056 1736 pluriam
1075 1676 1309 1740 ηκτοι-Β]
1340 1675 1428 1727 Αιι
1508 1676 1672 1741 ipsius
1698 1675 1925 1740 advolvi,
1964 1681 2023 1725 et
2055 1674 2292 1742 dextram
2315 1671 2477 1736 ipsius
2498 1683 2581 1721 os-

351 1748 659 1799 aimulatum
703 1751 910 1801 civium
927 1768 1200 1803 moerorem
1237 1755 1428 1806 intelli·
1509 1754 1640 1804 culis
1664 1751 1925 1819 fatigare!

360 1825 458 1890 git,
501 1835 719 1890 propter
755 1829 988 1892 pericula
1004 1831 1375 1894 conjurationis
1396 1848 1428 1883 a

359 1903 600 1968 principe
620 1905 799 1955 adita?
836 1907 1078 1957 minime:
1116 1923 1236 1959 nam
1254 1911 1427 1974 potius

359 1992 459 2044 per
472 1980 819 2033 adulationem
854 1983 1226 2036 dissimulanda
1237 1988 1427 2038 laetitia

364 2056 573 2154 fuisset.

377 2136 512 2185 An
533 2152 746 2229 moeiaer
793 2154 861 2188 ex
906 2140 1117 2204 publica
1157 2142 1310 2191 clade
1347 2149 1427 2192 tot

364 2213 635 2266 illustrium
659 2220 922 2268 virorum?
971 2220 1157 2269 Verius
1176 2221 1427 2285 iuterpre-

363 2297 447 2341 tor
469 2308 532 2341 ex
558 2297 955 2359 consanguineis
993 2305 1048 2346 et
1078 2297 1253 2346 amicis
1278 2312 1430 2347 neca-

358 2368 444 2430 tis,
460 2370 603 2433 cujus
615 2371 777 2419 cladis
796 2373 1047 2422 neminem
1064 2381 1336 2438 expertem
1352 2373 1428 2424 fu-

357 2444 463 2496 isse
474 2446 788 2497 credendum
805 2455 901 2501 est.
938 2450 1042 2500 Sed
1076 2449 1142 2499 ad
1162 2465 1430 2517 quoe-tum-

359 2537 460 2588 que
504 2539 567 2574 ea
588 2527 866 2590 plurimum
888 2529 1202 2592 pertinebat,
1222 2544 1285 2578 eo
1319 2545 1426 2579 ma·

359 2599 441 2664 gia
480 2600 709 2651 dolorem
747 2619 845 2667 per
882 2605 1155 2653 demissam
1176 2604 1428 2655 adulatio-

358 2691 478 2728 nem
501 2679 907 2732 dissimnlabant.
944 2684 1171 2733 Pictam.

424 2757 503 2805 Ex
542 2767 763 2825 utroque
788 2761 954 2824 potuit
992 2776 1102 2811 esse
1130 2776 1335 2825 moeror,
1368 2768 1425 2813 et

358 2845 425 2882 ex
473 2833 620 2884 clade
675 2836 901 2887 virorum
954 2837 1252 2902 illustrium,
1304 2840 1426 2904 quia

357 2911 636 2974 spectabat
658 2924 750 2961 res·
775 2921 831 2962 et
870 2916 1164 2980 exemplum
1199 2917 1266 2966 ad
1288 2917 1426 2980 opti-

355 3002 468 3038 mos
494 2996 550 3039 et
571 2991 909 3041 nobilissimos
931 2993 1092 3057 cives,
1111 3000 1166 3044 et
1179 2997 1337 3044 etiam
1354 3010 1423 3044 cx

355 3076 488 3115 nece
511 3070 1024 3133 consanguineorum.

415 3143 540 3192 ¹Sive
564 3152 864 3208 spectarent
885 3146 1147 3211 Rempub.
1165 3149 1277 3198 sive
1293 3165 1351 3199 se
1366 3157 1423 3201 et

354 3218 601 3269 familiam
659 3228 750 3270 aunt
801 3223 1235 3289 propinquitates,
1271 3228 1424 3290 pluri-

352 3314 482 3347 mum
520 3299 734 3347 moeroris
764 3299 968 3359 inerat3
1014 3302 1218 3365 quiquo
1239 3303 1424 3369 major,

354 3390 418 3426 eo
434 3379 635 3428 cautius
653 3377 1032 3427 occultabatur.

405 3455 696 3504 Plurimum»
730 3455 966 3529 moeroris]
1033 3456 1121 3507 Sic
1173 3457 1266 3510 lib.
1303 3473 1339 3510 1.
1372 3464 1421 3512 7.

348 3529 376 3558 ‘
388 3529 464 3580 At
484 3528 667 3582 Rom&
703 3547 854 3582 ruere
898 3532 950 3582 in
986 3535 1253 3585 servitium
1297 3552 1419 3587 con-

352 3610 489 3658 sules
492 3614 719 3673 φατες,
735 3612 912 3675 eques,
931 3618 1127 3676 quanto
1146 3612 1258 3677 quis
1276 3614 1418 3664 illus-

351 3686 500 3745 trior,
522 3692 670 3736 tanto
685 3689 845 3751 magis
861 3686 980 3737 falsi
997 3704 1058 3740 ac
1070 3680 1417 3742 festinantes!

373 3776 378 3781 ·
414 3763 504 3814 Sic
543 3766 703 3813 ethic
728 3772 922 3828 patres,
955 3776 1059 3831 quo
1082 3768 1416 3834 propinquio-

351 3844 435 3890 res
491 3844 670 3890 eorum
699 3842 1007 3903 ·interemti,
1062 3856 1163 3910 quo
1217 3847 1416 3897 cariora

351 3931 528 3967 eorum
573 3918 794 3985 pignora
833 3921 1034 3972 sub'lata
1057 3930 1225 3986 erant,
1245 3938 1306 3973 eo
1329 3925 1421 3974 im-

352 3994 565 4059 pendiis
606 3995 657 4043 in
693 3995 1046 4048 adulationem
1078 4000 1286 4051 demissi
1328 4003 1420 4053 ab·

342 4070 606 4139 jecthu‘e,
628 4085 818 4137 nempe
838 4074 890 4123 in
922 4084 1106 4126 senatu
1124 4078 1253 4141 ipso.

367 4147 510 4196 Ut
532 4158 692 4211 supra
726 4153 808 4199 71.
853 4150 868 4177 ‘
894 4150 1039 4201 Alius
1083 4151 1208 4215 filio,
1254 4155 1417 4206 statre

350 4214 503 4287 alius',
519 4230 614 4273 aut
632 4227 940 4292 propinquo,
964 4235 1056 4278 aut
1078 4231 1244 4280 amico
1262 4232 1420 4282 iuter-

348 4297 525 4367 fectis,
561 4316 717 4367 agere
756 4310 931 4370 grates
965 4305 1109 4373 Diis,
1126 4310 1229 4359 etc.
1250 4323 1421 4375 genua

1574 1838 1602 1873 Ρ
1624 1832 1836 1888 μ.1ιιιιι”ιιιιι
1875 1827 2168 1891 Gallionem]
2222 1828 2393 1878 Quem
2430 1826 2579 1876 Nero

1509 1913 1629 1970 post
1652 1906 1936 1958 interfecit.
1970 1906 2095 1956 Dio.
2132 1904 2197 1954 In
2230 1903 2453 1954 Eusebio
2490 1905 2583 1953 aud

1508 1991 1617 2035 tem
1640 1986 1829 2036 clarius
1854 2002 1869 2034 ι
1890 1985 1908 2013 ‘
1928 1983 2115 2036 Junius
2132 1982 2362 2033 Anuaeus
2387 1980 2582 2045 Gallio,

1505 2059 1676 2110 frater
1711 2062 1943 2122 Senecae,
1977 2060 2219 2124 egregius
2244 2057 2582 2119 declamator,

1507 2136 1721 2201 propria
1758 2151 1815 2185 ae
1845 2147 1999 2185 manu
2022 2134 2321 2184 interfecit:
2354 2142 2577 2184 mortem

1508 2214 1624 2278 ejus
1646 2215 1859 2265 Nerone
1879 2215 1933 2263 in
1956 2229 2097 2263 suam
2118 2211 2452 2278 praesentiam
2475 2210 2577 2262 dif-

1509 2290 1750 2343 ferente!

1576 2370 1696 2418 Hoc
1718 2366 1928 2419 confert
1943 2368 2074 2418 illud
2098 2367 2389 2418 chronicon
2416 2367 2470 2417 in
2487 2381 2578 2417 au·

1508 2459 1633 2495 num
1668 2445 1806 2495 hunc
1835 2444 2076 2506 eundem,
2111 2461 2217 2510 quo
2254 2446 2494 2496 Lucanus
2516 2451 2576 2496 et

1507 2524 1711 2573 Seneca
1759 2523 1940 2574 occisi.
1963 2521 1973 2529 '
2029 2524 2220 2573 Mirum
2275 2524 2328 2572 in
2383 2523 2573 2574 Tacito

1507 2599 1636 2648 nihil
1658 2615 1791 2661 esse,
1829 2601 1871 2649 si
1916 2607 2090 2650 tamen
2123 2599 2223 2650 hoc
2260 2606 2495 2663 tempore
2512 2613 2577 2650 ea

1505 2676 1694 2726 caedes.
1728 2677 1942 2740 Lipsius.

1552 2754 1868 2817 Gauio-nem]
1922 2756 1978 2805 Is
2021 2760 2121 2816 est,
2145 2754 2231 2820 qui
2266 2758 2282 2783 ‘
2305 2769 2423 2803 unco
2445 2759 2574 2804 truc-

1505 2835 1610 2879 ium
1629 2832 1679 2880 in
1694 2833 1856 2880 coelam
1882 2831 2147 2881 Glandim'
2178 2830 2330 2894 dixit,
2346 2830 2581 2895 eleganti

1504 2907 1761 2960 irrisione.
1828 2909 2038 2976 Quique
2080 2910 2394 2959 nominatim
2447 2922 2576 2960 voce

1506 2985 1773 3037 Neronem
1797 2987 2004 3051 citavit,
2027 2993 2086 3038 ut
2102 2988 2156 3037 iu
2175 2988 2437 3037 theatrum
2456 3000 2577 3052 pro-

1503 3061 1662 3114 diret.
2052 3080 2071 3089 ‘

1568 3150 1593 3183 ⁴1
1626 3142 1917 3207 Supplicem]
1973 3145 2195 3207 Nempe,
2221 3143 2359 3207 apud
2394 3150 2576 3207 patrea

1502 3218 1556 3267 in
1573 3219 1735 3283 curia,
1749 3234 1851 3268 nou
1874 3219 2011 3284 apud
2024 3220 2333 3283 principem,
2355 3219 2571 3284 quitum

1504 3311 1609 3346 non
1642 3297 1825 3347 aderat
1859 3298 1914 3346 in
1935 3304 2137 3347 senatu.
2209 3298 2367 3347 Forte
2387 3296 2576 3348 Junius

1504 3375 1679 3424 Gallio
1700 3376 1817 3425 loco
1837 3373 2111 3425 sententiae
2144 3374 2337 3439 aliquid
2361 3373 2576 3426 addide-

1502 3459 1585 3502 rat
1605 3453 1673 3503 de
1710 3468 1803 3503 sua
1824 3452 2136 3503 innocentia.
2202 3452 2307 3501 Sed
2339 3466 2458 3501 cum
2491 3466 2576 3517 ea,

1502 3546 1620 3594 quoe
1662 3531 1883 3595 diceret,
1918 3546 2040 3580 vera
2076 3534 2169 3579 aut
2186 3527 2317 3578 falsa
2341 3544 2436 3593 pro
2458 3529 2569 3596 opi-

1495 3607 1672 3669 nione,
1701 3607 1904 3672 favore,
1943 3616 2034 3659 aut
2053 3607 2268 3658 libidine
2307 3608 2563 3674 cujuaque

1496 3684 1712 3735 Patrum
1756 3691 2142 3752 reputarentur,
2175 3687 2241 3736 ad
2282 3700 2469 3751 preces
2507 3685 2565 3736 in

1495 3770 1643 3814 tanta
1679 3766 2097 3818 consternatione
2133 3764 2389 3830 confugit,
2414 3780 2566 3831 roga·

1500 3843 1683 3909 vitque
1701 3846 1886 3896 Patres
1904 3861 1998 3911 pro
2016 3862 2108 3896 sua
2123 3847 2308 3896 salute.

1565 3920 1645 3970 At
1699 3923 1751 3971 in
1804 3929 1953 3974 tanto
1997 3938 2213 3973 numero
2255 3927 2574 4013 senatorum,

1500 4008 1607 4046 non
1665 3998 1834 4050 defuit
1892 4017 2017 4051 acer
2070 4001 2415 4065 adversarius,
2480 4001 2574 4067 qui

1497 4076 1772 4126 occasione
1789 4078 1934 4142 data,
1960 4094 2063 4129 non
2084 4086 2232 4131 certe
2254 4092 2429 4129 amore
2447 4076 2577 4130 boui

1498 4153 1713 4216 publici,
1738 4154 1830 4204 sed
1847 4157 2055 4223 proprio
2072 4157 2209 4219 odio,
2231 4157 2362 4207 talea
2382 4169 2572 4221 preces

1498 4229 1798 4294 repelleret,
1829 4239 1887 4283 et
1914 4232 2110 4284 acriter
2145 4233 2477 4284 inveberetur
2514 4232 2570 4285 in

1495 4307 1805 4374 supplicem.
