3063 4952
337 437 389 495 Ji
410 436 473 493 Ο.
492 435 605 503 Ν.)

1059 421 1483 479 muamus!-
1545 421 1699 475 un.

1746 419 1921 471 xm.
2359 399 2562 471 >amo

337 578 489 647 sed-
518 574 759 646 civim
795 565 1154 645 Juhouumf
1175 570 1366 637 socia
1389 566 1613 650 nobis,
1661 565 1841 634 malo
1892 563 2268 652 improviso*
2310 561 2563 677 afflicta

329 777 487 835 vasa,
525 773 1015 828 Atuatiolahom
1033 773 1191 824 amieo
1217 772 1353 824 nobis
1381 773 1629 841 inopinata
1658 770 1935 823 calamato
1961 768 2184 836 perculso
2220 772 2332 820 esti
2361 763 2562 832 ‘quippe

1276 934 1633 955 ”MOOOOOO

329 1046 598 1117 sumebant.
660 1052 854 1169 Idam}
852 1050 1124 1104 confirmat
1144 1051 1256 1103 Mei
1288 1052 1469 1116 lectio,
1491 1052 1591 1103 etsi
1632 1051 1687 1101 in
1730 1049 1941 1116 reliquis
1977 1046 2144 1098 minus
2165 1041 2470 1105 emendata:
2515 1045 2563 1093 et

330 1136 503 1174 numen
522 1113 711 1186 quidem

837 1120 900 1168 ile
919 1119 973 1169 in
990 1134 1040 1170 se
1056 1118 1318 1169 vertebant.
1384 1117 1541 1168 Unde
1566 1119 1618 1168 N
1629 1118 1826 1169 icolaus
1854 1114 2102 1166 Heinsius
2123 1110 2365 1178 legebat.
2411 1113 2460 1159 et
2477 1106 2567 1158 mi-

1355 1263 1580 1320 NOTAE

336 1385 419 1433 tos
438 1395 459 1443 ς
491 1380 619 1447 qnia
638 1381 845 1432 scilicet
857 1386 979 1432 ante
993 1379 1252 1447 praelium,
1274 1378 1412 1429 Her·

332 1457 584 1510 munduri
624 1459 713 1523 qui
746 1458 1005 1523 vicerunt,
1043 1458 1214 1508 Cattis
1248 1457 1409 1508 hosti-

336 1534 433 1586 bus
477 1548 569 1585 eas
621 1535 785 1586 minas
825 1535 1182 1587 intentarunt:
1235 1535 1413 1602 sicque

329 1611 478 1679 quince
497 1611 689 1677 quidem
703 1611 891 1662 hostiles
906 1613 963 1677 in
1003 1613 1129 1678 ipsos
1164 1612 1414 1673 verteban-

402 1765 511 1817 Sed
547 1766 744 1832 potius,
777 1772 924 1832 puto,
961 1766 1119 1817 etiam
1159 1780 1263 1816 non
1293 1771 1415 1816 ante

338 1842 577 1909 praelium
601 1843 823 1894 tacuisse
860 1845 1047 1909 Cattos,
1078 1843 1169 1910 qui
1203 1842 1409 1893 validis-

341 1920 451 1972 simi
477 1936 539 1973 ac
563 1920 870 1972 ferocissimi
909 1922 1107 1986 populi,
1130 1920 1223 1970 sed
1248 1920 1411 1971 minas

339 1992 498 2048 etiam
514 1998 857 2063 interjecisse,
877 1998 920 2049 si
940 1999 1232 2062 vincerent,
1251 1997 1411 2048 diver-

339 2089 440 2126 sam
463 2076 614 2126 aciem
635 2075 794 2126 Marti
815 2091 872 2125 uo
899 2076 1141 2126 Mercurio
1180 2082 1417 2127 sacratu·

333 2152 443 2218 jos,
465 2159 526 2202 ut
551 2158 607 2205 et
627 2153 768 2218 ipsos
793 2152 1214 2205 Hermunduros.

405 2230 562 2283 Quod
585 2237 763 2280 votum
772 2245 1050 2296 prosperum
1074 2231 1192 2297 illis,
1208 2236 1265 2281 at
1288 2230 1423 2280 Cat-

345 2304 412 2356 tis
451 2306 719 2356 exitiosius
757 2305 885 2371 fuit3
923 2307 1050 2358 etin
1070 2307 1212 2374 ipsos,
1234 2305 1419 2357 Cattos

343 2385 551 2450 nempe,
569 2386 712 2434 minoe
735 2400 842 2435 suae
865 2385 1074 2450 hostiles,
1095 2385 1149 2435 id
1165 2392 1264 2448 est,
1284 2398 1414 2453 quas

343 2462 442 2529 ipsi
476 2463 668 2528 hostes,
689 2463 794 2515 suis
815 2462 1050 2515 hostibus
1079 2462 1418 2528 intentarunt,

345 2539 672 2598 vertebantur.

406 2610 603 2684 Sicque
626 2623 786 2669 uotum
817 2617 948 2668 illud
982 2624 1237 2684 mutuum,
1259 2625 1317 2669 et
1338 2617 1421 2667 in-

346 2695 515 2748 vicem
538 2695 798 2748 hostium
783 2712 837 2747 ιιι
857 2697 1030 2747 hostes
1059 2695 1180 2760 fuit,
1199 2696 1243 2746 si
1267 2695 1416 2746 vicis-

344 2774 483 2836 s'ent,
501 2778 673 2823 cuneta
689 2773 910 2824 hostium
931 2772 1159 2823 occidioni
1180 2774 1417 2835 daturos,-

346 2858 402 2901 et
442 2850 615 2901 benum
651 2850 1006 2901 Herminduris
1029 2864 1324 2915 prosperum,
1347 2863 1412 2901 eo

350 2926 511 2978 Cattis
549 2926 799 2978 exitiosius
846 2926 966 2993 fuit,
1004 2927 1140 2993 quod
1198 2927 1418 2991 victores,

345 3001 568 3060 hostium
609 3003 761 3053 aciem
802 3002 980 3065 Marti,
1024 3006 1106 3065 850.
1154 3017 1415 3053 sacravere.

349 3078 505 3133 Quod
550 3086 730 3129 votum
795 3078 1072 3134 barbarum
1131 3079 1415 3129 emiserant

347 3164 467 3209 aute
488 3156 768 3208 discrimen
790 3159 1002 3223 utrique
1025 3157 1223 3223 populi.
1287 3157 1415 3207 Tale

346 3241 527 3287 votnm
570 3235 802 3286 emisisse
831 3236 993 3285 etiam
1031 3236 1233 3300 Cattos,
1270 3234 1414 3285 colli-

349 3319 473 3378 gere
490 3312 744 3380 possimus
766 3328 834 3363 ex
854 3312 949 3363 lib.
984 3313 1050 3362 de
1073 3314 1211 3363 Mor.
1234 3313 1413 3366 Germ.

349 3395 432 3441 81.
472 3390 488 3418 ‘
508 3388 667 3457 Apud
691 3391 872 3443 Cattos
895 3390 948 3440 iu
972 3405 1280 3443 consensum
1302 3405 1414 3440 ver-

349 3466 434 3534 tit,
471 3471 575 3519 &c.
601 3468 796 3519 crinem
829 3467 1147 3533 barbamque
1184 3467 1416 3517 summit·

348 3553 480 3612 tere,
502 3560 601 3597 nec
624 3546 725 3596 nisi
755 3547 905 3597 hoste
937 3561 1076 3596 caeso
1098 3559 1290 3596 exuere
1327 3561 1414 3596 vo-

349 3629 479 3690 tum,
509 3623 900 3690 obligatumque
934 3622 1123 3673 virtuti
1145 3624 1248 3673 oris
1270 3622 1415 3673 habi-

349 3701 476 3753 tum.
539 3702 712 3767 Super
746 3700 1051 3767 sanguinem
1072 3707 1129 3751 et
1147 3701 1312 3767 spolia
1335 3715 1414 3751 re-

350 3773 530 3831 velant
550 3776 816 3830 frontem.’

348 3865 356 3875 ·
388 3857 595 3928 jMiuoe]
667 3856 826 3907 Minae
886 3857 1148 3923 utrimque
1200 3857 1418 3909 hostiles

353 3941 521 4000 erant,
543 3949 658 4001 quae
691 3934 747 3984 in
782 3934 921 4000 ipsos
945 3934 1130 3985 Cattos
1162 3935 1419 3986 recidere.

353 4005 611 4077 intelligit
670 4011 854 4078 minas,
896 4026 990 4062 seu
1028 4017 1150 4062 vota
1190 4013 1418 4077 hostilia,

356 4105 468 4156 quae
501 4090 557 4140 in
588 4095 812 4156 utraque
847 4089 961 4142 acie
995 4087 1212 4157 fiebant,
1232 4104 1421 4155 nempe

356 4160 407 4217 in
430 4167 704 4233 procinctu
726 4166 792 4217 ad
814 4166 1074 4232 praelium.

421 4252 578 4303 Forte
603 4248 797 4327 aliquid
821 4248 988 4308 simile
1020 4246 1419 4316 intelligendum

252 4363 257 4368 -
361 4323 424 4380 de
441 4325 705 4382 Britannis
731 4315 873 4393 'apud
889 4324 1144 4378 Tacitum.
1185 4325 1419 4406 Quorum

1492 1379 1712 1431 Druidae
1751 1377 1880 1429 diras
1915 1391 2078 1443 preces
2114 1374 2405 1427 fundebant
2443 1379 2567 1426 ante

1493 1462 1780 1519 certamen,
1821 1454 1963 1520 quasi
2001 1452 2242 1504 hostilem
2278 1450 2570 1502 exercitum
2623 1502 2632 1518 ,

1496 1534 1624 1584 diris
1638 1534 1976 1596 devoverent,
1990 1532 2208 1597 jamque
2227 1544 2316 1580 eos
2333 1528 2450 1580 Diis
2464 1528 2568 1581 suis

1497 1618 1555 1662 et
1570 1626 1662 1663 suo
1688 1611 1794 1660 ritu
1818 1613 2105 1661 sacrarent.

1565 1688 1804 1753 Hostiles]
1850 1682 2057 1752 Nempe
2093 1685 2269 1750 miuae,
2292 1699 2420 1751 quas
2455 1682 2571 1735 hos-

1499 1768 1639 1821 tibus
1681 1768 1759 1818 illi
1799 1767 2209 1831 intentaverant,
2236 1765 2291 1814 in
2323 1764 2576 1830 ipsosmet

1499 1845 1589 1913 qui
1608 1844 1795 1895 minati
1817 1843 2041 1907 fuerant,
2063 1841 2318 1893 recidere.
2370 1840 2572 1894 Utriu»

1501 1937 1603 1988 que
1646 1920 1889 1972 hostilem
1929 1921 2093 1971 aciem
2133 1919 2298 1970 Marti
2332 1933 2393 1969 ac
2428 1918 2574 1969 Mer-

1500 2001 1647 2052 curio
1680 2006 2021 2052 sacraverant
2055 1999 2201 2051 Catti
2239 2004 2296 2055 ,et
2318 1998 2576 2051 Hermun-

1502 2078 1642 2146 duri,
1673 2086 1729 2131 et
1765 2079 1841 2130 sic
1881 2078 1939 2129 in
1976 2079 2141 2128 victos
2180 2076 2365 2127 Cattos
2401 2088 2572 2125 versas

1501 2158 1676 2222 minae,
1711 2171 1838 2224 quas
1872 2156 1973 2223 ipsi
2004 2154 2241 2207 hostibus
2280 2159 2402 2204 ante
2437 2166 2573 2218 prn-

1499 2237 1625 2293 lium
1654 2237 1989 2286 intentarant.

1506 2306 1511 2309 ’
1566 2311 1586 2347 ¹
1614 2313 1799 2364 Civitas
1819 2312 2086 2380 Jahonum]
2129 2312 2217 2361 De
2233 2310 2333 2369 hoc
2355 2307 2479 2377 igne
2500 2306 2576 2358 ni-

1497 2390 1604 2449 mia
1632 2389 1767 2443 mira
1787 2388 2002 2452 Pighius
2037 2386 2232 2438 amicus
2254 2391 2431 2439 noster
2452 2398 2575 2436 cen-

1502 2460 1671 2532 sebat,
1714 2465 1962 2528 Hnjonum
2009 2464 2166 2515 scrib.
2222 2460 2461 2529 quoniam
2518 2454 2574 2513 in

1502 2562 1626 2615 agro
1656 2544 1992 2616 cognomine,
2026 2542 2180 2592 hodie
2213 2542 2346 2608 lapis
2379 2540 2575 2600 multus

1503 2625 1600 2690 sub
1625 2630 1770 2675 terra
1804 2619 2016 2686 fossilis,
2037 2619 2254 2670 idoneus
2294 2617 2577 2682 concipere

1496 2700 1695 2767 iguem.

1569 2779 1673 2830 Sed
1718 2793 1817 2843 ego
1861 2774 2091 2841 ambigo,
2131 2789 2198 2825 ne
2243 2788 2307 2826 ea
2345 2785 2473 2837 gens
2514 2770 2571 2824 in

1501 2849 1784 2907 Germania
1820 2856 1936 2921 ipsa
1978 2853 2104 2904 alibi
2140 2850 2321 2919 fuerit,
2364 2865 2469 2902 non
2515 2847 2572 2906 in

1498 2934 1752 2999 Belgica·
1737 2970 1754 2996 ,
1810 2937 1868 2984 et
1908 2931 2120 2998 quidam
2156 2929 2282 2981 libri
2328 2927 2574 2986 Viscum.

1499 3003 1732 3076 Lipsius.

1568 3080 1756 3140 Civitas
1786 3087 2054 3157 Juhonum]
2103 3086 2205 3140 Qui
2241 3086 2331 3138 isti
2372 3083 2576 3152 populi,

1499 3171 1591 3237 aut
1615 3166 1705 3217 ubi
1724 3166 2014 3218 terrarum?
2051 3165 2103 3215 in
2124 3164 2263 3215 Flor.
2306 3164 2568 3222 Vibonem,-

1497 3245 1753 3311 proxime,
1777 3246 1831 3295 ni
1851 3243 2023 3312 fallor,
2042 3241 2216 3302 veram
2238 3243 2571 3307 scripturam.

1498 3322 1884 3387 corrigendum
1936 3321 2071 3372 enim
2127 3320 2351 3383 videtur,
2403 3318 2580 3374 civito·

1499 3401 1790 3462 Chaibonsm
1826 3402 1936 3451 sive
1963 3400 2222 3450 Gavium
2238 3414 2255 3449 .·
2285 3398 2355 3448 de
2378 3396 2568 3463 quibus

1495 3479 1704 3545 populis
1750 3478 2089 3543 peculiariter
2134 3476 2245 3527 dixi
2288 3475 2354 3527 ad
2397 3472 2569 3532 Taciti

1497 3557 1848 3626 Germaniam.
1886 3557 2097 3607 Colerus.

1563 3636 1777 3687 Rectius
1801 3633 2007 3699 Lipsius
2037 3634 2092 3684 in
2133 3631 2426 3690 Germania
2461 3631 2578 3696 ipsa

1498 3712 1633 3763 hanc
1655 3710 1814 3763 fuisse
1836 3712 2078 3763 Juhonum
2111 3710 2384 3761 civitatem
2409 3709 2577 3774 suspi-

1500 3794 1671 3858 catur.
1738 3788 1803 3838 Id
1835 3787 2030 3855 quippe
2070 3787 2374 3852 conjunctio
2413 3786 2573 3837 histo·

1502 3868 1712 3929 riarum,
1731 3882 1861 3936 quas
1884 3866 1951 3928 de
1971 3866 2245 3917 Cattorum
2269 3861 2496 3926 excidio,
2518 3870 2576 3912 et

1501 3945 1569 4010 de
1590 3944 1834 3995 Juhonm
1856 3943 2157 3993 calamitate
2181 3947 2366 3991 auctor
2389 3938 2574 3990 refert.

1565 4021 1706 4071 Item
1730 4018 1870 4086 qnod
1909 4024 1966 4069 et
1996 4019 2112 4083 ipsa
2141 4017 2284 4067 socia
2319 4017 2574 4074 ¹Romanor

1501 4114 1618 4152 rum
1656 4097 1778 4163 fuit,
1815 4096 2246 4163 quemadmodum
2278 4100 2334 4145 et
2365 4093 2579 4148 Mattisf
2651 4110 2655 4114 ·

1501 4192 1680 4234 corum
1700 4176 1903 4230 civitas.
1967 4173 2122 4224 Unde
2159 4172 2360 4238 liquido
2395 4168 2575 4235 colligi

1498 4261 1697 4322 potest,
1727 4253 1939 4314 Julaones
1976 4250 2044 4301 ab
2068 4266 2170 4301 una
2192 4244 2573 4320 partechattis

1499 4331 1664 4402 fuisse
1699 4328 2073 4398 conterminos,
2096 4327 2164 4382 ab
2193 4327 2361 4385 altera
2382 4325 2571 4384 Rheno
