3063 4952
342 385 643 469 :fd-''Caefffia‘f

1048 392 1474 448 -ANNALIUM
1524 398 1671 450 Lm.
1693 396 1900 454 ”xllh

2403 388 2573 457 1451

366 562 407 587 ··
426 544 560 611 ’1’6.
609 547 767 612 Mos
816 547 1222 624 habebatur,
1264 544 1689 628 -Principum
1757 547 2002 611 liberos
2078 565 2233 623 cum
2273 551 2573 619 secteris?

339 650 539 713 :idem
590 652 811 715 aetatis
858 651 1190 714 nobilibus
1237 649 1540 713 sedentes
1590 651 1826 727 vesci,‘¹
1855 653 1939 715 -in
1980 648 2257 735 aspectu
2301 652 2575 738 propin·—

361 894 369 906 ,
428 851 731 900 Consuetudo
750 855 873 917 erut,
897 851 1062 901 liberos
1079 851 1455 917 imperitantium
1474 868 1579 902 cum
1595 852 1705 902 aliis
1727 851 1933 915 ejudem
1953 852 2113 902 oetotis
2129 853 2392 913 illustribus
2412 852 2575 918 purgeris

1360 1029 1583 1080 NOTAE

265 1134 271 1142 ’
359 1137 454 1187 bus
508 1139 642 1189 vasis
688 1141 839 1204 plura
880 1157 1079 1193 venena
1118 1143 1421 1209 praeparari,

358 1231 447 1268 seu
470 1219 629 1268 etiam
664 1221 713 1269 iu
740 1222 921 1272 eadem
951 1224 1050 1272 olla
1071 1224 1294 1289 decoqui
1336 1240 1422 1288 po-

334 1296 337 1299 '
359 1295 458 1345 tn'it
499 1297 803 1361 multiplicis
847 1300 1037 1363 speciei
1079 1303 1236 1362 virus,
1283 1303 1421 1367 quod

356 1386 544 1438 nempe
567 1382 707 1425 esset
731 1378 871 1427 aliud
896 1379 996 1428 alio
1022 1380 1271 1444 rapidiuS‚
1306 1395 1421 1445 pro-

357 1457 415 1500 ut
435 1453 558 1516 igne
579 1461 873 1517 urgeretur.

418 1530 609 1594 Itaque
633 1531 884 1595 decoctis,
907 1549 994 1583 seu
1015 1534 1244 1597 pluribus
1269 1551 1420 1585 vene-

355 1607 451 1671 nis,
470 1624 562 1658 seu
586 1609 891 1674 multiplicis
914 1614 1311 1675 temperamenti
1336 1630 1419 1663 ve-

355 1698 513 1745 neno,
550 1685 808 1748 ejusmodi
845 1703 1038 1737 venena
1061 1691 1262 1752 experti
1297 1698 1417 1741 sunt

355 1760 578 1811 artifices
599 1763 649 1810 in
675 1763 842 1825 haedo,
875 1765 996 1814 dein
1019 1772 1073 1815 et
1094 1767 1144 1815 in
1170 1770 1417 1830 porcello,

356 1844 409 1886 et
451 1840 658 1900 cognitis
699 1841 798 1889 illis
837 1845 1040 1905 venenis,
1081 1844 1317 1907 rapidum
1362 1853 1418 1895 et

353 1915 575 1964 maxime
595 1931 831 1980 praeceps
850 1918 1169 1983 delegerunt,
1187 1936 1286 1985 quo
1301 1923 1415 1981 Bri-

355 1992 620 2042 tannicum
643 2004 893 2045 necarent
917 1997 1028 2060 ipso
1050 1998 1285 2048 instanti.

384 2098 389 2103 1
418 2071 643 2132 Cognitis
694 2078 834 2121 antea
884 2074 1093 2137 renenis]
1170 2077 1416 2140 Vertuut,

351 2149 497 2212 qnasi
524 2149 761 2198 coxerint
782 2155 951 2211 antea,
975 2152 1281 2217 expertique
1305 2152 1416 2203 fue-

352 2225 453 2274 rint
474 2227 639 2274 multa
661 2241 876 2290 venena,
907 2234 963 2277 et
992 2244 1056 2278 ex
1076 2230 1153 2278 his
1185 2232 1415 2294 expertis

352 2303 584 2364 venenis,
607 2305 981 2367 rapidissimum
1007 2307 1316 2371 delegerint.

409 2380 516 2431 Sed
540 2381 676 2431 forte
715 2385 888 2448 potuit
924 2401 1077 2435 unum
1105 2394 1160 2436 et
1183 2387 1318 2438 idem
1341 2390 1413 2439 vi-

311 2472 317 2479 ·
348 2468 431 2507 rus
454 2461 703 2525 excoqui,
744 2461 835 2511 sed
873 2478 935 2512 eo
979 2464 1115 2529 quod
1153 2465 1412 2518 delectum

282 2582 301 2588 ,
347 2542 429 2585 est
460 2539 675 2600 cognito
700 2540 862 2603 prius,
902 2544 1416 2607 prout.coquebatur

347 2606 439 2663 adt
462 2615 797 2680 miscebatur,
836 2634 988 2683 quam
1013 2619 1117 2669 vim
1149 2627 1238 2670 aiut
1278 2624 1414 2686 rapi-

348 2688 569 2740 ditatem
592 2692 826 2742 liaberet.
874 2696 988 2744 Nec
1013 2696 1275 2748 desierunt
1300 2714 1415 2762 pes·

349 2766 410 2814 tis
436 2767 589 2817 illius
623 2768 854 2819 artifices
884 2773 1251 2824 vehementius,
1277 2776 1416 2826 iuco-

347 2858 525 2907 quere,
565 2851 655 2894 aut
689 2846 990 2899 violentiora
1028 2852 1305 2914 pharmaca
1344 2853 1418 2903 af-

347 2920 571 2972 fundere
658 2923 900 2988 invicem,
962 2944 1226 2995 quousque
1293 2930 1418 2982 ferri

341 2999 657 3052 ‚violentiam
733 3004 1090 3071 saevitiamque
1178 3008 1412 3074 adaequa-

352 3084 448 3128 ret.
1227 3127 1235 3134 .

403 3157 627 3219 Cognitis
640 3163 780 3208 antea
795 3161 984 3212 venenis
999 3163 1241 3227 rapidum]
1258 3163 1413 3228 Quia,

346 3239 404 3285 ut
425 3236 588 3285 habet
606 3237 899 3301 Suetonius,
924 3239 1059 3289 virus
1093 3241 1221 3289 illud
1258 3249 1413 3291 antea

346 3313 552 3376 experti
591 3322 744 3364 eraut
782 3315 833 3362 in
875 3316 1181 3378 corporibus
1222 3318 1411 3367 auima-

343 3386 465 3444 lium
485 3406 500 3450 ;
556 3389 717 3451 igitur
741 3394 1038 3456 recoquitur
1060 3394 1215 3454 virus,
1235 3396 1411 3459 explo-

339 3465 470 3515 -ratis
494 3474 667 3529 autea,
708 3475 763 3517 et
788 3470 1144 3534 praecoguitiS,
1181 3487 1240 3520 ac
1268 3472 1409 3535 prius

342 3544 575 3605 expertis
622 3544 854 3606 veneniS,
896 3545 1315 3602 violentissimum
1356 3555 1413 3599 et

296 3649 313 3664 =.
342 3622 562 3671 maxime
590 3632 1022 3685 praesentaneum.

405 3698 566 3760 Puto,
607 3707 767 3762 prout
805 3701 1232 3766 decoquebantur
1280 3719 1410 3767 prae-

342 3775 762 3841 parabanturque
786 3792 1000 3841 venena,
1032 3784 1139 3827 tum
1163 3786 1220 3829 et
1241 3788 1412 3828 easex·

331 3852 655 3913 plorabant3
690 3861 745 3901 et
783 3853 878 3917 sic,
920 3856 1142 3918 cognitis
1166 3863 1286 3910 ante
1310 3858 1414 3907 vio·

341 3930 504 3979 lentia
522 3937 579 3979 et
602 3931 900 3995 rapiditate,
916 3933 1052 3997 quod
1071 3932 1174 3983 fuit
1192 3935 1412 3985 maxime

341 4007 627 4057 violentum
646 4009 980 4074 rapidumque
999 4011 1250 4075 seligunt:
1272 4012 1411 4078 quod

341 4081 479 4134 forte
520 4100 617 4148 pro
643 4085 809 4149 gradu
831 4087 1018 4135 caloris
1043 4096 1098 4137 ct
1121 4089 1410 4139 concoctio-

282 4185 291 4198 ·
328 4160 435 4223 uis,
469 4169 563 4210 aut
598 4160 858 4212 facultate
881 4164 1236 4215 medicaminis
1268 4166 1409 4215 adhi-

330 4232 459 4297 biti,
481 4236 898 4305 distinguebant,
931 4241 1090 4291 veluti
1113 4243 1288 4307 plures
1315 4258 1410 4297 ,ve-

288 4343 293 4348 -
330 4313 455 4380 *neni
474 4314 696 4380 species.

1564 1145 1651 1195 Sic
1682 1146 1902 1198 Quintil.
1943 1148 2179 1196 Declam.
2221 1151 2338 1196 246.
2375 1146 2568 1211 fSaepe

1476 1238 1479 1241 ·
1502 1221 1552 1269 in
1577 1220 1793 1285 scelere,
1817 1224 2022 1272 virtutis
2046 1230 2126 1271 est
2151 1239 2300 1272 nosse
2324 1223 2568 1293 modum!

1502 1299 1572 1347 Et
1597 1300 1724 1349 Dec.
1749 1304 1862 1348 350.
1905 1302 1919 1328 ‘
1944 1301 2268 1348 Veneriorum
2309 1300 2459 1363 plura
2481 1315 2569 1364 ge·

1501 1390 1648 1436 nera,
1671 1376 1816 1438 plura
1837 1377 2039 1424 nomina
2066 1385 2204 1435 sunt,
2243 1377 2436 1426 diversi
2473 1378 2569 1426 eti·

1503 1467 1586 1500 am
1610 1450 1862 1501 affectus:
1900 1454 2039 1502 aliud
2065 1470 2130 1502 ex
2165 1455 2421 1503 radicibus
2455 1455 2570 1505 her-

1501 1528 1679 1578 barum
1713 1531 2052 1591 contrahitur,
2087 1530 2223 1578 aliud
2248 1545 2315 1578 ex
2340 1529 2573 1579 animali-

1501 1604 1598 1654 bus
1622 1605 1899 1656 mortiferis
1941 1614 2268 1656 reservatur:
2307 1614 2426 1656 sunt
2451 1622 2567 1672 quae

1500 1683 1672 1730 calore
1694 1684 1849 1731 nimio
1874 1684 2048 1733 vitalia
2073 1682 2325 1733 exurant!

1567 1760 1785 1821 Cognitis
1828 1766 1969 1809 antea
2024 1761 2229 1823 venenis]
2298 1760 2459 1810 Patet
2502 1776 2567 1811 ex

1500 1838 1710 1886 Sueton.
1739 1838 1862 1886 Ner.
1889 1842 1970 1886 33.
1994 1836 2152 1886 fuisse
2177 1852 2331 1887 unum
2352 1843 2404 1887 et
2427 1838 2567 1888 idem

1497 1930 1773 1976 venenum,
1809 1917 1896 1964 sed
1923 1915 2084 1979 magis
2109 1917 2375 1980 magisque-
2397 1931 2569 1967 recoc-

1498 1997 1626 2053 tum,
1670 2000 1726 2040 ut
1763 1992 1990 2056 rapidius
2025 1999 2199 2041 esset:
2236 1995 2249 2019 ‘
2278 1993 2568 2058 Coegitque
2623 2008 2630 2021 “

1498 2083 1555 2118 se
1600 2085 1774 2119 coram
1816 2071 1867 2118 in
1910 2069 2150 2118 cubiculo
2198 2085 2349 2133 quam
2390 2077 2567 2134 posset

1498 2147 1875 2196 velocissimum
1931 2162 1991 2195 ac
2029 2153 2442 2210 praesentaneum
2481 2162 2568 2198 co-

1499 2238 1687 2287 quere:
1746 2224 1936 2273 deinde
1998 2223 2050 2271 in
2095 2223 2244 2272 haedo
2301 2230 2568 2288 expertus,

1497 2310 1773 2367 postquam
1796 2304 1836 2351 is
1863 2304 2256 2367 quinquehoras
2279 2304 2564 2367 protraxit:

1494 2380 1683 2429 iterum
1710 2395 1770 2428 ac
1804 2381 1992 2443 saepius
2034 2389 2300 2429 recoctum
2337 2381 2564 2445 porcello

1493 2457 1709 2521 objecit.
1780 2458 1898 2508 Quo
1922 2458 2101 2506 statim
2140 2458 2449 2522 exanimum,
2484 2457 2564 2506 iu-

1496 2533 1621 2583 ferri
1659 2534 1707 2582 in
1750 2533 2054 2594 triclinium,
2102 2533 2315 2598 darique
2339 2533 2570 2584 coenanti

1497 2625 1671 2660 secum
1709 2609 2013 2659 Britannico
2042 2608 2354 2673 imperavit.'

1561 2695 1585 2729 Ρ
1626 2689 1744 2737 Cum
1768 2686 1958 2749 ceteris]
1992 2687 2055 2736 Iu
2084 2687 2267 2750 quibus
2291 2685 2457 2747 Titus,
2479 2686 2566 2751 qui

1496 2781 1617 2815 mox
1641 2766 1934 2829 imperavit,
1971 2764 2061 2829 qui
2097 2772 2150 2813 et
2174 2763 2344 2813 hausit
2366 2770 2566 2828 partem

1499 2846 1702 2896 veneni.
1770 2847 1983 2894 Sueton.
2009 2845 2062 2893 in
2084 2844 2226 2894 Tito.

1513 2947 1517 2956 ·
1561 2933 1586 2966 <1
1621 2925 1848 2974 Sedentes
1868 2923 2015 2986 vesci]
2065 2923 2279 2973 Sueton.
2303 2937 2460 2986 super
2482 2938 2565 2973 eo·

1498 3003 1617 3052 dem
1641 3003 1746 3051 ritu
1786 3000 1991 3050 Claudii
2034 3015 2080 3049 c.
2108 3004 2190 3049 32.
2226 3002 2240 3027 ‘
2267 3000 2569 3050 Adhibebat

1448 3115 1451 3118 -
1497 3080 1633 3131 omni
1659 3093 1818 3129 coeuoe
1860 3077 2049 3127 liberos
2085 3093 2203 3127 suos
2241 3093 2357 3127 cum
2394 3079 2568 3142 pueris

1495 3158 1783 3222 puellisque
1807 3155 2085 3216 nobilibus,
2108 3156 2195 3220 qui
2219 3170 2361 3205 more
2387 3156 2568 3217 veteri,

1495 3237 1559 3286 ad
1578 3236 1743 3286 fulcra
1761 3238 2013 3286 lectorum
2031 3236 2274 3286 sedentes
2294 3250 2567 3295 vesceren-

1494 3312 1614 3363 tur.'
1683 3313 1832 3362 Idem
1857 3314 1909 3362 in
1933 3314 2169 3376 Augusto
2192 3329 2238 3363 c.
2261 3319 2342 3363 64.
2377 3313 2443 3362 de
2462 3328 2565 3370 ,ne-

1492 3390 1703 3455 potibus
1727 3391 1837 3454 ejus
1860 3407 1872 3439 :
1908 3391 1922 3417 ‘
1950 3392 2136 3455 Neque
2176 3391 2416 3440 coenavit.
2442 3406 2563 3453 nna,

1491 3471 1593 3519 nisi
1634 3471 1686 3520 in
1732 3470 1833 3519 imo
1872 3471 2011 3519 lecto
2050 3469 2379 3521 assiderent!
2411 3511 2416 3514 .
2456 3469 2564 3521 Ubi

1492 3549 1805 3610 scripserim,
1828 3548 1921 3597 nisi
1941 3549 2128 3599 ntimo.
2171 3601 2178 3606 ,

1557 3627 1638 3674 Ex
1660 3626 1848 3689 quibus
1874 3624 2036 3688 vides,
2056 3641 2244 3689 pueros
2268 3628 2466 3678 sedisse
2498 3628 2565 3681 ad

1491 3700 1660 3768 fulcra
1694 3703 1956 3767 pedesque
1983 3713 2273 3766 parentum.
2338 3705 2565 3768 Sedisse‚

1493 3779 1630 3829 dico.
1696 3779 2022 3843 spernebant
2063 3781 2201 3829 enim
2242 3782 2396 3831 etiam
2436 3788 2563 3833 tunc

1493 3856 1791 3906 accubitum
1821 3871 1853 3905 a
1888 3856 2082 3919 pueris,
2118 3873 2148 3906 a
2183 3859 2376 3907 servis:
2416 3859 2564 3923 quasi

1492 3935 1712 3985 luxuriae
1737 3935 1893 3984 ritum
1926 3935 2000 3983 illi
2035 3936 2182 3985 aetati
2204 3935 2565 3994 ordiniveuon

1482 4011 1761 4064 decorum.

1557 4089 1644 4138 De
1661 4088 1826 4138 servis
1846 4089 2066 4138 Plautus
2085 4087 2298 4137 Sticho:
2318 4089 2348 4130 «⁴
2373 4089 2561 4140 Potius

1491 4166 1543 4215 in
1565 4167 1818 4216 subselliis
1843 4166 2039 4228 Cynice
2062 4164 2565 4231 accipiemur‚quam

1491 4243 1548 4291 in
1571 4244 1748 4294 lecto.'
1812 4243 1958 4292 Idem
1987 4242 2196 4292 Persa:
2243 4245 2259 4270 ‘
2286 4243 2336 4292 N
2340 4257 2405 4293 ou
2443 4257 2563 4310 pos·

1428 4361 1435 4372 .
1470 4321 1608 4384 tulo,
1647 4321 1889 4387 equidem
1926 4319 2046 4372 med
2087 4318 2563 4394 injecto-accum-
