3063 4952
481 373 662 449 uec

1192 395 1262 447 0.
1305 387 1502 448 eom«
1512 393 1671 448 :1111
1716 394 2000 449 ΤΑΟΠΨ-

2367 395 2465 474 [Α.
2485 400 2553 461 ιι.
2575 408 2708 462 saw

476 541 716 625 lectus,
772 541 1091 617 resistunt
1118 540 1372 624 defixi,
1429 549 1500 611 et
1556 542 1921 611 Neronem-
1944 543 2353 616 intuentes!
2413 549 2564 631 Ille,
2591 532 2721 617 'ut’

477 655 621 717 erat
647 648 964 728 redimat,⁸
994 652 1079 717 -et
1112 649 1340 714 nescio
1366 647 1634 729 similis,
1683 652 1703 684 ⁴
1733 640 1999 716 solitum
2026 651 2148 732 ita,
2150 650 2168 677 '
2214 652 2328 733 ait,
2380 655 2402 688 ‘
2432 672 2555 755 per
2582 666 2698 721 oo-

1006 835 1079 886 ier
1097 842 1231 903 erat,
1248 837 1289 889 ii
1319 843 1505 889 restant
1539 836 1739 888 moniti
1771 841 1823 887 et
1859 836 2061 913 inuncti,
2083 836 2410 901 Neronemque

674 902 764 953 Iue
782 906 838 952 ut
858 906 962 953 erat
981 906 1084 955 toro
1101 902 1382 970 recumbens,
1408 910 1457 955 et
1476 905 1646 969 ignoro
1660 903 1873 970 propior,
1902 902 1976 953 sic
2000 917 2117 954 eum
2139 902 2489 969 consuevisse,
2508 907 2602 977 att,
2624 899 2692 954 ob

1464 1048 1681 1104 No'rAE

477 1164 744 1232 praecipiti
768 1169 957 1231 morte,
988 1163 1287 1231 diffugiunt,
1311 1165 1399 1217 alii
1432 1180 1543 1217 ma·

477 1249 626 1296 nent.

539 1319 793 1371 Attamen
808 1318 862 1368 in
884 1318 1050 1383 prima
1068 1319 1326 1370 sententia
1343 1325 1539 1383 persto.

472 1398 613 1451 Nam
632 1396 700 1448 de
722 1397 1218 1449 circumsedentibus
1241 1398 1371 1448 dicit
1390 1397 1546 1447 Taci-

477 1482 582 1539 tus,
594 1475 726 1526 alios
749 1473 909 1524 fuisse
930 1473 1301 1542 imprudentes,
1321 1474 1433 1525 aliis
1454 1489 1547 1525 au·-

475 1559 586 1611 tem
622 1553 861 1603 altiorem
898 1552 1242 1623 intellectum.
1307 1552 1386 1605 At
1420 1567 1545 1603 neu-

475 1626 615 1680 trum
637 1629 740 1679 dici
762 1633 939 1693 potest
960 1628 1025 1678 de
1055 1629 1230 1692 pueris
1265 1629 1542 1680 circumse-

474 1707 717 1759 dentibus
740 1706 1115 1758 Britannicum.
1182 1706 1302 1757 Nisi
1324 1705 1461 1757 forte
1475 1705 1541 1760 id

465 1785 715 1849 ambigue
736 1783 992 1848 intelligat
1014 1788 1070 1833 et
1090 1782 1408 1846 indistincte,
1429 1790 1537 1834 tam

474 1862 544 1913 de
575 1858 1070 1932 circumsedentibus
1106 1873 1334 1910 mensam
1374 1861 1541 1911 Nero-

474 1936 572 2006 nis,
620 1952 770 2004 quam
815 1937 881 1987 de
925 1937 1040 1987 aliis
1084 1938 1543 1991 circumstantibus

475 2031 684 2087 pueros,
718 2030 809 2065 seu
843 2014 1023 2066 liberti
1070 2014 1148 2065 illi
1190 2029 1281 2066 seu
1322 2015 1546 2067 ministri

473 2098 665 2144 essent.
910 2115 924 2127 ·

490 2234 493 2237 Ι
534 2169 582 2221 Δ
607 2167 1073 2232 circumedentibas]
1105 2166 1227 2219 Non
1245 2169 1283 2218 ii
1313 2174 1434 2220 snut
1450 2170 1540 2235 qui

470 2245 737 2300 Neronem
762 2246 1185 2311 circumstabant,
1225 2247 1347 2312 quia
1376 2247 1536 2297 iidem

414 2328 423 2338 ‘
470 2323 558 2395 qui
580 2323 990 2391 trepidaverant,
1008 2320 1316 2389 diffugiunt;
1352 2331 1409 2375 at
1425 2324 1540 2376 nul·

467 2402 521 2455 la
543 2403 829 2456 necessitas
842 2402 1149 2468 ³trepidandi
1171 2411 1262 2454 aut
1298 2402 1534 2469 fugiendi

456 2481 573 2533 ‘fuit
592 2482 655 2532 iis
692 2482 782 2548 qui
817 2480 1228 2533 circumstabant
1249 2482 1534 2546 Neronem,

467 2566 528 2611 ut
552 2560 641 2627 qui
673 2561 856 2626 procul
890 2576 922 2610 a
955 2560 1248 2625 suspicione
1270 2560 1534 2614 abessent.

465 2636 571 2688 Sed
609 2638 782 2704 potius
805 2638 843 2688 ii
865 2644 986 2688 sunt
1006 2638 1094 2704 qui
1124 2639 1537 2691 circumstabant

465 2727 696 2781 mensam
740 2716 1053 2779 Britannici,
1098 2723 1151 2766 et
1194 2714 1330 2765 forte
1373 2716 1536 2781 ipsius

464 2793 711 2857 ministri,
729 2790 856 2843 licet
879 2792 1122 2854 insontes,
1145 2790 1370 2857 fugiunt,
1391 2801 1542 2842 nem-‘

465 2884 533 2935 pe
571 2884 638 2919 ne
682 2874 1143 2934 suspectarentur3
1179 2876 1355 2918 sontes
1390 2883 1534 2934 vero,

461 2944 859 3009 fortejmetume
872 2946 947 2996 rei
963 2944 1335 2996 subderentur:
1370 2944 1386 2974 ‘
1403 2946 1531 2997 Jux-

465 3029 521 3075 ta
545 3024 854 3089 periculoso,
881 3022 1007 3072 ficta
1047 3035 1139 3071 seu
1170 3035 1296 3071 vera
1329 3036 1531 3086 prome-

463 3100 615 3165 rent,'
654 3107 715 3151 ut
748 3100 919 3167 inquit
946 3099 1160 3150 Tacitus
1194 3113 1235 3150 ι.
1261 3104 1313 3149 6.
1336 3098 1403 3149 de
1424 3100 1533 3149 Sal-

459 3179 637 3243 lustio,
656 3178 803 3243 cujus
831 3177 1118 3228 ministerio
1136 3183 1354 3227 necatus
1379 3178 1527 3227 Post-

458 3255 642 3306 humus
660 3272 677 3319 3
712 3256 786 3306 sic
807 3253 1299 3320 fugiunt,'spelnnca
1318 3253 1525 3305 Tiberio

459 3332 670 3396 obtutu,
687 3333 847 3385 etiam
868 3333 1116 3384 insonteS.

520 3416 548 3447 ¹
567 3411 854 3477 Dtffugiunt
880 3407 1222 3474 imprudentes]
1249 3407 1526 3474 Utrimque

455 3487 597 3539 forte
634 3487 985 3553 imprudentia
1016 3486 1138 3552 fuit,
1165 3492 1222 3536 et
1250 3484 1525 3551 diffugere,

455 3569 513 3615 et
534 3564 691 3615 etiam
714 3563 906 3613 intueri
928 3563 1270 3614 dominantem
1294 3576 1357 3613 eo
1379 3578 1522 3626 casu,

459 3633 607 3707 euasi
641 3641 1140 3691 introscrutarentur
1178 3640 1317 3705 quod
1351 3642 1523 3691 occul-

454 3724 565 3770 tum
589 3720 812 3769 maxime
834 3718 1014 3769 voluit·

462 3792 467 3796 ’
515 3796 806 3861 ,Diffugiunt
848 3795 1186 3860 imprudentes]
1241 3796 1519 3860 Impruden-

450 3877 543 3936 tes,
574 3872 696 3938 quia
725 3883 927 3937 nempe*
953 3873 1036 3923 vel
1075 3874 1232 3938 seipsi
1275 3873 1519 3938 produnt,

450 3949 601 4017 quasi
620 3949 699 3998 rei
734 3955 928 4012 essent,
963 3951 1047 4000 vel
1084 3948 1206 4013 suga
1243 3965 1337 4001 sua
1369 3965 1517 4000 accu-

450 4040 571 4080 sare
583 4026 943 4091 imperitantes
966 4026 1206 4077 videntur
1227 4044 1241 4089 ;
1275 4027 1423 4092 quasi
1444 4024 1520 4077 fu-

449 4104 619 4171 giant,
653 4120 721 4156 ne
757 4105 970 4155 sceleris
1008 4121 1186 4156 eorum
1231 4105 1518 4171 participes

445 4181 831 4247 existimentur,
853 4180 1063 4248 fugiunt
1082 4184 1248 4248 ipsam
1271 4181 1519 4247 suspicio-

443 4272 600 4322 nem3
632 4257 772 4311 forte
810 4274 878 4311 ne
914 4260 1053 4312 inter
1086 4276 1206 4311 reos
1243 4259 1342 4323 ipsi
1375 4258 1519 4308 inno·

444 4332 629 4410 centes
651 4337 1039 4407 computentur,
1073 4338 1331 4405 simulque
1356 4335 1516 4388 invol-

443 4417 658 4469 vantur.

1682 1163 1787 1216 Sed
1807 1178 1909 1230 quo
1926 1169 1980 1215 et
2002 1163 2071 1215 ad
2089 1178 2243 1231 quem
2277 1161 2582 1228 confugiant
2593 1161 2698 1215 ad·

1622 1257 1801 1293 versus
1825 1243 2111 1308 potentiam
2149 1241 2414 1307 principis,
2435 1241 2480 1292 si
2508 1240 2714 1291 ulcisci.

1622 1321 1815 1370 crimen
1840 1327 1932 1371 aut
1953 1319 2129 1385 fugam
2157 1320 2337 1369 volet?
2369 1318 2475 1370 Sed
2507 1317 2564 1368 id
2588 1317 2695 1384 pri-

1620 1410 1706 1447 mo
1747 1402 1894 1447 motu
1937 1396 2301 1461 imprudenter
2343 1394 2570 1457 factum3
2601 1400 2696 1446 *et

1618 1474 1771 1538 pauci
1803 1474 1882 1524 ita
1910 1474 2217 1538 prudentes,
2240 1479 2301 1524 ut
2334 1472 2462 1523 nihil
2503 1473 2694 1523 vidisse

1615 1551 1909 1615 videantur,
1932 1551 1986 1601 in
2006 1562 2062 1602 re
2085 1558 2192 1601 tam
2214 1551 2500 1617 inopinata,
2525 1558 2700 1617 utque

1617 1643 1674 1680 se
1714 1630 1841 1680 satis
1875 1635 2209 1694 componant,
2232 1636 2326 1680 aut
2360 1629 2579 1695 vultum,
2600 1635 2697 1679 aut

1616 1705 1859 1769 animum,
1886 1719 1978 1755 seu
2003 1710 2297 1772 utrumque.

1669 1788 1701 1825 s
1737 1781 1920 1839 Quibus
1954 1781 2119 1845 altior]
2173 1781 2351 1833 Altior
2389 1783 2693 1833 intellectus

1615 1861 1669 1911 in
1690 1875 1774 1923 eo,
1796 1860 1936 1926 quod
1971 1860 2173 1911 immoti
2204 1867 2262 1911 et
2292 1858 2453 1910 defixi
2473 1866 2697 1925 starent,

1614 1951 1717 1987 non
1738 1932 2000 2002 fugerent,
2023 1942 2084 1986 ut
2116 1935 2222 1986 alii.
2289 1935 2415 2000 Sed,
2442 1943 2503 1988 ut
2539 1943 2695 2001 puto,

1615 2028 1716 2065 nou
1740 2014 1883 2064 altior
1904 2015 2191 2079 intellectus,
2219 2013 2273 2063 in
2309 2028 2370 2064 eo
2408 2014 2545 2080 quod
2584 2007 2696 2066 Ne-

1614 2106 1794 2142 ronem
1814 2091 2165 2142 intuerentur.

1655 2169 1812 2222 ·Quis
1847 2169 1987 2219 enim
2019 2168 2428 2234 imperitantium
2468 2168 2696 2220 scrutari

1613 2245 1802 2296 faciem
1838 2258 1982 2295 suam
2007 2245 2136 2296 velit
2169 2245 2267 2296 tali
2299 2259 2442 2310 casu,
2462 2245 2575 2297 sive
2596 2259 2695 2297 no·

1614 2336 1736 2374 cens
1763 2323 1871 2374 sive
1896 2323 2056 2373 etiam
2076 2322 2210 2373 absit
2233 2338 2266 2373 a
2286 2323 2481 2388 culpa?
2516 2323 2587 2373 Et
2607 2336 2694 2373 re·

1615 2399 1957 2466 prehenditur
1992 2399 2091 2450 hoc
2131 2401 2247 2451 loco
2277 2400 2494 2451 Tacitus
2527 2400 2692 2451 etiam

1615 2475 1844 2532 abaliis.
2153 2501 2156 2504 ·
2266 2495 2273 2501 ·
2395 2501 2398 2506 ·
2473 2503 2476 2506 >
2574 2496 2586 2505 ·
2679 2497 2684 2506 ·

1680 2564 1701 2590 ¹
1734 2556 1973 2606 Neronem
1996 2554 2256 2619 intuentes]
2302 2555 2406 2621 Ibi,
2443 2563 2504 2607 ut
2544 2563 2694 2624 puto,

1613 2629 1772 2683 fuerit
1793 2633 1960 2697 major
1982 2633 2050 2682 im
2059 2632 2350 2697 prudentia.
2418 2631 2528 2684 Cur
2549 2633 2690 2686 enim

1616 2709 1774 2759 defixi
1796 2709 2084 2775 principem
2103 2710 2293 2760 intueri
2319 2709 2549 2762 audent?
2603 2711 2692 2763 An

1614 2791 1674 2836 ut
1703 2787 2142 2837 introscrutentur
2180 2786 2356 2836 dolum
2396 2791 2452 2836 et
2487 2787 2694 2862 scelus?⁴

1617 2866 1722 2918 Qui
1777 2866 1997 2930 aspicias
2046 2865 2396 2916 dominantem
2437 2881 2517 2917 eo‘
2544 2867 2694 2934 casu,

1616 2943 1738 3009 quin
1760 2935 1907 2994 simul
1932 2950 2221 3008 suspectes,
2249 2951 2341 2995 aut
2369 2946 2555 2995 saltem
2578 2949 2690 2997 susi

1614 3021 1831 3085 picionis
1856 3027 1961 3072 tuae
1984 3020 2280 3086 opinionem
2300 3021 2352 3071 in
2376 3023 2548 3071 animo
2571 3024 2687 3089 ejus

1614 3096 1834 3148 defixam
1862 3099 2158 3163 relinquas?
2188 3098 2284 3147 nisi
2320 3096 2504 3162 forte,
2515 3106 2575 3150 nt
2608 3100 2688 3151 in·

1612 3175 1773 3226 scium
1815 3175 2096 3237 Neronem,
2140 3180 2195 3224 et
2232 3175 2379 3240 quasi
2421 3162 2690 3227 vindicem

1608 3252 1752 3302 necis
1777 3253 1922 3302 istius
1945 3252 2300 3302 intuerentur.
2337 3250 2481 3316 quasi
2505 3250 2661 3302 vero!

1670 3335 1697 3362 ‘-
1731 3328 1964 3392 Rectinis]
2000 3329 2206 3392 Nempe
2247 3337 2361 3379 toro
2405 3330 2686 3395 convivali,

1608 3420 1704 3514 pro
1726 3419 1866 3454 more
1889 3402 2227 3453 accumbendi
2253 3411 2505 3455 veterum.

1625 3481 1906 3544 Reatinis]
1939 3483 2028 3531 De
2048 3481 2213 3546 epulis
2238 3486 2295 3531 et
2318 3496 2459 3531 more
2474 3496 2683 3533 accum-

1605 3559 1763 3609 bendi
1807 3566 2061 3619 veterum,
2120 3557 2291 3623 aliqua
2342 3559 2427 3609 bic
2479 3558 2688 3610 addere*

1600 3618 1739 3687 ⁸forte
1759 3650 1936 3700 operae
1962 3634 2190 3699 pretium
2212 3637 2296 3686 sit.

1664 3714 1730 3764 Iu
1769 3712 2040 3762 coenaculo
2097 3713 2455 3763 collocabatur
2497 3728 2700 3765 mensa.

1600 3791 1842 3852 rotunda,
1866 3788 2076 3839 humilis
2098 3806 2110 3841 ε
2145 3805 2262 3855 quae
2285 3789 2549 3842 inferioris
2572 3806 2684 3843 sor·-¹

1600 3868 1669 3919 tis
1689 3867 1952 3919 hominum
1973 3865 2140 3929 tripes,
2158 3873 2214 3916 et
2234 3881 2262 3917 e
2286 3868 2495 3931 simplici
2515 3869 2649 3932 ligno
2661 3877 2686 3932 5

1600 3945 1980 4011 opulentiorum
2022 3946 2173 3993 citrea
2211 3943 2329 4007 fuit,
2365 3953 2457 4008 aut
2490 3949 2686 4011 ocavto,

1605 4029 1697 4074 aut
1721 4023 1918 4073 intecta
1939 4019 2167 4086 argentea
2191 4022 2387 4073 lumino.

1669 4100 1823 4150 Hanc
1848 4114 1941 4165 pes
1974 4099 2201 4149 eburnus
2237 4098 2548 4149 fabrifactns
2568 4113 2682 4151 sns-

1603 4178 1809 4229 tinebat
1839 4178 1893 4228 in
1932 4176 2143 4227 modum
2182 4180 2329 4241 pardi
2381 4183 2474 4227 aut
2512 4178 2686 4228 kanis.-

1603 4255 1793 4306 Horat.
1828 4254 1895 4304 de
1937 4252 2083 4304 tenui
2118 4267 2326 4303 mensa:
2361 4253 2378 4282 ‘
2403 4252 2569 4303 Modo
2607 4253 2716 4305 sita-

1596 4346 1775 4385 mensa
1807 4325 1996 4397 tripes,
2028 4336 2088 4382 et
2123 4331 2322 4384 concha
2352 4330 2477 4381 salis
2512 4325 2694 4397 puri?
