3063 4952
384 340 716 463 ξ.’]Ϋ...“’(”356]

1090 350 1432 427 ANNALIU
1447 351 1500 399 Μ
1552 351 1921 403 L113.X111.

2379 308 2597 416 ’1447

387 499 781 566 Britannico
819 497 1062 582 jussit,
1091 499 1112 530 ‘
1141 502 1541 579 exsurgeret,
1589 516 2119 611 progressusque
2167 499 2238 564 in
2248 460 2593 582 medium,

381 609 650 667 cantum
696 604 979 685 aliquem
1027 599 1388 684 inciperet,'
1452 600 1770 666 irrisumb
1789 622 1878 666 ex
1924 622 2005 666 eo
2062 607 2358 687 sperans
2385 599 2594 688 pueri,
2689 619 2699 630 ·

353 682 668 775 sobriosc
719 723 983 789 quoque
1015 703 1380 781 convictuS‚
1429 702 1674 767 nedum
1727 705 2141 785 temulentoS‚
2197 706 2593 793 ignorantis3

380 871 499 934 nico,
536 877 596 920 nt
637 877 957 935 assurgeret,
995 868 1338 947 prodierisque
1376 870 1427 919 in
1451 870 1697 934 medium,
1731 872 2042 922 cantilenam
2068 874 2290 939 aliquam
2314 874 2593 937 ordiretur,

379 909 549 986 exia'aele
587 937 792 987 ludibrio
819 936 1041 997 futuram
1071 941 1248 1000 putans
1269 936 1509 1001 juvenem,
1543 940 1640 1001 qai
1657 953 1749 987 non
1767 940 1897 987 modo
1919 939 2173 1001 ignorabat
2202 940 2479 1004 vinolentus,
2513 942 2596 989 sed

1306 1061 1485 1082 ‘‘‘‘‘

1488 1063 1667 1083 OOOOOO

376 1148 556 1200 laudat
578 1149 658 1201 Cl.
683 1150 955 1201 ErnestuS.
1020 1148 1095 1200 At
1115 1149 1296 1200 melius
1307 1128 1474 1213 'rulgo
1498 1132 1627 1200 M'ss.
1652 1150 1969 1203 Puteolanus
1993 1159 2049 1203 et
2083 1153 2295 1218 optimae
2318 1152 2592 1217 editiones,

1387 1291 1600 1342 NOTAE

371 1415 517 1458 aum3
552 1407 644 1451 aut
681 1400 816 1453 forte
862 1402 927 1454 P.
971 1419 1153 1470 nempe
1188 1420 1439 1470 puerorum

369 1494 586 1542 reg-aum.

335 1552 395 1597 9.·
434 1557 680 1622 Regmam]
702 1557 866 1607 Moris
893 1564 1006 1608 erat
1023 1557 1364 1621 in‘conviviis,
1381 1565 1441 1608 nt

369 1634 556 1699 aliquis
590 1635 894 1699 eligeretur*
913 1636 1040 1698 talis,
1064 1638 1145 1686 vel
1171 1636 1442 1700 astragalis

336 1722 343 1731 “
370 1718 507 1761 sorte
532 1712 719 1782 missis,
741 1720 797 1763 et
815 1713 1099 1762 vocabatur
1131 1713 1220 1762 ille
1241 1713 1439 1777 Sympo-

337 1792 349 1813 ⁷
371 1790 577 1852 'siai-cha,
600 1791 684 1839 vel
702 1807 808 1854 rex,
829 1806 921 1840 seu
952 1792 1180 1852 magister
1215 1790 1436 1840 convivii.

334 1867 614 1916 “Varroni'
644 1868 1020 1931 Modimperator
1067 1866 1300 1915 dicitur:
1356 1865 1435 1914 vel

367 1946 524 1995 etiam
546 1947 655 1995 sola
677 1946 901 1994 Corollae
938 1943 1260 2007 impositione
1294 1956 1435 1992 crea-

368 2021 541 2084 batur,
567 2023 653 2086 qui
674 2021 915 2072 convivis·
926 2036 1116 2070 mensae
1137 2021 1276 2083 leges
1297 2019 1434 2068 dice·

367 2108 470 2163 ret,
515 2106 572 2149 et
610 2106 786 2149 cetera
816 2112 910 2163 pro
946 2097 1093 2147 libito
1134 2096 1434 2205 praescribe-

368 2185 483 2228 ret(
942 2200 949 2224 ,-

430 2253 454 2287 ¹²
492 2256 722 2319 Irrisum]
754 2253 1014 2318 Sperans
994 2251 1205 2302 irrisum
1228 2251 1293 2301 iri
1315 2266 1435 2315 pue-

363 2346 493 2394 rum,
517 2332 607 2396 qni
627 2332 853 2381 nondum
881 2337 1197 2394 assueverat,
1219 2331 1302 2381 vel
1320 2332 1429 2396 qui-

322 2416 325 2417 ’
361 2408 477 2458 dem
502 2408 689 2459 sobriis
717 2408 998 2459 conviviis:
1036 2415 1239 2459 tantum
1260 2410 1429 2473 abest,

355 2495 423 2537 ut
439 2488 726 2540 sustinendi
752 2488 1019 2539 temulenti
1048 2487 1271 2538 convivii
1293 2485 1431 2539 fron-

316 2587 319 2590 *
357 2571 464 2615 tem
489 2565 747 2615 baberet.·
793 2567 877 2615 Ex
913 2581 978 2615 eo
1011 2564 1252 2630 sperabat
1291 2567 1432 2618 Nero

354 2643 573 2704 irrisam,
602 2658 694 2692 seu
712 2643 1002 2692 irrisionem
1025 2643 1190 2707 pueri,
1202 2644 1290 2708 qui
1307 2657 1432 2694 non-

355 2719 825 2770 dumaeasscverare·
851 2718 1078 2770 frontem
1118 2719 1317 2770 sciebat
1343 2721 1431 2770 ad·

309 2811 314 2818 ·
355 2798 539 2846 versus
559 2797 939 2862 impudentiam
963 2804 1054 2847 aut
1075 2797 1427 2848 temulentiam

308 2875 315 2892 ³
353 2875 508 2935 luxus
532 2874 842 2924 Neroniani.
874 2915 887 2932 .„
1119 2893 1124 2898 ·

318 2961 325 2968 ’
419 2951 655 3015 Iar-risum]
691 2951 794 3003 Hic
829 2967 939 3002 mos
973 2951 1197 3002 canendi
1228 2967 1258 3002 a
1282 2953 1428 3004 Grae-

350 3029 426 3079 cis
449 3037 616 3093 ortuS,
637 3030 825 3096 quibus
848 3030 901 3079 in
926 3030 1163 3081 convivio
1178 3031 1308 3081 ¹data
1333 3043 1428 3095 per

348 3106 593 3158 ordinem
614 3108 832 3170 cithara,
855 3124 1007 3173 quam
1032 3109 1321 3172 pulsarent,
1341 3109 1429 3159 ad·

298 3197 303 3201 ·
347 3184 465 3235 dita
484 3200 617 3236 voce
655 3191 710 3237 et
749 3185 1080 3248 carminibus,
1098 3184 1195 3250 {vel
1231 3185 1284 3234 in
1321 3185 1428 3237 lau-

300 3275 305 3280 ·
344 3261 473 3311 dem
496 3262 759 3325 Deorum,
786 3262 871 3312 vel
890 3263 1107 3311 heroum
1129 3277 1142 3310 :
1178 3262 1315 3326 quod
1338 3262 1427 3327 qui

344 3339 619 3405 ignoraret
640 3355 734 3405 pro
757 3341 949 3390 insulso
972 3339 1197 3390 habitus.
1228 3367 1229 3370 =

374 3459 379 3464 .
413 3418 487 3467 Et
511 3418 564 3466 id
606 3421 767 3467 etiam
790 3417 1021 3468 obtinuit
1059 3418 1197 3481 apud
1240 3419 1424 3468 Roma-

340 3507 439 3562 nos
461 3494 709 3545 imitatu.¹
737 3525 741 3530 ·
763 3495 949 3549 Cicero
972 3496 1024 3544 in
1048 3497 1215 3545 Bruto
1234 3497 1285 3546 :f
1310 3495 1423 3545 Uti-

342 3577 737 3622 namcxtarent
760 3571 848 3620 illa
870 3572 1116 3635 carmina,
1140 3589 1273 3637 quae,
1297 3573 1422 3621 mul-

346 3648 412 3697 tis
437 3650 610 3699 saeclis
631 3655 753 3699 ante
774 3665 916 3702 suam
936 3657 1167 3713 aetatem,
1183 3651 1234 3699 in
1254 3650 1421 3714 epulis

344 3733 528 3778 essent
570 3719 845 3777 cantitata<
869 3742 902 3776 a
938 3727 1154 3792 singulis
1190 3726 1421 3788 convivis

344 3801 447 3858 dai
467 3803 727 3856 clarorum
755 3806 997 3856 'virorum
1051 3805 1310 3868 laudibus,
1364 3806 1418 3855 in

347 3880 654 3946 originibus
690 3883 955 3947 scriptum
983 3883 1252 4009 reliquit?
1288 3885 1447 3934 Cato>

347 3970 583 4023 nempe.·=
693 3993 699 4000 ·
1120 4015 1125 4018 ,

297 4043 303 4054 ·
348 4069 375 4086 -.
407 4040 453 4067 α
480 4034 697 4102 Subrius]
749 4037 938 4092 Athen.
984 4039 1019 4089 1.
1057 4052 1110 4089 x.
1154 4040 1169 4067 ‘
1194 3999 1420 4092 Quidam

351 4108 534 4161 Heben
563 4114 741 4163 vinum
770 4115 887 4164 Diis
920 4114 1146 4165 fundere
1185 4115 1438 4173 fortassis*

347 4185 459 4238 ideo
483 4188 706 4244 fabulati
728 4197 865 4257 sunt,
886 4192 1024 4256 quod
1049 4194 1287 4254 convivia
1302 4194 1418 4254 ἡβη-

348 4260 479 4326 τῄρια
494 4275 818 4331 nuncupant.
860 4269 1175 4329 Ptolemaeus
1193 4269 1422 4335 Agesar-

350 4338 431 4389 chi
450 4339 604 4405 filins,
630 4344 669 4395 l
688 4358 776 4396 111.
803 4345 945 4405 Hist.
997 4346 1275 4398 Ptolemaei
1297 4349 1423 4399 Phi·

1519 1404 1767 1468 lopatoris
1805 1404 2002 1456 Clinem
2040 1405 2295 1471 quandam
2335 1409 2588 1455 memorat

1520 1488 1702 1546 potum
1751 1483 2066 1533 ministrasse
2122 1474 2408 1532 Ptolemaeo
2452 1481 2587 1546 regi,

1520 1561 1825 1627 cognomine
1844 1561 2201 1625 Philadelpho,
2218 1561 2367 1625 eique
2387 1565 2585 1625 statuas

1519 1637 1854 1687 Alexandri-«e
1890 1639 2088 1702 positas
2122 1638 2281 1688 fuisse
2316 1636 2491 1685 multis
2513 1635 2586 1687 lo-
2624 1632 2629 1638 ’

1519 1718 1612 1781 cis,
1648 1718 1862 1768 amictas
1893 1719 2111 1782 simplici
2142 1718 2336 1779 tunica,
2376 1721 2582 1780 guttum

1517 1795 1569 1845 in
1594 1796 1829 1845 manibus
1855 1794 2126 1845 tenentes!

1581 1871 1710 1921 Ideo
1733 1870 1868 1922 forte
1893 1872 2028 1921 Hebe
2049 1869 2371 1920 ministrabat
2390 1869 2582 1932 vinnm,

1514 1952 1574 1996 ut
1595 1962 1662 1997 ex
1687 1947 1796 2011 ipsa
1811 1948 2031 2011 juventa
2060 1947 2399 1996 sobrietatem
2421 1945 2583 1997 disce·

1514 2029 1633 2073 rent
1645 2029 1700 2074 et
1720 2039 1751 2073 a
1766 2023 1976 2073 teneris.
2014 2024 2267 2087 Nymphae
2286 2021 2422 2071 forte
2438 2021 2581 2071 adbi-

1492 2101 1637 2151 -bitae
1656 2102 1922 2165 conviviis,
1939 2109 1998 2152 ut
2015 2099 2581 2166 lympham'miscerent

1513 2180 1726 2242 crateri,
1751 2179 2460 2243 scyphosqueqtemperarent
2484 2190 2579 2239 pro

1512 2272 1604 2307 sno
1627 2258 1800 2321 geni0,
1842 2255 1981 2306 forte
2017 2261 2073 2304 et
2096 2260 2159 2307 ut*
2187 2253 2356 2319 pudor
2377 2252 2592 2303 subiret,

1510 2333 1798 2397 ebrietatis,
1822 2347 1996 2382 coram
2015 2347 2138 2382 sexu
2161 2331 2388 2396 pudente
2410 2336 2467 2380 et
2490 2329 2579 2383 ab·

1511 2411 1756 2461 atinente.
1840 2402 1999 2460 Forte
2047 2417 2221 2460 tamen
2265 2409 2340 2458 sic
2385 2407 2582 2472 Reges,

1512 2495 1572 2540 ut
1593 2490 1738 2542 Jovis
1758 2489 1974 2538 delicias
1998 2488 2380 2541 aemularentur.
2444 2525 2455 2540 .

1579 2566 1771 2616 Sobrios
1817 2580 1992 2629 quoque
2035 2562 2294 2625 convictus]
2350 2562 2447 2611 Est
2489 2560 2578 2626 qui

1509 2645 1689 2708 legere
1712 2643 1856 2705 velit,
1884 2642 2025 2706 pueri
2063 2639 2244 2689 sobrios
2263 2638 2580 2706 conviviorum

1511 2726 1680 2774 cantus
1708 2719 2018 2786 ignorantis,
2071 2717 2246 2766 nedum
2285 2716 2577 2764 temulentos.

1509 2796 1686 2846 Possit
1708 2794 1844 2846 forte
1880 2795 1953 2845 sic
1989 2792 2233 2857 intelligi,
2274 2796 2575 2840 nontamen

1507 2877 1629 2941 legi.

1501 2991 1511 2998 ·
1575 2955 1785 3005 Certum
1821 2962 1920 3017 est,
1956 2955 2221 3005 Neronem
2258 2919 2577 3016 praecepisse

1509 3034 1835 3093 Britannico,
1857 3039 1917 3083 nt
1939 3038 2169 3092 caneret,
2187 3034 2479 3096 sperantem
2499 3027 2576 3075 in·

1508 3109 1612 3159 de
1599 3109 1772 3159 irrisui
1795 3107 1909 3160 fore
1933 3106 2167 3157 omnibus
2200 3106 2287 3170 qui
2306 3108 2575 3165 astarent,

1508 3186 1646 3252 quod
1685 3192 1827 3235 esset
1873 3200 2020 3250 puer,
2061 3185 2298 3247 ignorans
2342 3193 2571 3246 quosque

1507 3265 1881 3326 conviviorum,
1895 3265 2053 3314 etiam
2069 3262 2356 3311 sobriorum
2367 3265 2575 3322 cantus,

1502 3343 1694 3392 nedum
1720 3343 2040 3392 temulentos.
2110 3379 2114 3386 .

1500 3447 1507 3469 i
1566 3419 1671 3469 Sed
1728 3419 1943 3483 praecise
1997 3415 2214 3465 Tacitus
2258 3414 2341 3463 bic
2388 3369 2571 3473 tradit,

1502 3499 1569 3546 B.
1555 3497 1859 3546 ·itannicum
1884 3496 2164 3559 ignorasse,
2197 3491 2375 3541 sobrios
2394 3504 2571 3554 quoque

1503 3579 1761 3638 convictum,
1799 3575 1967 3622 nedum
2007 3574 2308 3621 temulento&
2365 3569 2429 3618 Id
2469 3571 2572 3630 est,

1472 3683 1477 3687 -
1504 3651 1711 3704 vixdum
1743 3693 1746 3696 .
1774 3643 1944 3699 solere'
1991 3647 2345 3697 Britannicum
2387 3644 2571 3694 adesse

1502 3728 1755 3778 conviviis
1791 3727 1948 3778 etiam
1987 3726 2245 3774 hominum
2281 3722 2571 3773 sobriorum

1501 3813 1558 3856 et
1581 3807 1891 3870 prudentum
1913 3820 1927 3853 ι
1964 3804 2084 3868 quia
2107 3817 2292 3865 nempe
2311 3815 2404 3864 pro
2426 3811 2571 3847 more

1501 3884 1686 3947 veteri,
1724 3882 1874 3947 pueri
1914 3881 2028 3945 ejus
2072 3880 2243 3928 aetatis
2267 3876 2463 3925 nobiles
2503 3871 2569 3922 ad

1501 3960 1670 4011 fulcra
1705 3960 1858 4010 lecti
1870 3966 2071 4009 tantum
2110 3953 2424 4016 assidebant,
2460 3964 2569 4015 pro

1497 4039 1605 4101 pria
1626 4043 1678 4088 et
1691 4038 1904 4102 parciore
1923 4050 2136 4086 mensa.

1528 4118 1792 4165 -Tantum
1819 4116 1987 4176 abest,
2010 4118 2069 4161 nt
2102 4112 2258 4160 sciret
2281 4123 2409 4173 puer
2431 4122 2571 4157 asse·

1498 4210 1685 4246 verare
1708 4193 1955 4257 frontem,
1992 4199 2047 4240 et
2070 4189 2358 4251 audaciam,
2395 4202 2463 4236 ne
2495 4186 2572 4254 di·

1502 4275 1635 4336 cam,
1653 4269 2064 4336 impudentiam
2052 4283 2114 4324 ιιι,
2128 4265 2429 4332 temulentis
2449 4279 2574 4332 con·

1503 4350 1671 4414 viriis,
1710 4354 1768 4398 et
1804 4346 1877 4400 ibi
1916 4345 2170 4397 sustinere
2207 4350 2387 4412 partes
2429 4356 2571 4406 suas,
