3063 4952
314 443 333 482 ⁵?
342 443 411 505 53}-
428 438 491 511 ἐξ
503 435 616 514 562]

1040 431 1455 502 'Auxanum
1488 440 1651 496 121ss.
1697 440 1871 489 xm.

2341 421 2554 524 -ι4ῖο

1274 659 1277 664 “
1353 656 1574 708 NOTAE

330 791 465 842 ‘aius
480 807 503 852 ς
551 805 673 841 nam
694 791 882 855 innuit,
906 790 1168 842 Neronem
1192 792 1414 842 nondum

1562 791 1636 841 At
1657 796 1910 854 perpetuo
1932 788 2207 841 Suetonius
2225 787 2304 837 his
2326 787 2559 840 omnibus

347 867 587 935 posuisse
608 868 1415 931 lanuginem,seubarbam‚cum
1496 871 1626 919 locis
1660 870 1822 919 tradit
1861 870 1926 918 de
1963 868 2181 932 Lepida,
2217 875 2461 933 tanquam
2495 866 2563 922 de

348 943 548 996 occidit
573 942 913 1008 Agrippinam
936 952 992 996 et
1015 946 1224 996 amitam
1245 947 1417 1007 illam;

298 1021 490 1088 quod
508 1020 842 1071 falsissimum
863 1037 977 1072 esse
1000 1023 1235 1074 convinci
1260 1023 1418 1073 facile

346 1099 540 1163 possit.

354 1201 359 1204 ·
419 1176 498 1226 At
528 1176 699 1239 dices,
731 1178 947 1227 Tacitus
971 1178 1238 1242 distinguit
1257 1179 1424 1229 Domi-

326 1253 476 1303 tiam
517 1259 575 1302 et
610 1252 854 1317 Lepidam.
934 1255 1088 1304 Certe
1126 1256 1222 1305 boc
1266 1256 1427 1304 voluit

358 1330 585 1393 Lipsius,
620 1337 678 1379 et
706 1332 983 1380 veteribus
1035 1332 1200 1394 libris,
1245 1332 1426 1395 quibus

288 1449 295 1450 ff
340 1407 603 1470 babetur,
639 1423 826 1473 nempe
861 1411 892 1458 1.
919 1424 1019 1460 xu.
1056 1415 1138 1460 64.
1171 1412 1186 1438 ‘
1210 1410 1427 1458 Perdita

356 1485 503 1549 prius
547 1484 806 1548 Domitia,
837 1486 1035 1539 levibns
1073 1496 1128 1537 et
1167 1486 1429 1536 muliebri-

358 1561 456 1611 bus
473 1560 676 1623 causis,'
701 1561 776 1610 sic
795 1561 939 1612 addit
960 1579 973 1611 ε
999 1564 1014 1592 ‘
1038 1563 1266 1612 Domitia
1288 1562 1317 1590 '⁵
1336 1563 1431 1611 Le-

360 1637 520 1702 pida?
586 1640 659 1688 Et
691 1638 767 1687 sic
800 1640 912 1688 vult
934 1639 1257 1704 distinguere
1294 1639 1431 1689 inter

344 1716 650 1779 .Dovnitiam,
669 1731 782 1781 quae
806 1717 876 1767 sit
899 1717 1134 1767 Domitia
1156 1718 1340 1781 major,
1375 1724 1430 1767 et

291 1814 299 1828 ¹
346 1795 674 1861 «simpliciter
691 1798 908 1847 Domitia
932 1804 1180 1857 vocetur;
1217 1804 1273 1847 et
1295 1797 1432 1846 inter

363 1873 644 1925 Domitiam
661 1875 907 1939 Lepidam,
933 1891 1047 1940 quae
1070 1876 1140 1923 sit
1162 1875 1346 1935 minor,
1377 1882 1434 1923 et

363 1953 575 2018 Lepida
594 1955 1020 2017 cognominetur3
1068 1953 1135 2003 ad
1157 1952 1434 2002 discrimen

361 2032 561 2082 sororis
575 2039 707 2080 *natu
729 2032 954 2095 maj0ris.

370 2156 378 2161 ,
430 2108 539 2157 Sed
577 2106 694 2172 quis
733 2107 806 2155 illi
846 2108 1000 2171 dixit,
1037 2107 1159 2157 duas
1188 2106 1343 2157 fuisse
1365 2124 1441 2158 so-

369 2199 517 2235 rores
561 2185 802 2247 Domitii,
824 2185 950 2234 duas
989 2184 1143 2236 fnisse
1166 2187 1443 2244 Domitius,-

366 2279 590 2328 quarum
614 2266 781 2312 altera
794 2264 1011 2313 Domitia
1033 2263 1354 2329 simpliciter,
1371 2264 1441 2312 al·

368 2351 486 2392 tera
507 2342 731 2392 Domitia
752 2341 933 2405 Lepida
956 2342 1273 2405 appelletur?
1295 2346 1440 2391 certe

286 2459 289 2462 2
369 2434 523 2469 nemo
548 2418 604 2468 id
625 2418 787 2481 dicat,
817 2433 967 2468 nemo
990 2419 1043 2468 id
1068 2419 1304 2468 tradidit.
1371 2421 1442 2469 Et

368 2499 582 2549 Tacitus
623 2497 818 2560 statim,
855 2498 985 2547 lianc
1033 2513 1184 2563 quam
1225 2497 1440 2562 periisse

282 2616 287 2625 ,
371 2567 678 2642 supponunt
703 2575 759 2624 .l.
800 2589 903 2625 ιιι.
942 2575 1213 2625 Domitiam
1249 2575 1441 2638 simpli-

310 2698 313 2701 *
372 2655 512 2706 citer
536 2659 721 2704 vocat:
774 2662 830 2703 et
852 2653 942 2703 lib.
969 2666 1093 2702 xm.
1132 2668 1247 2702 eam
1284 2653 1443 2702 etiam

370 2747 567 2799 rursus*
597 2730 864 2781 Domitiam
918 2730 1225 2794 simpliciter
1268 2731 1447 2795 appel-

374 2811 469 2860 lat.
532 2854 537 2855 a

302 2934 305 2935 γ
362 2932 367 2933 a
420 2878 604 2937 'Certe
635 2887 748 2937 haec
784 2885 942 2935 amita
966 2885 1207 2947 Neronis,
1230 2884 1449 2935 Domitia

284 3002 289 3005 Α
358 2965 566 3029 ᾧερίἀιι
585 2963 965 3027 appellabatur,
985 2962 1078 3013 sed
1103 2977 1216 3026 quae
1242 2976 1343 3023 una
1364 2977 1448 3011 ea·

291 3089 297 3092 .
358 3043 604 3107 ,demque
636 3046 776 3090 esset
810 3055 1048 3104 persona,
1087 3055 1189 3089 non
1224 3055 1346 3090 vero
1381 3039 1449 3089 ad

356 3110 664 3169 discrimen
687 3118 891 3168 sororis.
975 3119 1089 3169 Nec
1112 3119 1163 3168 id
1187 3133 1375 3168 novum
1397 3119 1448 3169 in

357 3195 604 3250 ,foeminis
627 3196 871 3245 Romanis
891 3212 905 3257 ;
932 3197 1007 3246 sic
1029 3197 1258 3261 Vipsania
1274 3197 1453 3261 Agrip-

354 3277 508 3341 pina,
533 3274 672 3338 prior
693 3290 822 3325 uxor
843 3276 1032 3325 Tiberii
1057 3277 1229 3336 dicta3
1265 3277 1336 3326 sic
1360 3276 1450 3325 du-

332 3394 348 3403 .
371 3351 511 3418 plici
535 3353 739 3402 nomine
774 3352 965 3402 Valeria
1001 3353 1280 3402 Messallina
1302 3354 1454 3402 Clau-

371 3428 451 3480 dii
474 3445 489 3491 ;
531 3427 606 3478 sic
627 3429 770 3478 Livia
796 3429 1035 3491 Drusilla,
1060 3429 1284 3495 Augusti
1306 3445 1452 3480 uxor.

441 3504 536 3556 An
561 3505 742 3555 turbat
762 3506 1058 3569 Suetonius,
1083 3509 1170 3572 qui
1209 3522 1322 3556 eam
1360 3508 1453 3558 tri-

374 3585 481 3635 bus
503 3583 634 3633 locis
658 3589 810 3633 vocat
829 3584 1024 3633 amitam
1047 3584 1309 3648 Lepidam„
1332 3583 1452 3634 dein

288 3702 297 3706 ψ
374 3665 578 3727 quarto
624 3659 738 3709 loco
782 3674 896 3709 eam
944 3667 1098 3710 vocat
1147 3661 1456 3725 simpliciter

362 3731 620 3787 'auaitum‘
660 3737 808 3802 quasi
830 3738 904 3787 sic.
922 3737 1086 3801 primo
1108 3739 1455 3803 distingueret

291 3853 297 3857 -
376 3817 731 3885 innueretque
749 3804 944 3864 amitam
959 3816 1189 3880 Lepidam
1213 3813 1456 3864 afflixisse

294 3928 305 3937 2
377 3907 479 3944 suo
504 3892 805 3942 testimonio
844 3892 1122 3955 Neronem,
1146 3900 1200 3942 et
1235 3895 1310 3942 sic
1345 3907 1456 3941 eam

378 3968 643 4034 periisse;
678 3968 800 4018 dein
823 3969 925 4018 alio
945 3975 1201 4033 tempore,
1225 3984 1340 4018 cum
1367 3969 1458 4017 im-

372 4052 600 4111 peraret
613 4045 744 4108 jam,
765 4052 819 4094 et
839 4036 1112 4095 occidisset
1133 4054 1367 4108 matrem,
1389 4046 1460 4094 al-

381 4132 558 4172 teram
593 4122 810 4190 amitam,
836 4137 1024 4186 nempe
1046 4123 1331 4185 Domitiam,
1364 4124 1463 4172 lar-

330 4247 334 4251 .
384 4198 510 4263 gius
576 4213 607 4246 a
666 4198 885 4247 medicis
951 4199 1161 4262 purgari
1207 4199 1460 4263 jussisse3

369 4271 611 4339 'eamque
635 4275 709 4324 sic
733 4275 984 4325 occidisse
1005 4290 1228 4337 veneno,
1249 4275 1323 4324 sic
1347 4291 1462 4345 par-

378 4343 908 4431 Ῐρᾀᾲἰαριὴξοψῇε
922 4352 1288 4426 cumulantem.

1504 962 1622 1009 una,
1644 961 1733 1015 seu
1756 948 1907 995 unica
1932 946 2081 995 amita
2104 946 2342 996 Neronis.
2397 945 2481 994 -Et
2503 944 2569 994 si-

1496 1025 1619 1090 quis
1640 1025 1761 1073 talia
1775 1022 2007 1073 Suetonii
2022 1022 2214 1086 audiet,
2231 1024 2377 1073 Nero
2395 1034 2571 1087 egeus,

1507 1101 1737 1162 relegata
1759 1110 1942 1162 matre,
1967 1100 2104 1163 apud
2123 1100 2352 1164 Lepidam
2371 1099 2570 1148 amitam

1507 1180 1760 1229 educatur
1779 1196 1793 1238 ;
1828 1185 1884 1228 et
1901 1192 2094 1239 rursus,
2116 1178 2258 1226 Nero
2279 1175 2572 1241 gratificans

1506 1257 1679 1320 matri,
1700 1256 1965 1305 testimonio
1986 1270 2143 1304 coram
2173 1253 2352 1317 affligit
2373 1254 2569 1304 amitam

1507 1336 1736 1398 Lepidam
1750 1352 1767 1393 ‚·
1811 1343 1866 1385 et
1889 1350 2060 1383 rursus
2083 1335 2196 1384 haec
2216 1350 2231 1393 3
2266 1334 2463 1383 amitam
2483 1331 2574 1381 du-

1510 1411 1632 1462 ritia
1654 1413 1755 1462 alvi
1781 1412 2054 1461 cubantem
2095 1410 2286 1473 largius
2309 1426 2340 1459 a
2363 1409 2573 1459 medicis

1510 1491 1720 1555 purgari
1751 1491 1938 1554 jussit:
1991 1491 2102 1554 quis
2126 1504 2225 1539 uon
2249 1491 2423 1539 statim
2443 1488 2576 1539 infe-

1513 1579 1595 1617 rat
1618 1583 1683 1616 ex
1702 1568 1781 1616 bis
1806 1568 1982 1617 verbis
2002 1567 2250 1628 Suetonii,
2274 1581 2425 1616 unam
2455 1581 2576 1615 ean-

1513 1646 1733 1710 demque
1772 1647 1979 1696 amitam
2018 1661 2129 1695 esse
2167 1646 2391 1695 Neronis
2424 1646 2578 1709 Lepi-

1512 1723 1647 1785 dam,
1663 1725 1726 1773 de
1748 1739 1850 1788 qua
1871 1723 2148 1788 utrobique
2168 1723 2248 1771 his
2266 1723 2393 1773 loeis
2417 1722 2579 1773 tradit

1513 1801 1788 1850 Suetonius
1809 1803 1828 1850 ?
1852 1816 1965 1850 cum
1985 1802 2289 1865 nullibi,nec
2311 1802 2411 1851 ulla
2430 1816 2576 1865 pror-

1513 1893 1597 1927 sus
1622 1879 2015 1928 circumstantia
2032 1879 2320 1941 distinguat
2344 1879 2431 1928 ille
2457 1893 2577 1928 auc-

1515 1963 1601 2004 tor
1633 1956 1772 2005 inter
1809 1957 1935 2005 duas
1976 1957 2180 2022 amitas,
2220 1961 2310 2005 aut
2357 1971 2578 2020 sorores,

1494 2047 1644 2098 'quas
1667 2033 1750 2082 hic
1774 2041 2089 2098 supponunt.

1583 2110 1701 2159 Hoc
1725 2117 1870 2160 certe
1904 2113 2087 2162 ultimo
2108 2112 2223 2162 loco
2261 2113 2580 2177 distinguere

1517 2187 1721 2251 debuit,
1745 2196 1803 2238 ut
1825 2189 1877 2237 in
1919 2196 2064 2240 tauto
2088 2189 2316 2240 facinore
2342 2190 2585 2253 Neronis,

1518 2265 1562 2314 si
1588 2264 1702 2314 duae
1727 2263 1956 2326 fuerunt,
1989 2281 2222 2330 quaenam
2246 2281 2308 2316 ea
2332 2267 2489 2316 amita
2509 2281 2586 2319 es·

1519 2352 1620 2409 set,
1644 2360 1762 2409 quae
1779 2333 2141 2394 occidebatur.
2210 2344 2316 2394 Dio
2339 2352 2486 2394 certe
2510 2345 2584 2393 di-

1522 2421 1597 2472 cit
1622 2422 1836 2486 periisse
1861 2429 1984 2471 tuuc
1999 2422 2208 2472 amitam
2227 2437 2443 2471 veneno.
2477 2421 2584 2471 Sed

1525 2500 1591 2549 de
1629 2506 1795 2549 morte
1828 2500 2042 2549 alterius
2077 2501 2256 2564 amitae,
2288 2498 2587 2550 testimonio

1525 2576 1732 2628 affiictae
1758 2584 1814 2628 et
1836 2585 2052 2641 nccatae,
2084 2585 2143 2628 ut
2179 2583 2495 2642 supponunt,
2518 2578 2591 2626 al-

1527 2661 1636 2704 tum
1659 2655 1799 2705 silet.
1865 2656 1983 2705 Nec
2011 2660 2157 2704 certe
2176 2654 2302 2703 dicit
2331 2653 2444 2718 ipse
2465 2654 2590 2702 Sue·

1510 2733 1718 2798 ¹toniuS,
1742 2742 1850 2782 tum
1871 2733 2083 2797 periisse
2102 2732 2348 2796 Lepidam,
2370 2731 2461 2780 sed
2481 2737 2592 2781 tan-

1512 2817 1639 2863 tum
1663 2809 1909 2861 afflictam
1929 2809 2221 2860 testimonio
2243 2808 2486 2859 Neronis.

1591 2888 1778 2954 Itaque
1796 2889 1917 2938 silet
1954 2888 2059 2937 Dio
2088 2888 2185 2937 lioc
2223 2887 2336 2935 loco
2372 2892 2429 2935 et
2463 2892 2590 2936 tem-

1529 2980 1656 3030 pore
1677 2966 1907 3015 historiae
1931 2965 1965 3013 l.
1990 2977 2091 3012 xu.
2114 2979 2128 3024 ;
2163 2963 2288 3012 licet
2309 2960 2447 3012 infra
2468 2964 2592 3012 ami·

1529 3049 1635 3092 tam
1660 3042 1886 3093 Neronis
1906 3055 2104 3091 veneno
2142 3041 2396 3089 sublatam
2431 3039 2594 3090 dicat.

1530 3121 1601 3169 Et
1621 3120 1831 3170 Tacitus
1873 3119 1985 3183 ipse
2023 3118 2155 3168 dicit
2176 3123 2397 3179 tautum,
2437 3117 2485 3166 ei
2523 3117 2597 3166 in-

1529 3197 1707 3246 dictam
1740 3202 1953 3259 moriem,
1988 3195 2080 3244 sed
2117 3195 2435 3244 adversante·
2463 3195 2596 3243 Nar-

1533 3273 1695 3334 cisso;
1736 3273 1875 3322 unde
1898 3271 2074 3321 inferri
2098 3279 2244 3321 certo
2268 3271 2442 3334 possit,
2463 3285 2598 3319 mor-

1525 3356 1643 3417 tem
1666 3364 1765 3398 non
1789 3350 1840 3398 ei
1863 3364 1977 3399 esse
1998 3348 2194 3398 iliatam
2214 3367 2228 3408 ;
2277 3361 2448 3410 neque
2469 3345 2599 3394 Sue·

1536 3427 1712 3476 tonius‘
1732 3427 1841 3491 ipse
1864 3424 1994 3474 dicit
2018 3431 2123 3474 tum
2147 3431 2386 3472 necatam
2408 3439 2424 3483 ;
2475 3437 2602 3486 ergo

1525 3518 1598 3573 ¹ea
1636 3503 1751 3567 ipsa
1784 3510 1867 3553 est
1904 3518 2018 3567 quae
2061 3502 2186 3551 vivit
2220 3501 2317 3550 boc
2353 3501 2468 3550 loco
2506 3500 2601 3549 lib.

1536 3595 1664 3632 ¹111.

1600 3658 1880 3722 Praecipua
1905 3657 2121 3722 quaestio
2145 3662 2247 3719 est,
2269 3673 2335 3706 an
2357 3656 2487 3706 duas
2506 3655 2608 3706 Do·

1537 3724 1699 3784 mitius
1720 3733 2042 3796 distinxerit,
2064 3741 2155 3784 aut
2178 3733 2496 3798 distinguere
2520 3747 2610 3781 vo·

1537 3812 1695 3862 luerit
1716 3812 1953 3873 TacituS,
1992 3826 2107 3860 cum
2147 3812 2354 3860 amitam
2380 3810 2607 3860 Neronis

1537 3890 1572 3944 l,
1599 3877 1703 3939 xnss
1739 3889 2006 3939 Domitiam
2029 3889 2258 3952 Lepidam
2281 3886 2610 3952 appellat2et

1538 3982 1658 4017 cum
1682 3982 1857 4016 rursus
1877 3967 2076 4015 amitam
2094 3965 2320 4015 Neronis
2357 3962 2489 4027 (sive
2522 3977 2609 4011 ea·

1530 4035 1676 4104 dem,
1711 4043 1822 4094 sive
1863 4043 2058 4107 duplex
2081 4040 2243 4091 fuerit
2265 4041 2424 4090 amita
2446 4041 2614 4090 Nero·

1541 4118 1646 4185 nis)
1681 4119 1945 4170 Domitiam
1970 4118 2201 4183 appellat
2239 4115 2541 4180 simpliciter
2575 4117 2612 4169 l.

1544 4212 1671 4247 xm.
2511 4243 2516 4248 .

1608 4264 1709 4325 Sed
1723 4276 1835 4325 haec
1847 4273 2221 4334 distinctio,seu
2232 4271 2425 4337 duplex
2438 4271 2615 4336 appel·

1546 4352 1673 4419 latio
1692 4353 1744 4402 in
1759 4351 1973 4429 {irritum
1992 4349 2157 4416 cadit,
2180 4350 2298 4419 quia
2318 4349 2393 4402 sic
2417 4347 2614 4414 duplici
