3063 4952
533 400 708 483 1886

535 599 755 645 aureae
812 579 883 643 in
942 578 1152 644 solio¹
1198 576 1564 662 Capitolini
1626 576 1673 642 J
1677 578 1828 643 ovis
1841 587 1866 624 ³
1910 578 2288 644 locarentur
2308 582 2360 644 :4
2424 577 2754 642 ludicrum

535 684 883 760 circense,¹
912 687 982 746 ut
1003 680 1050 746 J
1053 682 1209 746 uliae
1240 683 1414 765 genti
1442 682 1623 766 apud
1668 681 2022 758 BovillaS,⁸
2050 682 2146 745 ita
2173 679 2485 745 Claudiae
2521 680 2757 746 Domi-

532 784 822 870 tiaequeb
850 785 1028 869 apud
1059 783 1336 848 Antium
1379 786 1679 850 ederetur
1701 783 1736 846 ι’
1781 804 1931 868 quae
1978 785 2164 849 fluxa
2192 783 2399 863 fuere,
2446 792 2758 868 quartum

533 887 709 952 intra
736 907 1028 950 mensem
1070 886 1379 951 defuncta
1406 888 1676 953 infante.
1765 887 2163 970 Rursusque
2208 890 2472 951 exortae
2523 884 2758 965 adulaff

534 990 770 1066 donea,
804 990 1208 1052 censentium
1240 994 1261 1022 ‘
1283 990 1600 1053 bonorem
1632 991 1871 1055 Divae⁶
1892 996 1960 1053 et
1984 990 2292 1073 pulvinar
2315 989 2674 1075 aedemque
2692 991 2762 1057 et

1248 434 1315 482 C.
1355 432 1729 482 commui
1778 430 2035 481 'errri
2429 434 2619 502 [AJJ.
2637 438 2751 487 81⁷.

535 1184 647 1222 rum
666 1172 913 1236 imagines
934 1187 1101 1221 anreae
1125 1173 1514 1222 statuerentur·
1501 1188 1553 1222 ιιι
1578 1173 1721 1235 sede,
1739 1188 1820 1222 sen
1840 1172 2133 1235 „cinnamis
2150 1172 2472 1250 Capitolini,
2508 1179 2567 1223 et
2584 1186 2759 1237 qnem-

536 1237 813 1291 admodum
863 1238 972 1287 ludi
1017 1239 1291 1288 Cimenses
1321 1238 1477 1288 Julian
1508 1238 1719 1287 familiae
1767 1238 1904 1302 apud
1954 1240 2205 1299 Bovillas,
2235 1239 2314 1288 ita
2361 1236 2507 1301 apud
2543 1238 2759 1291 Annum

533 1304 678 1367 genti
720 1303 950 1352 claudian
989 1304 1344 1367 Domitiaeque
1389 1304 1795 1357 celebrarentur.
1882 1304 2009 1361 Quae
2046 1304 2218 1354 udin
2260 1304 2527 1368 ποιεῦσι,
2573 1307 2758 1355 mmm

528 1369 689 1432 pseu«
708 1369 838 1418 intra
858 1373 1058 1432 quatuor
1077 1384 1273 1419 menses.
1339 1368 1615 1433 Itermqioe
1648 1369 1819 1420 excite
1850 1369 2194 1421 assentationes
2215 1369 2534 1419 &ntuentium
2559 1369 2758 1419 cultum

1463 1525 1818 1547 OOOOOOOOOOOO

595 1632 628 1677 4
664 1629 748 1680 Sic
771 1631 901 1680 Mss.
926 1630 1066 1681 Flor.
1090 1631 1204 1694 Reg
1227 1629 1356 1695 Agr.
1381 1630 1542 1681 Corb.
1567 1629 1731 1681 editio
1755 1631 2003 1697 princeps
2024 1637 2084 1682 et
2107 1631 2445 1682 recentiores.
2518 1630 2587 1682 In
2622 1630 2753 1681 Mss.

1535 1778 1752 1829 NOTAE

598 1895 625 1924 ¹
648 1891 708 1941 Ῑιι
738 1893 878 1957 solio]
933 1894 1074 1946 Quid
1108 1894 1176 1946 sit
1210 1896 1390 1945 solium
1421 1895 1595 1959 Jovis,
1678 1902 1697 1915 Χ
1740 1903 1765 1930 ⁸
1793 1898 1943 1948 Julioe
1960 1896 2096 1961 genti
2127 1898 2252 1965 apud
2288 1895 2530 1961 Bovillas]
2562 1893 2751 1945 Annal-

533 1967 703 2019 innuit
721 1971 852 2020 Tac.
891 1971 1028 2022 Hist.
1055 1987 1139 2021 ιιι.
1163 1978 1243 2023 74.
1271 1974 1358 2023 ubi
1392 1975 1456 2023 de
1490 1975 1595 2024 Do·
1677 1973 1768 2025 lib.
1792 1988 1854 2024 ιι.
1886 1973 2219 2024 ‘sacrarium
2260 1973 2403 2036 genti
2437 1972 2618 2036 Jnliae,
2649 1969 2755 2021 effi·

533 2046 777 2096 mitiano:
832 2050 848 2077 ‘
873 2050 1001 2098 Mox
1051 2051 1326 2115 imperium
1372 2052 1594 2116 adeptus
1678 2053 1892 2118 giesque
1915 2053 2055 2103 Divo
2076 2050 2316 2116 Augusto
2342 2049 2485 2116 apud
2522 2049 2753 2145 Bovillas

530 2121 655 2174 Jovi
678 2127 881 2176 custodi
917 2130 1165 2192 templum
1195 2130 1400 2194 ingens,
1433 2146 1593 2197 seque
1677 2130 1935 2179 dicantur
1941 2128 1956 2150 ’
2010 2128 2225 2191 Lipsius

532 2199 585 2249 in
607 2200 720 2251 sinu
742 2202 846 2251 Dei
869 2203 1128 2255 sacravit!
1181 2206 1419 2271 Nempe
1406 2222 1458 2256 ιιι
1482 2209 1596 2261 sinu
1740 2205 1980 2269 Bovillas]
2021 2206 2242 2255 Bovillae
2268 2203 2520 2267 oppidum
2546 2202 2756 2253 Latino·

530 2275 680 2328 Jovis
713 2295 854 2329 snam
895 2279 1115 2342 effigiem
1150 2283 1361 2346 locavit,
1384 2285 1594 2336 dicavit.
1674 2297 1786 2331 rum
1821 2284 2128 2347 populorum
2158 2282 2223 2330 ad
2252 2281 2386 2329 viam
2413 2279 2668 2344 Appiam,
2702 2280 2755 2328 in

530 2355 601 2407 Et
613 2356 775 2419 αΙίἱιί,ι
792 2358 1024 2408 victoriae
1037 2360 1320 2409 sacrataein
1332 2361 1578 2411 sinuDei.
1583 2360 1597 2382 '
1676 2360 1825 2410 Latio
1847 2359 2141 2422 provincia:
2166 2357 2319 2407 hodie
2337 2358 2388 2407 in
2407 2358 2578 2406 ruinis
2590 2352 2758 2422 jacet,

597 2432 783 2499 Itaque
803 2449 920 2485 cum
946 2436 1135 2500 dicit,
1118 2452 1169 2487 ιιι
1188 2437 1303 2486 solio
1331 2438 1595 2502 Capitolini

1674 2436 1811 2486 inter
1835 2439 2049 2487 Romam
2074 2436 2255 2485 urbem
2288 2441 2347 2485 et
2381 2434 2645 2499 oppidum
2666 2435 2753 2485 Al·
2858 2489 2863 2496 ⁸

429 3849 432 3850 γ
521 3811 664 3872 gimoe
700 3814 983 3876 campitelli.

529 2510 683 2572 Jovis,
708 2519 835 2575 puto
860 2514 1054 2577 positas
1077 2514 1191 2564 illas
1214 2513 1410 2578 effigies
1433 2514 1484 2565 in
1508 2532 1592 2565 ea-

530 2584 649 2635 dem
672 2588 814 2650 sede,
837 2604 938 2652 qua
958 2595 1129 2638 statua
1150 2590 1318 2652 Jovis,
1354 2591 1495 2642 circa
1519 2592 1593 2655 ip-

527 2676 639 2712 sum
655 2662 858 2727 Jovem,
882 2671 937 2714 et
959 2664 1096 2716 forte
1119 2667 1261 2715 velut
1285 2668 1337 2716 in
1361 2668 1474 2717 sinu
1501 2669 1534 2719 J
1542 2684 1593 2718 o-

529 2740 623 2803 vis,
673 2742 789 2806 quia
832 2742 1068 2806 modicae,
1121 2751 1179 2794 et
1234 2739 1599 2809 magnitudine

527 2817 682 2877 longe
705 2818 942 2881 impares.

594 2895 658 2945 In
678 2896 793 2945 solio
813 2897 975 2962 Jovis]
1023 2900 1161 2949 Puto
1194 2900 1266 2949 sic
1303 2900 1591 2966 intelligen-

530 2970 684 3020 dum:
722 2975 943 3036 reposita
966 2989 1028 3024 ea
1063 2977 1339 3025 simulacra
1362 2975 1591 3026 fortuna-

531 3062 644 3097 rum
679 3048 730 3096 in
764 3049 877 3098 sinu
897 3050 1044 3102 Jovis
1079 3053 1131 3101 in
1165 3053 1292 3102 solio
1326 3052 1587 3103 sedentis:

531 3123 617 3187 qui
643 3126 779 3175 enim
815 3134 1033 3189 potuere
1066 3145 1144 3180 eae
1172 3129 1491 3180 fortunarum
1517 3130 1592 3180 ef-

511 3199 678 3263 figies
720 3203 960 3254 collocari
1015 3207 1068 3255 in
1114 3205 1241 3256 solio
1278 3206 1447 3268 Jovis,
1490 3222 1593 3272 quo

529 3292 714 3341 nempe
739 3280 848 3343 ipse
870 3281 1080 3346 Jupiter
1099 3283 1336 3333 sederet?

593 3364 613 3397 5
651 3357 909 3421 Capitolini
941 3359 1101 3422 Jovis]
1158 3360 1306 3410 Jovis
1341 3359 1591 3423 templum

525 3430 626 3481 fuit
648 3432 700 3481 in
722 3443 895 3484 monte
916 3437 1231 3500 Capitolino,
1255 3444 1310 3487 et
1332 3437 1385 3486 in
1403 3444 1591 3486 octava

529 3508 740 3571 regione
784 3510 968 3562 Romae
1009 3513 1251 3578 antiqnae.
1338 3512 1589 3563 Nonnulli

526 3583 747 3634 eredunt
780 3584 955 3649 fuisse,
994 3588 1080 3637 nbi
1116 3604 1249 3638 nunc
1272 3588 1455 3637 visitur
1487 3590 1587 3638 Ec·

527 3658 686 3708 clesia
718 3667 774 3709 et
806 3662 1101 3711 Conventus
1138 3664 1292 3727 vulgo
1326 3663 1393 3712 ab
1439 3664 1587 3713 Italis

526 3734 717 3797 dictus,
742 3737 896 3787 Scuta
921 3741 1083 3788 Maria
1104 3742 1155 3788 di
1173 3741 1273 3789 Ara
1299 3740 1420 3801 Geli,
1440 3741 1492 3790 in
1514 3755 1588 3791 re-

1033 3815 1167 3864 Vide
1210 3817 1422 3865 Romam
1458 3818 1588 3866 anti-

528 3900 679 3949 quam
701 3887 920 3937 Nardini
945 3891 978 3939 l.
996 3904 1049 3938 v.
1073 3905 1117 3939 c.
1139 3896 1217 3940 14.
1268 3890 1585 3942 Tillemonins.

590 3968 611 3994 ⁸
635 3964 877 4026 Circense]
903 3967 1147 4015 Circenses
1161 3967 1290 4016 editi
1311 3982 1404 4030 pro
1420 3969 1585 4018 salute

525 4040 777 4091 Neronis:
825 4045 901 4092 sic
936 4051 988 4093 et
1022 4045 1134 4107 ipse
1170 4046 1312 4094 Nero
1348 4045 1588 4097 ediderat

531 4118 546 4143 ‘
565 4131 658 4178 pro
685 4119 885 4168 Claudii
922 4124 1086 4170 salute
1122 4123 1389 4172 Circenses
1422 4130 1477 4173 et
1498 4137 1584 4172 ve·

523 4191 838 4254 nationem?
875 4201 1011 4245 teste
1037 4199 1249 4248 Sueton.
1275 4201 1402 4248 Ner.
1426 4204 1475 4249 7.

594 4268 836 4333 Circense]
870 4272 984 4324 Lib.
998 4287 1074 4325 vl.
1091 4289 1138 4324 c.
1151 4279 1233 4325 45.
1252 4275 1340 4326 ubi
1361 4277 1425 4326 de
1443 4277 1583 4326 Circo

524 4346 749 4397 maximo.

1674 2514 1810 2576 bano,
1833 2515 1883 2563 in
1902 2513 2186 2576 Campania
2211 2515 2461 2571 Romana,
2486 2511 2759 2575 provincia

1674 2599 1842 2641 status
1879 2590 2256 2654 Ecclesiastici.
2324 2590 2406 2638 Ex
2443 2589 2608 2638 Italia
2638 2588 2783 2646 clu„

1674 2668 1804 2717 verii
1842 2669 1877 2717 l.
1898 2682 1988 2717 ιιι.
2011 2683 2059 2717 c.
2082 2670 2132 2718 4.
2157 2682 2209 2730 p.
2234 2670 2350 2718 915.
2373 2670 2428 2715 et
2452 2665 2613 2714 Latio
2636 2666 2757 2715 Kir-

1679 2745 1837 2795 cheri.
1901 2744 2223 2793 Tillemonins.

1737 2821 1759 2855 ¹²
1781 2822 1997 2871 Claudia*
2016 2820 2361 2885 Domitiaeqne]
2398 2821 2543 2873 Quia
2567 2826 2758 2871 utram·

1673 2915 1772 2966 qne
1800 2905 2008 2963 geniem
2032 2897 2337 2961 complexus
2362 2897 2531 2960 Nero,
2559 2911 2753 2961 genere

1673 2983 1890 3041 paterno
1923 2990 1988 3025 ex
2023 2974 2267 3024 Domitiis
2300 2980 2465 3036 ortus,
2512 2982 2754 3025 materno

1674 3053 1919 3102 Claudios
1974 3051 2196 3102 ferebat.
2280 3052 2419 3100 Nam
2453 3050 2758 3116 Agrippina

1673 3136 1840 3177 mater
1876 3127 2099 3176 Neronis
2140 3132 2342 3190 patrem
2378 3126 2756 3177 Germanicum

1675 3213 1730 3255 et
1750 3208 1978 3256 Drusum
2003 3219 2152 3253 avum
2188 3204 2389 3265 habuit,
2417 3204 2508 3267 qni
2544 3205 2756 3255 Claudii

1674 3291 1845 3346 erant,
1863 3282 1982 3333 dein
2004 3289 2056 3331 et
2074 3282 2357 3346 adoptione
2376 3281 2594 3331 Claudii
2616 3282 2758 3347 prin·

1674 3361 1822 3424 cipiS.

1735 3437 2102 3499 “Adulationeln
2117 3436 2402 3485 censentium
2419 3435 2648 3484 honorem
2663 3435 2756 3486 Di·

1670 3514 1763 3578 τω]
1797 3513 1861 3563 Id
1882 3520 1981 3576 est,
2005 3513 2212 3578 quidam
2239 3512 2542 3561 adulatione
2584 3513 2753 3577 magis

1670 3606 1825 3656 quam
1857 3603 1983 3638 vero
2023 3588 2243 3652 jndicio,
2276 3585 2574 3649 Augustam
2617 3589 2755 3652 Pop-

1670 3681 1838 3730 paeaui
1863 3667 2088 3716 Neronis
2122 3664 2281 3712 filiam
2315 3672 2578 3712 mortuam
2615 3664 2754 3714 inter

1667 3743 1827 3792 Divos
1850 3740 2174 3791 referendam
2197 3740 2507 3800 censebant,
2535 3748 2599 3791 nt
2621 3741 2753 3790 sole·

1665 3817 1796 3867 bant
1811 3818 2154 3881 imperatores
2171 3815 2388 3874 referre,
2403 3817 2563 3881 eique
2582 3815 2751 3865 aedem

1667 3910 1865 3944 sacram
1891 3893 2143 3942 constitui
2177 3891 2393 3955 debere,
2427 3899 2484 3941 et
2508 3892 2753 3942 sacerdo·

1667 3977 1764 4022 tes.
1821 3972 2062 4035 Lupones.

1732 4049 1976 4097 Honorem
2012 4049 2181 4112 Divoe]
2253 4045 2411 4099 Quod
2462 4061 2661 4097 novum
2693 4050 2750 4098 et

1666 4125 1953 4175 inauditum
1984 4125 2036 4173 in
2068 4123 2176 4173 filio
2208 4139 2297 4172 seu
2333 4121 2441 4173 fllia
2475 4125 2750 4190 principis.

1663 4201 1770 4251 Soli
1790 4202 1926 4250 enirn
1963 4200 2225 4265 principes
2249 4201 2382 4250 coelo
2407 4199 2592 4265 dicati,
2625 4201 2748 4251 solae

1663 4286 1856 4327 matres
1880 4285 1971 4328 aut
2004 4277 2135 4327 aviae
2171 4279 2543 4341 imperantium
2566 4289 2753 4327 conse·⁴

1661 4359 1820 4405 cratae
1852 4353 2123 4405 hactenus.
2184 4355 2296 4406 Sed
2320 4354 2558 4406 adulatio
2579 4354 2741 4420 magis
