3063 4952
547 382 722 456 1848

1257 416 1322 475 o,
1364 418 1730 471 connnnu
1778 392 2036 477 'morri
2149 424 2176 441 ·

2431 440 2528 509 [A.
2552 448 2620 502 υ.
2640 451 2756 504 sle.

538 549 824 617 nabant:
890 567 1077 640 pars⁸
1118 558 1325 646 jussu
1374 565 1613 650 DuciS,
1661 576 1730 659 et
1776 574 1891 640 alii
1937 578 2216 662 propria
2268 582 2600 668 ignavia,¹¹
2649 591 2758 659 ut¹

543 649 989 751 Corbulonem
1022 665 1495 750 opperientes„⁸
1553 693 1658 752 ae,
1708 676 1768 740 si
1797 679 1902 743 vis
1930 681 2297 765 ingrueret)
2319 691 2613 770 provisis
2637 715 2756 761 ex-

536 754 800 839 emplis*
859 760 1183 832 Caudinae
1229 788 1311 834 ac
1345 769 1415 837 N
1417 777 1794 843 umantinae¹
1820 781 2083 848 cladis.³
2151 791 2171 820 ‘
2205 786 2446 873 Neque
2475 794 2758 862 eandem

683 942 856 994 vanum
871 946 1179 1005 defendebant
1196 970 1213 1002 .·
1228 969 1345 1017 pars
1363 956 1562 1020 imperio
1576 961 1724 1024 ducis,
1747 968 1795 1011 et
1808 964 1895 1014 ulii
1915 968 2110 1031 propria
2124 969 2321 1033 inertia,
2344 979 2428 1024 aut
2439 991 2620 1039 pavore
2643 981 2758 1033 Cor-

591 1005 742 1056 ionem
757 1016 1075 1078 expectantes,
1095 1032 1150 1066 ac
1169 1018 1214 1068 si
1235 1020 1306 1069 vis
1325 1029 1534 1087 urgeret,
1550 1028 1821 1087 pre-sumtis
1843 1033 2014 1082 animo
2035 1036 2260 1099 exemplis
2279 1038 2559 1101 ignomiuiae
2571 1045 2750 1095 Caudi-

1460 1151 1635 1172 &oeteo
1641 1154 1815 1177 “OQ‘'

527 1243 655 1280 num.
723 1230 849 1282 Mss.
866 1234 1016 1288 Harl.
1033 1238 1186 1290 Bodl.
1209 1242 1321 1295 Jes.
1343 1251 1400 1294 et
1421 1244 1764 1313 Puteolanus,
1785 1257 2173 1315 oppugnare—2
2204 1255 2293 1306 Sic
2317 1257 2515 1323 optime
2540 1258 2753 1315 Rhena-

528 1308 625 1343 nus
645 1309 675 1343 e
695 1295 797 1347 Ms.
821 1299 954 1350 Bud.
1009 1303 1070 1353 In
1108 1306 1241 1357 Mss.
1284 1309 1435 1361 Harl.
1479 1312 1636 1365 Bodl.
1665 1314 1778 1365 Jes.
1813 1325 1869 1366 et
1891 1317 2242 1384 Puteolanus,
2262 1327 2349 1371 aut
2368 1331 2498 1374 metu
2523 1327 2750 1379 Corbulo·

525 1374 668 1418 nem;
699 1368 755 1411 et
793 1365 868 1414 sie
911 1366 1222 1422 Gronovius.
1292 1374 1422 1424 Mss.
1464 1377 1619 1428 Harl.
1653 1379 1762 1431 Jes.
1808 1382 2008 1431 Corbulo
2046 1387 2304 1448 opperiens.
2374 1390 2517 1441 Metu
2540 1394 2696 1444 abest
2718 1411 2749 1445 a

526 1424 658 1477 Mss.
682 1426 822 1480 Flor.
848 1432 974 1496 Reg.
993 1433 1149 1486 Corb.
1171 1443 1228 1488 et
1249 1438 1478 1491 editione
1493 1443 1747 1509 principe.
1782 1446 2101 1500 Brotier.——3
2136 1451 2268 1501 Cod.
2310 1453 2501 1517 Ryckii
2540 1460 2748 1511 deditio·

1517 1583 1741 1636 No'rAE

517 1720 575 1757 so
599 1720 756 1760 eaeso.
821 1709 975 1766 Unde
1011 1717 1193 1784 ingens
1231 1722 1396 1788 gloria
1417 1733 1474 1777 et
1498 1726 1589 1778 tri-

516 1786 737 1849 umphus
757 1789 949 1842 bomini
981 1809 1134 1863 novo,
1163 1800 1252 1865 qui
1275 1808 1330 1853 et
1353 1803 1473 1854 olim
1497 1807 1586 1856 tri-

520 1862 793 1926 umphatus
815 1876 948 1919 erat.

583 1939 690 1989 Nec
707 1942 869 2007 ,aliudJ
902 1947 1024 1997 Nou
1047 1954 1389 2018 erumpebant
1407 1959 1590 2012 adver-

515 2028 602 2064 sus
623 2016 859 2081 bostem;
905 2029 1104 2076 tantum
1142 2031 1460 2084 munimenta
1496 2037 1588 2087 de-

512 2089 831 2157 fendebant3
859 2113 976 2161 pars
999 2102 1142 2164 jussu
1183 2108 1334 2170 ducis,
1374 2112 1464 2177 qui
1508 2114 1584 2164 sic

514 2176 713 2242 tantum
752 2173 1062 2243 imperaret3
1106 2189 1161 2233 at
1185 2184 1273 2237 alii
1288 2191 1484 2254 propria
1506 2191 1584 2256 ig-

510 2245 671 2310 navia,
694 2253 749 2298 et
777 2253 923 2316 quasi
953 2255 1300 2313 Corbulonem
1338 2275 1586 2331 expecta-

513 2331 649 2374 rent.

574 2408 602 2445 ἒ
632 2402 782 2470 Pars]
816 2410 1016 2462 Milites
1043 2421 1440 2484 propugnabant
1464 2430 1577 2475 tan-

507 2482 772 2534 tummodo
795 2489 1126 2558 munimenta,
1148 2498 1273 2546 nulli
1288 2497 1399 2550 fere
1415 2503 1575 2567 ultro,

507 2564 599 2605 aut
635 2567 845 2625 sponte,
887 2568 969 2616 vel
1009 2569 1220 2636 virtute,
1257 2575 1351 2625 sed
1375 2577 1462 2627 alii
1485 2578 1576 2629 im·
1605 2635 1608 2638 Α

503 2635 650 2697 perio
673 2637 837 2705 ducis,
873 2631 959 2692 a'lii
994 2649 1209 2712 propria
1242 2650 1469 2719 ignavia,
1514 2663 1575 2706 ut

501 2712 638 2762 vallo
667 2712 902 2782 fossaque
942 2736 998 2773 se
1039 2731 1281 2789 tegerent
1325 2730 1572 2784 adversus

501 2784 724 2840 hostem.
789 2792 1005 2857 Ignavia
1019 2802 1104 2849 vel
1122 2810 1263 2853 metu
1279 2820 1336 2855 se
1361 2805 1571 2861 interim

501 2865 826 2933 tutabantur,
849 2871 972 2923 dum
991 2874 1299 2931 adventaret
1323 2882 1570 2951 Corbulo,

499 2954 654 3003 quem
718 2946 882 2998 veluti
939 2950 1268 3007 liberatorem
1325 2970 1571 3026 expecta·

503 3016 648 3069 bant.

564 3094 587 3128 ¹¹
619 3098 829 3165 Propria
847 3103 1065 3173 ignavia]
1115 3111 1322 3177 Nempe
1341 3129 1408 3167 ne
1441 3119 1569 3170 alibi

495 3188 644 3237 quam
670 3176 808 3229 intra
827 3184 1118 3238 munimento
1153 3204 1383 3256 pugnare
1414 3211 1565 3263 coge-

494 3258 707 3317 rentur;
749 3264 806 3308 et
834 3261 956 3325 quia
974 3262 1049 3313 sic
1063 3269 1417 3330 expectabant
1439 3275 1564 3325 Cor·

493 3328 754 3401 bulonem,
785 3352 936 3389 nemo
979 3343 1112 3393 ultro
1132 3343 1243 3398 fere
1265 3350 1412 3401 miles
1433 3368 1562 3419 pug-

496 3409 677 3462 nabat.

518 3502 523 3506 ·
556 3484 570 3517 ¹
608 3487 702 3551 Ut]
733 3490 842 3541 Pro
873 3499 946 3559 ut,
967 3499 1123 3563 vulgo
1149 3500 1340 3566 legitur
1359 3511 1443 3557 aut
1464 3524 1560 3559 me-

489 3566 544 3610 tu
560 3579 577 3613 .·
609 3570 665 3615 et
681 3565 821 3632 hinc,
844 3570 975 3636 Illis,
993 3573 1177 3640 inquit,
1199 3579 1404 3632 abunde
1419 3599 1561 3650 mag·

490 3653 614 3691 num
663 3653 795 3711 erat,
863 3653 1184 3707 munimenta
1229 3660 1515 3715 defendere
1543 3684 1557 3718 z

485 3721 745 3772 nonnullis
769 3726 894 3790 quia
937 3730 1174 3784 edixerat
1196 3735 1321 3801 dux,
1354 3754 1417 3789 ne
1443 3744 1560 3807 quis

487 3796 673 3848 eastris
690 3801 889 3866 exiret3
931 3807 1043 3856 aliis
1082 3825 1180 3860 non
1206 3813 1361 3864 aliter
1388 3816 1558 3868 faetu-

485 3873 580 3934 ris,
593 3876 635 3925 si
654 3878 803 3943 signa
825 3881 1005 3933 inferri
1018 3887 1260 3950 jussisset
1280 3891 1381 3956 (ita
1403 3904 1554 3946 erant

486 3957 758 4021 perculsi),
793 3961 1160 4028 praeferentes,
1186 3983 1261 4031 se,
1305 3978 1551 4039 tanquam

481 4029 539 4081 iu
560 4035 782 4098 stativis,
815 4040 1159 4094 Corbulonem
1184 4045 1551 4112 eipectarent.

490 4108 560 4158 Ue
576 4117 881 4180 opperientes,
905 4123 1335 4184 quemadmodum
1356 4143 1551 4192 praece-

1669 1735 1789 1781 tur:
1822 1730 1838 1759 ‘
1862 1731 1937 1783 At
1959 1747 2063 1782 nou
2080 1732 2294 1786 AEolidae
2319 1736 2568 1788 thalamos
2592 1739 2745 1790 timu·

1668 1823 1759 1858 ere
1798 1825 2050 1863 sororum.
2116 1814 2272 1865 Unde
2314 1816 2409 1866 sed
2452 1817 2546 1867 hos
2579 1820 2742 1871 novi?

1668 1902 1762 1937 cur
1777 1889 1890 1939 haec
1905 1893 2147 1956 exempla
2174 1893 2356 1957 paravi
2373 1893 2411 1942 ?’
2448 1895 2742 1948 Gronovius.

1730 1963 1830 2015 Aul
1852 1968 2002 2032 metu]
2033 1966 2141 2017 Alii
2175 1969 2375 2033 legunt,
2396 1974 2483 2019 aut
2509 1972 2744 2022 Corbulo-

1663 2055 1770 2090 nem
1788 2044 2111 2107 opperientes:
2132 2045 2207 2095 sic
2230 2045 2475 2109 tegebant
2490 2054 2671 2099 metum
2685 2057 2740 2100 et

1663 2119 1905 2181 ignaviam
1928 2137 2091 2171 suam.
2158 2123 2265 2174 Sed
2299 2124 2411 2174 haee
2434 2124 2485 2174 in
2509 2127 2738 2177 eundem
2827 2210 2830 2211 ⁷

1667 2209 1872 2248 sensum
1895 2205 2190 2251 recurrunt.

1724 2271 1744 2318 J
1778 2274 1839 2324 Si
1872 2275 1946 2324 vis
1980 2276 2248 2342 ingweret]
2278 2277 2335 2329 Si
2358 2293 2389 2328 a
2410 2278 2629 2331 Parthis
2650 2295 2739 2338 ex·

1662 2359 2039 2418 pugnax-entur,
2045 2355 2156 2419 jam
2171 2355 2342 2405 animo
2365 2365 2739 2421 praeceperant

1658 2427 1853 2495 ignavi,
1874 2431 2113 2497 exempla
2137 2433 2364 2483 cladium
2386 2433 2652 2486 similium.

1719 2503 1745 2540 Β
1775 2507 1994 2561 Provisis
2015 2509 2265 2574 exemplis]
2330 2509 2475 2560 Nihil
2519 2524 2733 2561 moven-

1655 2581 1797 2633 dum.
1863 2584 1926 2634 In
1959 2585 2035 2634 bis
2069 2585 2320 2650 angustiis
2342 2585 2534 2637 milites
2556 2588 2733 2651 provi-

1654 2658 1801 2724 dent,
1845 2667 1903 2711 et
1937 2661 2106 2712 animo
2153 2662 2464 2727 praecipiunt
2485 2666 2732 2729 exempla

1654 2736 1791 2799 paris
1814 2737 1995 2802 cladis,
2028 2738 2167 2803 paris
2190 2739 2500 2802 ignominiae.
2563 2743 2643 2792 Hi
2664 2741 2731 2792 si-

1655 2815 1706 2864 bi
1725 2825 1924 2881 ponunt
1948 2819 2014 2868 ob
2031 2819 2207 2871 oculos
2215 2820 2397 2885 jugum
2413 2823 2728 2888 Caudinum,

1650 2891 2044 2957 Numantinum,
2066 2902 2123 2946 et
2158 2896 2261 2944 alia
2294 2896 2482 2947 similia
2503 2896 2728 2963 flagitia.

1716 2969 1904 3035 Neque
1921 2979 2167 3036 expectes
2189 2973 2293 3037 bie,
2315 2981 2374 3024 ut
2401 2975 2625 3025 Tacitus
2647 2975 2726 3026 fa-

1650 3045 1758 3096 ciat
1770 3047 1966 3111 justam
1990 3047 2311 3099 Antithesim
2334 3066 2348 3111 ;
2372 3050 2447 3100 sie
2471 3051 2611 3101 enim
2632 3052 2724 3102 de-

1649 3120 1847 3173 buisset
1889 3124 2134 3188 scribere,
2184 3141 2329 3190 neque
2377 3129 2573 3177 eandm
2623 3130 2721 3179 vim

1646 3196 1941 3250 Samnitibus
1982 3201 2152 3251 Italico
2185 3205 2374 3268 populo,
2393 3210 2479 3255 aut
2504 3206 2724 3256 Numan-

1644 3275 1763 3325 tinis
1791 3278 2027 3341 Hispanae
2041 3280 2214 3343 genti3
2246 3281 2290 3329 si
2335 3281 2489 3331 rebus
2532 3297 2637 3346 res,
2661 3290 2719 3334 et

1642 3355 1851 3406 nomina
1869 3357 2161 3407 nominibus
2175 3372 2439 3423 opponere
2466 3361 2653 3411 vellet.

1708 3431 1784 3483 At
1818 3434 2060 3484 minutias
2091 3435 2219 3484 istas
2263 3449 2364 3484 non
2391 3442 2541 3486 curat
2572 3438 2723 3487 Taci-

1640 3515 1742 3571 tus,
1778 3516 2054 3561 contentus
2101 3510 2311 3575 dixisse,
2358 3512 2575 3562 militem
2601 3514 2717 3577 jam

1640 3588 1917 3652 providere
1939 3588 2036 3638 sibi
2060 3590 2303 3653 exempla
2337 3589 2579 3639 similium
2609 3604 2717 3640 ma-

1638 3663 1825 3729 lorum,
1845 3671 1905 3714 ut
1928 3678 2009 3724 ea,
2029 3680 2078 3714 v.
2103 3680 2150 3716 c.
2173 3681 2291 3729 quae
2316 3666 2368 3715 in
2393 3667 2544 3730 sylva
2577 3667 2717 3717 Cau-

1640 3740 1781 3803 dina,
1828 3747 1917 3791 aut
1961 3740 2228 3791 obsidione
2258 3743 2597 3806 Numanti&
2621 3750 2717 3794 aut

1639 3817 1800 3866 etiam
1833 3832 1949 3882 qnae
1985 3831 2017 3866 a
2058 3817 2234 3866 Poeuis
2255 3824 2310 3867 et
2348 3817 2613 3868 Annibale
2639 3818 2715 3869 in·

1636 3890 1780 3942 flicta
1821 3899 1877 3942 et
1916 3892 2066 3943 illata
2099 3892 2327 3958 antiquis
2362 3894 2610 3945 Romanis
2634 3907 2714 3947 es·

1636 3976 1772 4019 sent.

1699 4043 1714 4077 ¹
1749 4046 1980 4100 caudina
1998 4061 2056 4097 uc
2078 4047 2409 4111 Numantina]
2462 4049 2608 4099 Flor.
2643 4064 2708 4099 u.

1638 4126 1724 4173 18.
1766 4123 1782 4150 ‘
1806 4122 2088 4174 Hostilium
2140 4125 2330 4175 deinde
2387 4126 2708 4179 Mancinum.

483 4185 629 4238 denti
672 4191 828 4256 libro,
858 4201 1003 4260 utque
1035 4200 1332 4254 eruebantur.
1397 4206 1469 4254 Et
1491 4205 1552 4256 il.
1637 4200 1796 4251 Hune
1840 4216 2048 4267 quoque
2082 4202 2300 4251 assiduis
2348 4202 2584 4253 caedibus
2626 4203 2705 4254 ita

483 4262 591 4329 lud,
616 4295 621 4300 »
649 4271 850 4331 provisis
872 4293 877 4298 ⁴
912 4278 1157 4344 exemplis,
1209 4281 1322 4345 pari
1364 4281 1549 4347 lepore
1604 4276 1971 4343 subegerunt,
1990 4285 2133 4328 utne
2159 4279 2335 4329 oculos
2355 4277 2590 4344 quidem,
2611 4286 2702 4330 aut

483 4339 640 4405 Ovid-
682 4332 830 4404 Met‘.⁸
854 4365 933 4406 xx.
969 4353 1060 4408 ubi
1081 4356 1264 4423 Byblis
1283 4358 1359 4414 sic
1378 4361 1544 4430 loqui·
1626 4368 1806 4407 vocem
1830 4355 2137 4410 Numantini
2169 4354 2270 4407 viri
2298 4354 2573 4423 quisquam
2592 4370 2699 4408 sus·
