3063 4952
486 373 669 441 151o

1194 388 1260 436 Ο.
1310 386 1680 440 commun
1729 384 1998 435 'rAcl‘rr

2377 389 2467 459 [Aa
2491 391 2559 474 Π.
2577 361 2707 444 sio:

1486 543 1702 594 NOTAE

492 659 620 724 liber
641 654 908 721 Perpetuo
931 663 988 707 ut
1013 653 1172 707 siem?
1203 657 1413 722 lipsius.

558 736 697 784 Duas
715 731 1075 783 manumittendi
1093 736 1267 798 species
1287 737 1560 803 institutas]

491 813 674 878 Tradit
695 812 935 874 Tacitus,
959 827 1048 861 eos
1074 814 1159 878 qui
1200 815 1432 864 vindicta
1455 832 1563 865 ma-

493 890 706 939 numissi
737 890 860 950 siut,
884 906 947 938 ex
982 890 1360 954 ingratitudine
1394 892 1445 940 in
1474 908 1563 955 pa·

496 973 673 1015 tronos
700 968 749 1015 iu
785 967 1090 1015 servitutem
1115 968 1383 1015 revocari:
1427 968 1563 1032 quod

495 1060 562 1094 ex
596 1045 925 1095 Constantini
969 1046 1146 1107 Magni
1190 1046 1564 1095 constitutione

495 1120 679 1171 falsum
698 1120 808 1171 fere
833 1122 1181 1184 convincitur,
1203 1122 1264 1171 L.
1311 1122 1364 1171 Si
1386 1137 1563 1172 manu-

496 1199 699 1262 missus,
721 1200 781 1249 C.
805 1198 872 1248 de
911 1199 998 1250 lib.
1024 1204 1081 1249 et
1119 1214 1299 1250 eorum
1331 1197 1424 1249 lib'.
1479 1199 1566 1249 Ala

494 1276 667 1325 cintus.

522 1377 529 1386 ·
560 1352 747 1403 Cicero
784 1353 836 1401 in
857 1353 1070 1415 Topicis
1100 1361 1207 1404 tres
1240 1352 1442 1417 species
1482 1367 1566 1401 re-

497 1426 618 1493 fert,
634 1444 793 1491 censu,
826 1430 1059 1491 vindicta,
1096 1434 1392 1479 testamento.
1460 1428 1565 1477 Sed

497 1520 564 1554 ex
599 1504 842 1555 Cornelio
877 1505 1021 1566 duae3
1057 1520 1174 1569 una,
1211 1521 1314 1570 qua
1353 1506 1565 1556 liberta-

499 1592 604 1633 tem
634 1585 838 1648 plenam
876 1585 1340 1649 consequebantur,
1377 1598 1495 1648 quae
1536 1599 1568 1632 a

497 1661 697 1711 Seneca
730 1660 865 1709 libro
889 1660 955 1707 de
988 1660 1117 1710 Vita
1150 1661 1318 1723 beata,
1341 1660 1481 1720 justa
1511 1660 1569 1708 li-

497 1736 652 1786 bertas
672 1736 900 1797 dicitur3
935 1737 1119 1802 altera,
1143 1751 1246 1801 qua
1284 1750 1385 1785 non
1409 1734 1571 1786 omui-

498 1827 566 1862 no
578 1811 779 1862 fiebant
802 1813 968 1864 liberi.

528 1889 738 1940 -Priori
781 1890 973 1952 specie,
1033 1890 1132 1938 hoc
1177 1896 1276 1955 est,
1317 1889 1572 1953 vindicta,

498 1967 839 2016 manumissos
885 1973 1140 2031 perpetuo
1185 1980 1300 2015 esse
1337 1966 1566 2015 liberos:

482 2044 737 2109 *sequenti
762 2059 882 2094 vero
916 2044 1213 2093 manumissi
1249 2050 1490 2107 poterant
1512 2043 1567 2092 in

499 2119 802 2171 servitutem
820 2121 1069 2185 revocari,
1081 2127 1320 2186 tanquam
1343 2120 1431 2184 qui
1447 2124 1570 2183 post

499 2195 796 2248 libertatem
820 2198 1041 2261 vestigia
1075 2197 1366 2247 retinerent
1408 2197 1569 2247 servi·

501 2273 650 2324 tntis.
703 2275 835 2325 Quae
861 2273 1099 2338 profecto
1117 2275 1273 2324 aliter
1291 2274 1591 2342 traduntur

500 2350 555 2400 in
574 2352 769 2400 nostris
793 2352 1211 2402 libris-civilibus.

565 2428 732 2480 Erant
769 2429 907 2479 enim
948 2428 1142 2493 Latini,
1165 2428 1434 2478 autcives
1465 2428 1571 2479 Ro-

503 2506 659 2569 mani,
698 2514 791 2557 aut
835 2506 1098 2567 dedititii;
1140 2506 1207 2556 de
1237 2508 1421 2571 quibus
1460 2508 1569 2557 late

504 2580 661 2635 Gaius
687 2585 741 2634 in
764 2585 1184 2635 institutionibus
1202 2600 1219 2633 ε
1260 2599 1376 2649 quae
1401 2585 1569 2633 omnia

502 2663 822 2727 temporibus
866 2664 920 2711 in
975 2662 1367 2711 desuetudinem
1426 2662 1573 2712 abie-

504 2744 677 2788 runt.·
721 2740 981 2790 Ferreum.

534 2848 541 2855 -
568 2814 820 2864 Vindicta
846 2814 949 2865 fuit
990 2815 1239 2864 Praetoris
1272 2815 1435 2878 virga,
1468 2828 1574 2878 qna

505 2898 666 2955 caput
688 2893 827 2941 servi
849 2899 930 2942 ter
952 2892 1302 2957 percutiebat,
1319 2893 1430 2940 haec
1454 2906 1574 2954 pro·

503 2964 702 3029 ferens,
728 2967 929 3018 liberem
949 2973 999 3017 te
1022 2983 1119 3017 esse
1140 2969 1234 3018 aio.
1301 2968 1575 3018 solebant-

506 3058 608 3108 que
632 3043 1029 3110 circumagi‚qui
1055 3046 1575 3097 manumittebantur.

507 3121 749 3172 Persius:
785 3125 801 3151 ⁸
826 3123 1076 3173 Vindicta
1115 3130 1387 3188 postquam
1428 3138 1573 3173 mens

506 3214 537 3248 a
574 3206 802 3265 proetore
844 3201 1052 3264 recessi,
1087 3203 1193 3251 Cur
1222 3202 1344 3250 mibi
1377 3214 1481 3250 non
1515 3201 1577 3250 li-

507 3287 628 3332 cest
644 3280 805 3345 jussit
827 3282 1189 3347 quodcumque
1213 3282 1452 3331 voluntas
1468 3280 1504 3330 ?’

560 3356 707 3406 flunt
725 3360 811 3422 qui
835 3358 1033 3422 dicant,
1069 3373 1187 3408 eum
1217 3359 1309 3423 qui
1343 3358 1577 3417 vindicta

507 3436 981 3502 manumittebstnr,
1002 3437 1247 3502 imposita
1273 3438 1386 3503 ejus
1411 3438 1578 3502 capiti

507 3526 660 3562 manu
679 3529 708 3564 a
731 3514 941 3564 donrino
962 3516 1342 3566 vertisolitum.
1377 3517 1577 3567 Seneca

510 3590 579 3639 ad
613 3591 903 3641 Luciliuin:
943 3594 959 3621 ‘
983 3593 1336 3658 Philosophiae
1379 3597 1575 3646 servias

510 3673 737 3730 oportet,
766 3676 826 3718 ut
846 3668 943 3718 tibi
977 3671 1249 3734 contingat
1277 3687 1398 3720 vera
1424 3672 1577 3723 liber·

511 3752 612 3795 τεο.-
681 3746 799 3795 Non
839 3743 1082 3795 differtur
1121 3748 1173 3797 in
1213 3747 1370 3812 diem,
1410 3750 1578 3814 quise

507 3825 585 3876 ini
610 3825 854 3888 subjecit,
877 3825 1051 3874 statim
1075 3827 1479 3891 circumagitur!

504 3997 612 4047 ¹sos,
653 3981 721 4030 ob
762 3979 1059 4030 Vindicium
1098 3995 1326 4042 servum,
1371 3982 1460 4046 qui
1507 3981 1578 4031 ob

511 4057 831 4124 patefactam
856 4056 1060 4107 indiciis
1083 4058 1186 4108 suis
1210 4059 1438 4123 Reipub.
1458 4075 1578 4124 pro-

510 4140 780 4201 ditionem,
800 4142 898 4190 hoc
920 4154 1110 4204 genere
1129 4140 1391 4192 libertatis
1419 4140 1598 4190 dona·

514 4222 834 4287 tus2est,'ut
869 4233 987 4268 eum
1030 4219 1272 4270 libertate
1310 4218 1581 4276 civitatem

511 4294 783 4347 babuerit.
832 4295 1095 4362 Lupum.·

1702 659 1780 708 Ex
1816 655 2043 707 fontibus
2070 654 2500 720 jurisprudentiae
2534 655 2707 730 fluunt

1635 734 1767 797 haec,
1787 735 1853 783 de
1880 733 2063 799 quibus
2097 740 2335 783 auctores
2374 733 2583 800 diversa
2608 750 2705 797 pro

1638 811 1958 874 temporibus
1982 808 2342 874 prodiderunt.
2379 811 2477 874 .M·
2501 811 2707 878 Tullius

1637 887 1702 936 ad
1726 887 2030 938 Trebatium
2069 886 2476 934 manumissionis
2501 887 2707 950 species

1636 963 1910 1012 constituit
1950 968 2074 1025 tres,
2107 976 2262 1023 censu,
2299 962 2530 1025 vindicta,
2563 967 2710 1012 lesta-

1636 1045 1819 1088 mento:
1866 1053 1982 1102 quae
2030 1037 2340 1101 primoribus
2384 1038 2486 1086 illis
2531 1040 2708 1101 place·

1636 1115 1783 1175 baut,
1803 1114 1891 1179 qui
1913 1112 2196 1163 fundavere
2211 1114 2301 1177 jus
2315 1113 2496 1163 civile.

1700 1189 1805 1239 Sed
1845 1204 1962 1239 cum
2010 1204 2193 1239 census
2239 1204 2341 1238 non
2387 1188 2487 1239 nisi
2527 1190 2714 1241 lustris

1637 1274 1902 1329 ageretur,
1920 1266 2253 1331 magistratus
2278 1268 2431 1330 copia
2453 1282 2557 1317 non
2580 1281 2711 1322 sem-

1640 1358 1733 1407 per
1756 1350 1913 1406 esset,
1947 1350 2361 1407 testamentoque
2391 1343 2517 1394 data
2553 1344 2711 1394 liber-

1639 1428 1719 1469 tas
1740 1420 1792 1469 in
1813 1426 2016 1485 tempus
2038 1420 2219 1469 mortis
2250 1418 2571 1485 differretur,
2594 1422 2716 1473 aliae‘

1639 1497 2045 1547 manumissionis
2077 1497 2278 1561 species
2314 1512 2380 1545 ex
2417 1498 2557 1547 nuda
2581 1500 2713 1548 sola-

1640 1591 1741 1640 que
1780 1575 2103 1627 domiuorum
2145 1576 2415 1625 voluntate
2458 1577 2512 1625 in
2562 1581 2728 1634 usum:

1640 1653 1884 1702 deductoe
1924 1659 2075 1712 sunt3
2111 1652 2313 1716 quibus,
2346 1667 2411 1701 ne
2447 1652 2712 1703 libertatis

1641 1730 1821 1780 civiles
1864 1730 2002 1780 modi
2035 1730 2424 1787 desuescerent,
2451 1730 2609 1794 jusve
2633 1744 2716 1782 re-

1642 1817 1855 1874 ceptum
1889 1809 2209 1873 aboleretur,
2249 1810 2334 1863 lex
2382 1810 2529 1861 Julia
2573 1810 2728 1861 Non·

1642 1885 1776 1935 bana
1799 1886 2071 1937 succurrit.
2721 1901 2722 1906 ’

1706 1952 1791 2019 Ab
1831 1980 1896 2015 ea
1928 1964 2178 2015 distincta
2200 1970 2283 2013 est
2310 1971 2438 2013 aetas
2477 1963 2715 2028 legitima

1642 2050 1700 2093 et
1741 2042 2021 2094 dominium
2053 2041 2342 2108 legitimum
2381 2048 2417 2092 ‘a
2449 2041 2712 2092 naturali:

1643 2126 1703 2169 ut
1725 2121 1906 2184 majori
1925 2120 2147 2185 'triginta
2174 2121 2320 2169 annis
2343 2134 2519 2181 servo,
2542 2119 2715 2184 legiti-

1643 2215 1728 2248 ma
1766 2206 1908 2249 esset
1954 2205 2114 2249 aetas:
2182 2199 2387 2259 minori,
2429 2198 2732 2253 naturalis}

1644 2275 2028 2341 dominiumque
2052 2276 2179 2339 ejus,
2202 2276 2291 2338 qui
2322 2289 2388 2324 ex
2420 2275 2547 2339 jure
2586 2276 2734 2328 Qui-³

1645 2352 1820 2402 ritium
1858 2367 2065 2402 servum
2104 2351 2343 2413 haberet,
2388 2351 2716 2415 legitimum:

1642 2430 1753 2495 ejus
1794 2444 1937 2492 vero,
1975 2429 2064 2496 qui
2102 2428 2359 2479 duntaxat
2414 2436 2473 2478 ut
2513 2442 2626 2479 rem
2660 2430 2716 2479 in

1644 2507 1793 2557 bonis
1829 2507 2141 2570 mancipium
2184 2506 2421 2571 haberet,
2475 2509 2718 2557 naturale

1645 2583 1928 2634 dominium
1951 2583 2235 2633 diceretur.
2734 2582 2740 2587 “

1708 2663 1845 2712 Tum
1882 2661 2173 2711 introducti
2196 2656 2436 2726 'primum
2482 2662 2622 2711 inter
2656 2661 2719 2710 li-

1645 2740 1876 2791 bertinos
1909 2739 2078 2789 Latini
2110 2740 2317 2788 suniam·
2356 2747 2411 2788 et
2455 2728 2720 2802 beatitas,

1646 2833 1763 2868 cum
1802 2822 1957 2866 antea
1991 2815 2105 2866 fere
2144 2817 2271 2866 cives
2303 2817 2507 2866 Romani
2528 2815 2722 2866 fierent

1647 2909 1822 2946 omnes
1846 2896 1932 2961 qui
1955 2897 2465 2946 manumitterentur.

1713 2973 1902 3036 Itaque
1924 2973 2042 3023 duae
2077 2974 2492 3023 manumissionis
2515 2970 2742 3039 species·

1648 3051 1912 3112 discretae,
1936 3052 2151 3114 legitima
2172 3058 2227 3100 et
2251 3052 2504 3102 naturalis.
2572 3053 2723 3115 Legi-

1647 3128 1767 3177 tima
1789 3128 2073 3178 intervenit
2089 3134 2179 3178 aut
2200 3144 2357 3193 censu,
2380 3136 2472 3179 aut
2492 3130 2723 3195 vindicta,

1650 3210 1741 3253 aut
1763 3209 2060 3254 testamento.

1720 3282 1891 3342 (ἴων,
1943 3296 2061 3330 cum
2113 3295 2315 3344 servus,
2380 3281 2473 3332 sed
2525 3281 2723 3333 domini

1642 3360 1812 3424 jussu,
1834 3358 2054 3408 liberum
2076 3364 2238 3421 caput
2260 3359 2491 3423 scripsit,
2502 3366 2560 3409 et
2578 3358 2722 3423 apud

1653 3450 1898 3485 censores
1922 3433 2184 3498 professus
2208 3442 2305 3485 est.

1725 3514 1959 3573 Vindicta,
1984 3528 2101 3563 cum
2141 3526 2323 3563 servus
2358 3511 2499 3575 apud
2539 3511 2725 3575 magis-

1655 3596 1846 3639 tratum
1892 3604 2046 3640 manu
2082 3589 2297 3639 emissus
2342 3597 2452 3650 est;
2531 3589 2642 3638 sive
2681 3589 2725 3638 is

1654 3668 1851 3732 consul,
1872 3667 1979 3715 sive
2016 3676 2236 3731 praetor,
2276 3666 2385 3716 sive
2427 3667 2725 3731 proconsul,

1654 3746 1763 3794 sive
1795 3745 1906 3810 ejus
1940 3747 2165 3809 legatus,
2203 3744 2311 3793 sive
2354 3759 2570 3809 praeses,
2610 3744 2724 3794 sive

1597 3838 1604 3845 ’
1655 3822 1859 3886 legatus
1880 3821 2097 3871 Caesaris
2118 3828 2275 3870 esset.

573 3902 681 3954 Alii
702 3903 900 3960 volunt,
920 3903 1154 3952 vindicta
1177 3903 1279 3953 dici
1303 3905 1579 3954 manumis·
1607 3898 1614 3901 ¹

1717 3898 2034 3962 Testamenta,
2054 3911 2172 3946 cum
2212 3896 2458 3946 dominus
2482 3911 2728 3960 suprema

1655 3976 1899 4025 cautione
1936 3988 2137 4024 servum
2166 3989 2223 4023 se
2259 3979 2466 4024 mortuo
2502 3973 2725 4025 liberum

1655 4067 1774 4103 esse
1781 4052 1958 4118 jussit.
2260 4052 2266 4059 “
2741 4094 2746 4097 Α

1694 4131 1976 4181 :Naturalis
2014 4130 2194 4196 species
2241 4129 2619 4179 manumissionis
2651 4129 2744 4180 ino*

1656 4208 1884 4259 tervenit
1909 4223 1999 4272 per
2028 4223 2254 4273 menam,
2277 4207 2407 4273 iuter
2440 4208 2634 4272 amieos,
2670 4215 2733 4257 es
2759 4266 2762 4269 ¹

1649 4300 1742 4352 per
1762 4285 2019 4350 epistolam.
