3063 4952
546 384 724 453 1⁷32
2424 416 2522 481 [Α.
2543 419 2613 471 υ.
2632 422 2746 470 sis.

537 529 830 607 traditis,
860 548 1139 614 quorum
1178 528 1428 613 fulgore
1455 532 1928 617 praestringor,⁵
1953 534 2139 619 quod
2180 539 2493 622 temporis
2520 539 2744 607 horto-

547 652 691 696 rum
747 639 864 697 aut
904 634 1208 699 villarum
1260 654 1434 707 curae
1496 640 1860 720 seponitur,
1918 639 1989 703 in
2046 641 2338 725 animum
2386 645 2743 711 revocabo.

538 734 866 820 ¹Superest
893 737 1015 801 tibi
1045 738 1260 816 robur,
1307 743 1375 815 et
1420 742 1520 804 tot
1565 759 1686 823 per
1721 760 1931 829 annos
1974 741 2206 807 nixum
2252 742 2553 827 fastigio⁶
2580 749 2743 830 regi-

546 854 729 904 men:
774 858 1128 922 possumus
1167 843 1459 907 seniores
1498 844 1696 908 amici
1714 840 1740 879 ‘¹
1768 845 1977 928 quieti
1995 852 2021 894 ⁷
2035 852 2058 879 ²
2084 846 2496 930 respondere.
2586 849 2741 917 Hoc

1214 434 1221 439 -
1246 403 1311 454 o.
1358 401 1725 459 coassumi
1771 394 2028 458 'raom

548 1025 838 1091 conjiciam,
878 1029 968 1080 sed
991 1032 1248 1081 concessis
1268 1033 1347 1094 iis,
1385 1048 1601 1098 quorum
1622 1035 1897 1099 splendore
1920 1035 2128 1101 obruor,
2167 1039 2229 1088 ad
2255 1043 2478 1087 mentem
2501 1053 2654 1088 meam
2670 1051 2747 1088 re·

540 1090 730 1152 stram,
748 1101 993 1158 quantum
1016 1099 1262 1161 temporis
1285 1098 1602 1163 impenditur
1624 1102 1783 1150 cultui
1818 1102 2078 1152 hortorum
2102 1113 2190 1153 ant
2213 1102 2548 1168 praediorum.
2615 1103 2745 1168 Sup-

544 1164 733 1220 petunt
760 1159 858 1208 tibi
881 1161 1036 1222 vires,
1058 1170 1115 1212 et
1138 1170 1215 1212 tot
1238 1165 1384 1213 annis
1406 1166 1637 1222 stabilita
1655 1166 1856 1231 imperii
1877 1167 2283 1229 administrati03
2310 1169 2419 1232 Jam
2437 1168 2574 1217 nobis
2632 1183 2743 1219 rau·

547 1222 722 1273 diores
745 1233 873 1274 natu
893 1226 1044 1276 amici
1080 1229 1304 1292 quietem
1330 1231 1635 1293 promittere
1661 1243 1923 1295 possumus.
1992 1232 2056 1282 Id
2090 1248 2291 1299 quoque
2326 1233 2378 1282 in
2413 1240 2562 1283 tuum
2625 1248 2743 1284 ecus

1458 1368 1693 1389 O‘Om‘o
1699 1370 1812 1390 '00‘

534 1443 661 1494 libri
693 1459 884 1499 omnes.
948 1449 1137 1500 Mallet
1170 1451 1595 1566 Canne‘gieternffi
1636 1457 1992 1520 pra-stringere
2014 1457 2289 1522 placetque
2322 1458 2566 1520 Ernesto,
2606 1457 2742 1522 quod

544 1508 657 1560 haec
681 1512 839 1561 verba
859 1514 910 1562 in
937 1513 1064 1564 Mss.
1082 1530 1221 1579 saepe
1241 1532 1338 1567 con
1367 1521 1644 1570 nndnntur.
1683 1524 1893 1573 Brotier.
1958 1522 2183 1573 Omnino
2203 1524 2515 1586 prestringor
2526 1525 2741 1586 rectius,

544 1574 680 1637 quod
716 1583 771 1625 et
804 1578 1011 1642 Bipont.
1035 1594 1296 1646 recepere.
1354 1584 1614 1634 (berh—6
1651 1587 1835 1636 Nix-um
1859 1587 2062 1648 fastigii
2096 1591 2321 1650 regimen.
2386 1589 2471 1637 Sic
2497 1589 2746 1652 Ryckins,

543 1640 854 1705 Gronovius,
887 1651 941 1693 et
965 1646 1234 1696 Brotierus
1256 1663 1371 1698 cum
1408 1650 1653 1702 Homero.
1720 1652 1785 1702 In
1808 1654 1939 1702 Mss.
1964 1654 2113 1702 Harl.
2137 1651 2289 1702 Bodl.
2319 1653 2430 1704 Jes.
2456 1654 2590 1717 Reg.
2614 1652 2741 1716 Agr.

544 1710 600 1754 et
627 1705 855 1756 editione
879 1709 1148 1787 principe,
1176 1714 1327 1762 visum
1345 1713 1550 1777 fastigii
1579 1716 1808 1778 regimen.
1874 1718 2190 1781 Puteolanus
2212 1718 2523 1780 emendavit,
2555 1719 2744 1768 nmm-

542 1769 719 1818 Vellet
739 1771 974 1835 Grotius,
996 1790 1187 1825 enixum
1210 1777 1420 1841 fastigio
1439 1782 1669 1844 regimen,
1690 1781 1742 1831 id
1766 1789 1866 1844 est,
1887 1784 1950 1831 od
1968 1781 2227 1844 fatigium
2246 1783 2453 1832 enixum·
2515 1784 2743 1834 Brotier·

543 1833 722 1910 Probo
754 1836 1174 1890 ‘emendationem
1214 1844 1428 1907 Bipont.
1463 1847 1632 1896 nixum
1662 1846 1873 1910 fastigio
1918 1848 1953 1896 i.
1973 1862 2020 1896 e.
2081 1847 2426 1912 Imperatoria
2462 1846 2739 1912 dignitate.

548 1897 851 1976 oberlin—7
876 1904 1049 1958 Quiete
1067 1911 1355 1969 respondere.
1399 1910 1486 1960 Sic
1507 1913 1754 1974 Ryckins,
1767 1913 2359 1975 Gronovius,Brotierns
2375 1919 2431 1962 et
2448 1913 2740 1963 Homerus:

536 1970 601 2011 ‘et
623 1977 698 2013 sic
721 1966 821 2015 Ms.
859 1967 1036 2017 Guelf.
1071 1971 1384 2023 Puteolanus
1420 1983 1476 2025 et
1515 1976 1632 2026 libri
1669 1993 1845 2026 omnes
1885 1985 2068 2042 postea
2097 1978 2250 2028 editi.
2314 1977 2380 2026 In
2412 1979 2743 2030 MssNatic.

543 2029 676 2104 Reg.
700 2030 835 2095 Bxud.
859 2039 915 2081 et
938 2034 1162 2084 editione
1195 2038 1449 2103 principe,
1469 2042 1702 2104 quietem3
1735 2043 1870 2107 qnod
1902 2042 2097 2092 frustra
2117 2042 2357 2092 defendit
2378 2043 2593 2106 Lipsius,
2623 2057 2742 2093 auc·

543 2100 753 2142 toritate
776 2094 983 2158 Apuleii
1006 2099 1057 2148 in
1080 2099 1301 2168 Apolog.
1328 2119 1376 2167 p.
1399 2110 1514 2156 535.
1563 2108 1778 2157 Hascine
1792 2109 1981 2169 gratias
2000 2108 2147 2157 bonus
2152 2109 2292 2175 filius
2312 2110 2459 2157 matri
2478 2110 2742 2172 respondes.

543 2156 605 2205 In
635 2161 1068 2214 emendatioribus
1097 2166 1242 2216 libris
1277 2170 1480 2233 legitur,
1509 2172 1745 2235 rependis.
1811 2173 2004 2222 Merito
2040 2175 2337 2236 suspicatur
2360 2174 2630 2232 Ernestus,
2669 2188 2741 2223 re·

539 2225 786 2286 spondere,
808 2227 930 2276 oriri
952 2243 1017 2277 ex
1035 2232 1274 2294 sequenti
1297 2235 1474 2299 verbo,
1503 2239 1757 2301 respondit.
1823 2238 1977 2286 Unde
2012 2239 2250 2288 tentabat
2279 2237 2482 2301 quietem
2515 2242 2745 2302 νεμέσα,

540 2287 894 2364 velsesumere.
960 2292 1034 2342 At
1063 2298 1226 2360 magis
1257 2299 1380 2348 mihi
1419 2302 1591 2363 placet
1624 2303 1832 2352 Petavii
1855 2301 2167 2365 emendatio,
2199 2304 2444 2367 respicere.
2511 2303 2744 2361 Brotier.

539 2350 784 2428 ‘Heinsius
807 2359 1014 2422 egregie
1035 2363 1249 2427 conjicit
1271 2365 1416 2427 quieti
1439 2369 1729 2430 respondere,
1765 2369 1830 2418 ad
1870 2383 2023 2433 quam
2062 2369 2174 2418 scil.
2211 2368 2406 2417 senium
2450 2368 2620 2431 ipsum
2645 2380 2737 2418 nos

536 2425 741 2470 invitat.
802 2421 890 2473 Sic
916 2431 973 2474 et
1007 2426 1127 2491 Bip.
1159 2428 1344 2482 Hiller.
1384 2429 1516 2481 Rac.
1559 2436 1639 2484 10.
1669 2433 1877 2483 volebat
1908 2433 2111 2498 quietem
2146 2433 2364 2484 retinere.
2427 2432 2738 2484 Oberiin.—

1519 2589 1740 2641 NOTAE

535 2670 630 2735 sui,
659 2674 857 2725 tradam
882 2677 977 2728 tibi
998 2677 1086 2729 'eas
1110 2695 1257 2747 opes,
1279 2698 1494 2749 quarum
1519 2687 1594 2735 ni-

534 2748 638 2797 mio
658 2748 861 2815 fulgore
885 2757 1223 2822 perstringor.
1289 2760 1482 2813 Cetera
1511 2778 1592 2813 sa·

534 2824 602 2872 tis
625 2839 882 2892 superque
904 2831 1181 2885 sufficient.

600 2901 670 2950 Et
687 2904 822 2967 qnod
838 2904 1033 2959 divitiis
1050 2919 1106 2959 et
1118 2913 1468 2977 voluptatibus
1482 2932 1593 2967 cor-

534 2977 675 3041 poris
704 2979 967 3048 abscedet,
1001 2987 1325 3041 solidioribus
1359 2993 1591 3045 oblecta·

534 3056 722 3105 mentis
747 3061 1016 3127 supplebo,
1038 3072 1095 3113 et
1125 3078 1368 3132 quantum
1391 3077 1593 3136 tempo-

534 3131 604 3178 ris
636 3131 900 3185 hortorum
926 3146 1016 3190 aut
1036 3141 1266 3194 villarum
1290 3162 1431 3198 curae
1455 3165 1591 3201 nunc

533 3209 822 3275 seponitur,
875 3212 928 3261 in
965 3217 1251 3283 sapientise,
1293 3223 1344 3273 in
1380 3226 1590 3277 virtutis

532 3284 780 3351 studium,
796 3288 848 3338 in
871 3293 1092 3346 animum
1113 3312 1282 3349 meum
1301 3304 1588 3356 revocabo:

524 3361 611 3411 11ae
654 3377 812 3431 verae,
869 3370 950 3419 hae
1010 3376 1234 3439 propriae
1280 3385 1336 3444 et
1379 3386 1589 3431 aeternae

534 3454 676 3503 opes.

597 3515 621 3547 ‘¹
654 3517 908 3573 Possumus
937 3529 1141 3579 seniores
1157 3533 1323 3597 amici]
1359 3533 1478 3585 Non
1513 3552 1592 3587 us-

535 3607 635 3656 que
675 3610 878 3665 quaque
925 3604 1115 3665 placet.
1165 3610 1335 3663 vatic.
1369 3614 1589 3677 quietem,

534 3668 769 3731 praefert.
835 3676 1013 3743 Forte,
1036 3698 1283 3746 possumus
1307 3689 1511 3740 seniores
1540 3708 1591 3741 u·

532 3746 646 3833 puisi
663 3750 864 3812 quietem
871 3755 985 3816 jure
1003 3765 1261 3823 spondere.
1314 3767 1452 3833 Fuit,
1471 3784 1589 3820 cuin

530 3826 841 3880 inculcatam
876 3849 1050 3885 vocem
1094 3854 1124 3887 e
1168 3844 1407 3907 sequenti
1455 3846 1589 3897 linea

531 3910 790 3988 putarem,
812 3910 1140 3980 legeremque
1162 3933 1223 3967 ea
1248 3919 1457 3984 rejecta,
1483 3939 1588 3987 pos-

527 3992 677 4030 cimus
696 3984 899 4037 seniores
911 3990 1052 4039 amici
1066 3992 1298 4056 quietem.
1368 3999 1503 4049 Quid
1526 4001 1588 4067 si,

524 4058 723 4119 quietem
735 4067 1042 4129 respondere?
1074 4071 1325 4137 Apuleius
1343 4078 1586 4140 phraseos

524 4131 678 4197 hujus
697 4144 1030 4210 approbator,
1049 4148 1090 4198 A
1098 4153 1202 4215 pol.
1221 4167 1286 4203 11.
1318 4154 1333 4181 ‘
1356 4154 1587 4207 Hascine

524 4210 725 4335 gutiae
742 4215 905 4273 bonus
922 4221 1060 4275 filius
1077 4228 1233 4279 matri
1257 4229 1587 4295 respondet?

585 4302 738 4351 psius.
1046 4305 1049 4308 ·

1740 2689 2015 2755 Possumus]
2047 2690 2157 2742 Alii
2179 2692 2329 2741 aliter
2351 2690 2454 2740 ibi:
2491 2689 2737 2739 Poscimus

1672 2766 1877 2815 seniores
1890 2767 2032 2816 amici
2039 2768 2241 2831 quietern
2256 2768 2547 2831 respondere.
2572 2765 2737 2816 Rhen.

1674 2841 1917 2892 Poseimus
1943 2842 2149 2892 seniores
2166 2842 2374 2892 animum
2394 2841 2549 2905 quieti
2576 2855 2665 2905 per
2687 2846 2738 2890 te

1670 2922 1912 2983 spondere.
1948 2920 2192 2970 Vertran.
2263 2920 2333 2969 Et
2371 2924 2442 2968 tot
2473 2932 2561 2982 per
2594 2931 2735 2967 annos

1672 2997 1839 3047 nixum
1862 2996 2061 3060 fastigii
2090 2997 2300 3059 regimen
2330 3010 2571 3059 possumus
2588 2993 2736 3044 senio-

1672 3089 1748 3124 res
1768 3074 1911 3124 amici
1940 3089 2178 3139 reponere,
2196 3074 2278 3123 vel
2312 3075 2557 3137 deponere.
2614 3070 2733 3122 Aci·

1672 3152 1858 3202 dalius.

1740 3227 1964 3279 Quidam
1998 3228 2281 3291 explicant,
2316 3227 2391 3277 ita
2410 3233 2471 3277 ut
2501 3226 2732 3277 seniores

1672 3303 1824 3353 amici
1858 3304 2035 3369 quiete
2074 3319 2167 3354 sna
2204 3303 2556 3367 respondeant
2592 3304 2733 3368 prin·

1671 3381 1795 3444 cipi,
1812 3379 2236 3445 quemadmodum
2260 3378 2395 3429 fessa
2409 3386 2463 3428 et
2477 3380 2734 3429 exhausta

1669 3456 1883 3508 ferendo
1905 3459 2074 3520 tellus»,
2094 3458 2135 3507 si
2156 3458 2431 3523 quieverit,
2447 3458 2586 3507 votis
2604 3457 2733 3521 agriss·

1670 3538 1799 3585 colae
1847 3543 1954 3585 tum
2001 3533 2302 3599 respondet.
2376 3535 2488 3599 Ego
2528 3534 2734 3599 quietem

1667 3616 1907 3677 spondere,
1929 3619 1986 3661 nt
2005 3612 2212 3661 volebat
2235 3610 2457 3675 Lipsius.

1733 3696 1756 3723 e
1790 3688 1981 3752 Quieti]
2028 3688 2197 3752 Vulgo
2235 3688 2415 3751 quiete.-
2448 3686 2539 3736 sed
2581 3694 2732 3751 puto,

1670 3768 1973 3831 scripserat,
2029 3765 2231 3829 quietem
2270 3765 2530 3827 spondere.-
2586 3764 2734 3828 quasi

1671 3843 1899 3895 diceret:
1950 3844 2067 3895 Jam
2125 3841 2370 3892 roborato
2420 3840 2733 3906 firmatoque

1671 3921 1887 3984 imperio
1930 3926 2038 3983 tuo,
2073 3934 2210 3968 nunc
2246 3930 2487 3982 possumus
2522 3918 2734 3968 seniores

1668 3998 1810 4047 amici
1830 3997 1975 4059 nobis
1998 3996 2223 4062 quietem
2248 3989 2618 4059 spondere,vel
2636 4003 2730 4043 nos

1668 4075 1833 4140 quieti
1869 4066 2210 4140 despondere.
2276 4072 2330 4121 Si
2366 4085 2469 4120 non
2503 4071 2732 4135 genuina

1668 4152 1828 4208 verba
1858 4158 1997 4215 sunt,
2031 4157 2088 4200 at
2106 4150 2285 4202 saltem
2310 4161 2489 4203 vorum
2523 4160 2730 4198 sensum

1663 4227 1838 4284 Taciti
1856 4228 2125 4293 habemus,
2146 4225 2283 4294 quod
2300 4221 2510 4277 sufficit.
