3063 4952
485 387 658 465 1468

484 558 672 624 todes
697 540 1003 637 ἰιᾶᾶίιοερ
1036 559 1057 590 ‘
1086 553 1414 638 degredi’s
1438 554 1654 638 jubet.

1201 413 1264 461 C·
1310 408 1672 459 CORNELII
1719 408 1976 457 'I'ACI'I'I

2358 412 2452 478 [Α.
2475 414 2546 466 u.
2571 415 2724 508 soors*

1755 551 1884 631 Ac,
1912 572 1993 616 ne
2037 558 2219 618 coetu
2256 510 2698 636 salutantium

484 656 1047 744 frequentaretur,¹
1105 663 1385 742 separat,
1419 656 1708 734 domum,
1783 661 2194 741 matremque
2241 656 2647 746 transfert·
2628 676 2699 719 m

488 783 662 843 eam,
695 763 845 847 q'uae
889 761 1199 828 Antoniae
1242 762 1457 825 fuerat
1475 757 1519 826 :J‘
1566 760 1869 843 quotiens
1914 761 2059 845 ipse
2105 759 2264 824 illuc
2308 759 2697 846 ventitaret,

489 938 631 988 turba
651 941 967 989 muntium
987 939 1301 990 celebraretur
1318 938 1550 1001 foemina,
1569 940 1692 987 oedes
1709 929 1900 1000 dividit,
1920 942 1969 986 et
1998 938 2205 999 migrare
2226 935 2365 997 jubet
2375 924 2703 1000 Agrippinum

490 1005 541 1082 iu
552 1019 654 1054 eam
664 1005 884 1075 domum,
898 1021 1035 1069 quam
1051 1005 1278 1054 habuerat
1295 1006 1415 1053 olim
1426 1005 1638 1055 Antonia
1646 1019 1669 1063 ‚·
1690 1004 1791 1067 ipse
1804 1004 1984 1066 quoties
1995 1018 2047 1053 eo
2068 1004 2270 1067 veniret,
2281 1002 2491 1067 stipatus
2508 1001 2704 1066 agmine

1414 1148 1500 1168 000
1505 1146 1770 1168 “Ol-‘0000

1025 1241 1055 1287 5
1091 1233 1381 1287 Gronovius
1403 1250 1517 1285 eum
1542 1234 1747 1298 Ryckio
1768 1233 1927 1284 habet
1947 1193 2168 1297 dig-redi.-

1495 1353 1706 1408 NOTAE

496 1456 750 1520 nia,unde
773 1456 1024 1518 desumti3
1047 1461 1136 1506 aut
1158 1461 1302 1505 certe
1325 1470 1445 1520 pars
1466 1469 1556 1505 no·

498 1533 762 1585 bilissime.

565 1609 826 1659 Germwoe
845 1625 902 1658 ac
923 1608 1157 1671 custodes]
1193 1607 1561 1658 Erant‘Batavi

498 1685 573 1735 illi
598 1693 654 1736 et
677 1700 743 1735 ex
781 1684 1016 1734 inferiori
1050 1686 1349 1745 Germania,
1381 1685 1562 1735 selecti

499 1769 675 1813 tamen
709 1778 774 1812 ex
805 1763 886 1824 iis,
919 1764 1005 1827 qui
1039 1763 1150 1827 jam
1194 1769 1303 1813 tum
1341 1764 1562 1829 imperio

500 1839 649 1888 Rom.
672 1838 1025 1889 inserviebant
1046 1832 1191 1901 eocii,
1225 1854 1324 1889 non
1347 1854 1471 1888 vero
1494 1854 1561 1888 ex

500 1914 563 1965 iis
612 1916 700 1982 qui
732 1921 824 1965 aut
861 1923 1037 1966 essent
1077 1907 1250 1966 dnbiie
1284 1917 1560 1981 libertatis,

504 1989 595 2044 aut
628 1987 848 2042 ex'terni.

513 2067 525 2078 '
546 2083 549 2084 ⁷
567 2068 638 2117 Et
660 2069 797 2119 sicut
818 2072 1076 2133 praetoriae
1099 2070 1338 2121 cohortes
1362 2086 1428 2120 ex
1462 2071 1561 2120 La-

503 2145 598 2209 tin,
621 2144 680 2196 et'
712 2162 778 2196 ex
817 2148 1107 2197 meditullio
1143 2149 1367 2212 imperii,
1397 2148 1474 2197 ita
1507 2154 1563 2198 et

503 2220 591 2271 ilii
608 2222 850 2272 custodes
871 2224 1114 2287 CaesariS,
1131 2225 1288 2275 acciti
1311 2240 1375 2274 ex
1398 2222 1563 2274 limite

505 2304 560 2349 et
581 2312 645 2347 ex
670 2298 875 2350 ultimis
905 2300 1093 2350 finibus
1110 2301 1249 2351 orbis
1274 2302 1423 2351 Rom.
1465 2301 1568 2350 Ba-

505 2374 612 2424 tavi
634 2375 768 2425 viros
788 2382 844 2425 et
876 2391 1040 2439 arma,
1073 2384 1166 2427 s‘eu
1198 2376 1443 2427 virtutem
1468 2391 1566 2440 pro

504 2451 700 2503 tributo
734 2453 1054 2518 pendebant:
1104 2456 1179 2505 sic
1217 2453 1356 2505 forte
1391 2443 1582 2521 etiam,

506 2530 657 2596 quia‘
677 2532 840 2581 nullos
851 2532 1142 2582 mortalium
1145 2533 1332 2598 armis,
1352 2538 1441 2583 aut
1460 2531 1567 2582 fide

505 2613 627 2659 ante
641 2608 925 2659 Germanos
949 2609 1100 2674 esse,'
1128 2610 1241 2674 jam
1264 2610 1382 2660 olim
1406 2610 1569 2659 credi·

506 2686 616 2734 tum
638 2684 756 2737 fuit.

513 2775 521 2779 ·
571 2761 726 2826 Super
735 2762 1177 2825 eundemhonorem]
1201 2762 1415 2812 Mallem
1427 2777 1569 2826 prop-

505 2837 598 2901 ter,
621 2854 806 2905 nempe
830 2847 1046 2905 propter
1066 2841 1286 2889 eundem
1306 2841 1570 2903 honorem,

507 2916 598 2982 qui
639 2917 740 2982 ipsi
785 2917 1148 2977 exhibebatur,
1198 2921 1254 2964 ut
1291 2914 1477 2976 conjugi
1513 2921 1571 2964 et

507 2994 654 3043 matri
696 2995 967 3060 principis,
1011 2993 1218 3042 additos
1264 2982 1569 3040 Germanos.
1602 3004 1606 3008 ’

507 3068 628 3120 Nisi
660 3069 937 3134 intelligat,
972 3074 1167 3133 praeter
1195 3065 1417 3116 exmbias
1444 3066 1569 3114 mile·-

505 3151 864 3212 tares,praeter
896 3160 1015 3194 eum
1049 3144 1298 3192 honorem
1331 3142 1571 3192 excubia-

508 3239 623 3275 rum
662 3227 1024 3285 Romanarnm,
1047 3221 1234 3270 additos
1270 3221 1371 3285 ipsi
1410 3220 1570 3271 etiam

507 3302 718 3352 &modes
747 3300 1054 3351 Germanos.

576 3377 734 3427 Forte
756 3375 1006 3438 intelligit
1024 3374 1421 3438 praetereundem
1436 3372 1573 3422 horro-

508 3469 628 3516 rem,
652 3454 704 3501 id
741 3459 839 3516 est,
855 3452 1070 3514 eundem,
1103 3451 1191 3515 qui
1226 3448 1573 3499 exhibebatur

510 3530 757 3597 principi.
821 3528 922 3577 Vel
961 3535 1156 3591 praeter
1199 3528 1334 3576 hunc
1383 3529 1580 3577 eundem

508 3609 745 3668 honorem,
759 3604 834 3654 illi
856 3608 912 3652 ut
933 3604 1121 3666 conjugi
1137 3603 1438 3667 imperatoris
1452 3603 1579 3668 olim,

511 3691 622 3736 tum
644 3690 700 3732 et
720 3683 797 3731 illi
812 3687 868 3730 ut
888 3683 1052 3743 matri,
1080 3681 1387 3743 exhibitum,
1410 3682 1570 3732 etiam

507 3764 770 3825 praeterea
787 3758 991 3807 additos
1007 3758 1292 3808 Germanos
1309 3757 1568 3809 custodem

526 3846 532 3851 ’
576 3832 590 3866 ¹
622 3833 701 3882 Ne
715 3837 835 3882 coetu
850 3833 1584 3898 salutantiumfrequentaretur}

509 3909 850 3972 Salutantium,
874 3924 1061 3974 nempe
1095 3911 1402 3976 principem,
1418 3918 1474 3961 et
1507 3911 1572 3961 si-

507 3986 619 4037 mul
638 3993 729 4036 aut
759 3987 932 4036 statim
964 3993 1185 4037 matrem
1209 3988 1474 4052 principis,
1492 3994 1573 4037 ut·

509 4068 638 4127 pote
658 4062 774 4127 quae
796 4064 850 4112 in
871 4063 1052 4113 eadem
1086 4062 1241 4114 domo
1272 4064 1569 4115 habitaret.
1556 4078 1568 4091 ·

510 4144 568 4188 ut
590 4150 656 4185 ne
676 4137 765 4187 illo
788 4143 1067 4202 praetextu,
1089 4154 1233 4189 more
1265 4138 1418 4189 solito
1440 4141 1573 4189 telu-

511 4218 719 4264 taretnr
745 4213 1054 4280 Agrippina,
1085 4222 1141 4266 et
1175 4229 1240 4265 ne
1273 4214 1575 4280 frequenta·

510 4294 658 4340 retur
672 4285 870 4355 officiis,
891 4290 1319 4358 quemadmodum
1341 4297 1397 4341 et
1431 4291 1569 4358 prin·

1637 1469 1775 1519 ceps,
1803 1455 1995 1506 idcirco
2020 1458 2210 1519 separat
2241 1454 2430 1502 domum
2451 1451 2625 1512 Nero,
2645 1455 2710 1498 ut

1636 1545 1825 1594 nempe
1851 1531 1925 1582 sie
1945 1536 2171 1595 pateret,
2198 1542 2311 1579 eam
2346 1525 2519 1603 gratia
2562 1527 2709 1604 οιιιιιί

1640 1608 1913 1659 evolutam.

1704 1687 1776 1736 Et
1798 1691 1856 1735 ut
1875 1685 1949 1736 sie
1973 1686 2152 1736 melius
2186 1684 2571 1747 adverteretur,
2595 1680 2711 1746 qui·

1640 1778 1757 1813 nam
1781 1763 1848 1813 ad
1884 1764 2024 1813 illam
2047 1768 2418 1826 commearent,
2440 1760 2533 1826 qui
2565 1759 2713 1809 illam

1640 1839 1923 1890 inviserent
1954 1846 2155 1904 postea,
2197 1853 2388 1903 nempe
2417 1843 2479 1886 ut
2515 1835 2593 1885 sie
2640 1832 2716 1883 A·

1639 1917 1882 1982 grippina
1923 1917 2098 1966 statim
2136 1930 2352 1981 prorsus
2391 1914 2715 1977 relinquere-

1640 2002 1743 2059 tur,
1775 2001 1836 2045 ut
1878 1995 2147 2055 comitatu,
2186 1992 2340 2054 simul
2370 1990 2720 2051 auctoritate,

1642 2077 1698 2122 et
1738 2071 1914 2121 favore
1957 2071 2095 2124 omni
2136 2070 2393 2121 destituta
2436 2068 2717 2117 videretur

1643 2148 1830 2213 palam.

1719 2225 1774 2274 si
1799 2223 2170 2275 dissimulatum
2194 2238 2311 2274 cum
2331 2219 2601 2283 illa‘foret,
2620 2234 2720 2284 po·

1646 2302 1750 2352 tuit
1785 2301 1890 2350 suis
1934 2300 2130 2352 artibus
2174 2299 2455 2351 conciliare
2495 2298 2720 2360 animos,

1623 2377 1856 2428 'insidias
1895 2382 2099 2426 struere
2132 2376 2260 2440 filio,
2283 2383 2338 2426 et
2371 2388 2547 2424 rursus
2572 2374 2725 2423 iuva»

1647 2454 1772 2505 dere
1809 2452 2227 2519 Rempublicam:
2262 2467 2383 2503 uam
2424 2451 2493 2501 ob
2520 2464 2723 2515 memo·

1648 2533 1779 2582 riam
1821 2544 2154 2595 umoremque
2200 2528 2501 2580 Germanici
2553 2527 2724 2592 patri·

1648 2610 1727 2659 sui
1752 2606 2093 2673 praepollebat
2110 2605 2250 2671 apud
2272 2605 2483 2669 plebem
2502 2609 2559 2653 et
2571 2612 2744 2667 exer·

1649 2684 1785 2734 citus
1803 2683 2110 2749 Agrippina.

1717 2761 1795 2809 Ne
1809 2765 1930 2809 coetu
1950 2758 2284 2847 salutantium]
2328 2759 2416 2809 Ne
2433 2757 2486 2808 hi
2508 2716 2725 2823 nempe,

1649 2836 1736 2902 qui
1750 2836 2046 2886 salutabant
2062 2835 2369 2925 principem,
2382 2834 2536 2884 simul
2558 2833 2728 2885 etiam

1650 2914 1856 2964 adirent
1866 2912 2208 2979 Agrippinam
2219 2912 2478 2962 inviseren
2484 2918 2613 2976 tque
2627 2925 2731 2977 per

1647 2993 1915 3055 honorem,
1937 3006 2050 3042 eam
2085 3006 2117 3040 a
2148 2989 2494 3042 contubernio
2527 2986 2732 3052 princi-

1648 3071 1760 3135 pali
1779 3071 2038 3134 demovet,
2061 3085 2278 3135 eamque
2316 3071 2370 3118 in
2400 3075 2610 3133 partem
2634 3083 2733 3132 pa-

1650 3148 1764 3198 latii
1797 3150 2122 3200 remotiorem
2157 3145 2428 3211 transfert,
2458 3160 2565 3211 qua
2602 3145 2734 3196 olim

1650 3224 1882 3276 Antonia
1904 3226 2071 3276 minor
2096 3240 2187 3303 usa
2205 3233 2341 3275 erat.

1718 3302 2068 3367 Salutantium]
2150 3302 2396 3365 Nempe
2409 3299 2738 3359 salutantium

1652 3378 1962 3445 principem,
2012 3378 2099 3444 qui
2143 3383 2198 3428 et
2242 3377 2522 3428 salutaturi
2571 3382 2739 3427 erant

1657 3456 2001 3523 Agrippinam
2034 3454 2352 3518 necessario,
2373 3454 2418 3503 si
2448 3454 2505 3504 in
2540 3453 2739 3505 eadem

1659 3533 1813 3583 domo
1847 3548 1963 3583 cum
1994 3531 2229 3596 principe
2263 3531 2556 3584 mansi-sset.
2616 3522 2740 3595 sig-

1656 3625 1784 3662 num
1827 3610 2080 3674 perculsoe
2122 3607 2435 3673 Agrippinae
2483 3606 2590 3659 fuit
2627 3608 2743 3663 ista

1655 3685 1877 3736 mutatio
1898 3687 2093 3735 domus,
2162 3686 2242 3735 Ex
2270 3684 2439 3748 gratia
2475 3683 2746 3755 principie

1650 3763 1827 3828 palam
1849 3762 2009 3825 cadit,
2032 3761 2117 3811 cui
2139 3760 2292 3811 domo
2318 3760 2543 3811 Caesaris
2568 3760 2743 3810 inter·

1652 3838 1978 3901 dicitur,aut
2011 3852 2076 3887 ea
2112 3837 2371 3901 abigitur:
2421 3849 2525 3885 non
2549 3841 2743 3904 tamen

1652 3914 1993 3966 interdictum
2030 3913 2079 3963 ei
2118 3911 2351 3961 amicitia
2385 3912 2579 3976 palam,
2613 3911 2747 3978 quia

1653 3997 1824 4042 mater
1841 3997 1973 4042 erat.
2039 3989 2145 4039 Sed
2159 3989 2230 4049 sic
2256 3988 2381 4038 satie
2404 3988 2749 4054 intelligeba-

1655 4075 1745 4119 tur
1765 4068 1965 4118 auimus
1990 4066 2319 4116 dominantis.
2395 4072 2402 4077 “

1725 4142 1745 4187 5
1770 4145 1832 4193 In
1852 4160 1977 4209 eam,
1999 4158 2103 4209 quoe
2124 4144 2351 4192 Antonias
2372 4141 2575 4206 fuerat]
2622 4126 2747 4193 Ali-

1653 4221 1712 4272 bi
1746 4219 1987 4286 diximuS,
2018 4219 2177 4269 fuisse
2209 4221 2264 4269 in
2303 4220 2479 4285 aliqua
2517 4219 2752 4286 regione

1652 4300 1743 4350 s'eu
1756 4301 1910 4362 parte
1920 4294 2101 4363 palatii
2113 4288 2322 4348 domum
2335 4296 2476 4348 illam
2486 4294 2744 4368 Antoniae
