3063 4952
1075 430 1488 481 ANNALIUM
1540 430 1688 479 ΜΒ.
1732 431 1866 481 XV.
2419 416 2591 485 1981

367 582 672 651 vita'fam
680 589 850 664 aque
887 575 1249 655 laudatum,
1294 596 1414 659 per
1457 574 1788 641 saevitiam
1816 574 2438 661 impudicitiamque
2466 578 2585 644 Ti-

370 685 655 769 gellinus
684 683 756 746 in
796 680 1020 748 animo
1058 680 1394 764 Principis
1435 680 1754 758 anteibat,
1800 679 2253 766 fatigabatque
2284 682 2589 746 crimina-

367 788 683 864 tionibuS,
735 805 818 851 ac
866 797 1051 870 saepe
1090 783 1159 848 in
1188 788 1439 848 metum
1467 782 1864 861 adduxerat,
1918 784 2114 868 quasi
2164 786 2186 817 ‘
2220 784 2586 850 adulterum

369 885 797 973 Agrippinae,
825 890 892 950 et
924 885 1255 951 desiderio
1299 884 1447 970 ejus
1477 886 1714 951 ultioni
1748 885 2117 951 intentum?
2202 886 2433 971 Igitur,
2463 887 2588 952 ubi

372 990 764 1075 conjuratis,
809 979 1210 1056 Praefectum
1253 1009 1525 1073 quoque
1578 989 1892 1055 Praetorii
1937 991 2010 1054 in
2044 994 2264 1074 partes
2315 989 2585 1055 descen-

375 1094 580 1172 disse,
621 1095 851 1159 crebro
894 1092 1112 1177 ipsius
1157 1110 1455 1158 sermone
1494 1090 1676 1157 facta
1717 1090 1933 1172 fides3
1978 1092 2303 1183 promtius
2323 1092 2469 1177 jam
2496 1092 2580 1158 de

374 1201 672 1281 tempore
719 1215 800 1261 ac
844 1196 999 1260 loco
1047 1194 1257 1260 caedis
1298 1195 1665 1276 agitabant.
1758 1193 1848 1258 Et
1894 1197 1915 1227 ‘
1946 1194 2210 1279 cepisse
2236 1194 2590 1279 impetum’

379 1297 663 1364 Subrius
679 1298 955 1365 Flavius
973 1297 1325 1378 ferebatur,
1348 1301 1369 1331 ‘
1392 1299 1459 1362 in
1476 1293 1715 1362 scenak
1747 1300 2089 1363 canentem
2114 1296 2438 1362 Neronem
2473 1318 2587 1382 ag-

380 1401 760 1485 grediendi3
806 1408 920 1467 aut
968 1415 1119 1467 cum
1166 1401 1469 1467 ardentes
1518 1396 1748 1467 domo¹
1793 1420 1914 1486 per
1959 1407 2220 1466 noctem
2258 1402 2391 1465 huc
2421 1402 2584 1467 illuc

369 441 425 497 J.
450 441 510 494 G.
534 437 646 503 θῶ]

381 1615 544 1681 batur,
566 1631 702 1682 quem
730 1617 956 1681 moribus,
995 1624 1043 1669 et
1064 1616 1245 1681 insigni
1266 1611 1615 1669 existimatione
1636 1616 2022 1678 commendatum,
2053 1607 2304 1681 superabat
2329 1606 2591 1679 Tigellium

377 1683 545 1745 gratia
568 1686 692 1747 apud
712 1684 867 1747 princi
900 1699 989 1747 ern,
1020 1690 1219 1749 propter
1241 1684 1586 1733 immanitatem
1622 1688 1671 1733 et
1688 1683 1893 1759 flagitia
1924 1682 2188 1744 libidinum,
2227 1682 2593 1747 exagitabatque

383 1748 640 1813 collegam
660 1700 938 1799 miminiano
951 1763 1033 1798 seu
1051 1749 1319 1811 calumniis,
1339 1765 1395 1798 ac
1417 1763 1539 1813 soepe
1550 1748 1861 1808 formidinem
1880 1749 2010 1797 iltius
2029 1747 2424 1811 suspicionemque
2442 1764 2594 1798 move·

383 1817 464 1862 rat
487 1814 705 1879 Neroni,
724 1816 851 1864 velut
874 1815 1053 1863 amasii
1089 1829 1181 1863 seu
1204 1816 1519 1879 corruptoris
1543 1814 1871 1877 Agrippinae,
1912 1820 1966 1863 et
1989 1827 2160 1862 amore
2181 1813 2290 1877 ejus
2313 1812 2595 1874 vindictam

387 1878 667 1941 cupientis.
735 1879 921 1943 Itaque,
955 1884 1200 1944 postquam
1220 1879 1493 1943 conjuratis,
1523 1877 1806 1943 prefectum
1838 1878 1983 1928 etiam
2010 1879 2230 1942 pretorii
2250 1879 2302 1926 in
2321 1878 2594 1928 societatem

382 1942 582 2006 reabse,
600 1944 808 1993 innotuit
832 1943 1146 2008 exsreqnenti
1168 1946 1317 2008 ipsius
1337 1946 1560 2009 colloquio
1573 1960 1595 2004 ,-
1626 1950 1728 1993 tum
1747 1945 1952 1993 alacrius
1971 1943 2292 1993 consultabant
2313 1946 2371 1992 de
2385 1948 2594 2007 tempore

386 2014 434 2057 et
459 2010 558 2057 loco
573 2010 803 2072 patrandi
813 2007 1064 2070 facinoris.
1105 2011 1170 2059 Et
1184 2009 1400 2060 dicebant
1419 2009 1646 2059 Subrium
1672 2009 1897 2059 Flavium
1927 2009 2080 2057 subito
2111 2010 2309 2073 quodam
2340 2008 2595 2058 instinctu

386 2073 661 2137 Impulsum
684 2088 812 2135 esse,
833 2081 892 2123 ut
909 2074 1175 2125 Neronem
1192 2075 1246 2124 in
1266 2076 1470 2125 theatro
1489 2083 1763 2125 canentem
1780 2074 2090 2136 adoriretur,
2107 2080 2197 2123 aut
2213 2087 2328 2124 cum
2341 2071 2596 2138 flagrante

388 2137 543 2188 domo
564 2153 661 2205 per
681 2144 905 2203 noctem,
943 2139 1145 2205 hucque
1168 2146 1222 2190 et
1249 2139 1370 2189 illuc
1396 2139 1732 2203 discurreret,
1768 2140 1878 2189 sine
1910 2138 2224 2189 custodibus.
2290 2138 2392 2188 Hic
2418 2140 2597 2189 occasio

1306 2285 1334 2305 0
1340 2284 1665 2307 OOOONOOOOO

389 2396 554 2450 libros
575 2400 772 2451 Sidonii
783 2393 1131 2467 Apollinaris.
1199 2401 1510 2451 Brutina—6
1548 2401 1766 2452 Frustra
1782 2404 1954 2451 tentat
1967 2393 2228 2461 Muretus,
2243 2414 2388 2449 aurea
2404 2415 2429 2451 e
2442 2402 2594 2460 domo..

393 2465 662 2529 Heinsius,
684 2472 918 2518 marcente
939 2471 1091 2519 domo.
1157 2466 1471 2529 Gronovius,
1500 2484 1606 2518 cum
1627 2467 1815 2517 madens
1835 2469 1941 2517 vino
1960 2482 2046 2530 fler
2068 2470 2264 2528 noctem,
2293 2466 2375 2529 ὅτ.
2441 2465 2505 2518 Id
2528 2468 2596 2519 de

392 2531 606 2583 incensa
625 2532 775 2584 domo
810 2532 1199 2600 intelligendum
1236 2533 1431 2600 optime
1454 2533 1586 2585 vidit
1606 2530 1804 2585 illustr.
1829 2531 2074 2583 Hueti‘us.
2139 2529 2305 2582 Idem.

1386 2672 1604 2735 NOTAE

457 2792 481 2828 ¹⁸
517 2796 578 2845 In
596 2786 758 2861 scena]
788 2794 1015 2862 Τειείῐιιε,
1035 2795 1307 2849 occasione
1332 2796 1456 2847 data

393 2871 744 2937 describendi,
778 2890 928 2939 qnam
963 2882 1166 2940 promto
1199 2875 1367 2925 animo
1400 2874 1454 2925 in

390 2950 446 3001 id
484 2952 682 3002 consilii
715 2951 942 3004 ferretur
974 2956 1204 3018 Flavius,
1240 2961 1455 3005 revocat

389 3029 709 3094 repetitque,
741 3045 837 3094 per
857 3047 970 3081 eam
993 3033 1333 3097 occasionem,
1365 3033 1456 3082 ali-

394 3105 518 3172 quid
537 3107 766 3172 priorum
786 3116 1094 3174 temporum‚
1114 3125 1301 3175 nempe
1317 3110 1456 3176 quod

393 3189 548 3232 antea
568 3183 765 3233 dictum
789 3191 879 3234 aut
899 3183 1096 3235 factum
1116 3192 1249 3236 erat.

461 3259 625 3311 Quasi
656 3260 873 3323 diceret,
916 3261 1028 3325 jam
1063 3268 1172 3310 tum
1206 3262 1457 3325 promtius

394 3336 668 3401 agitabant
712 3338 985 3403 conjurati,
1046 3346 1102 3388 et
1138 3338 1252 3402 jam
1302 3344 1460 3389 antea

394 3415 570 3477 cepisse
599 3415 825 3479 impetum
865 3415 1065 3465 Subrius
1107 3416 1301 3466 Flavius
1326 3416 1459 3476 fere-

395 3492 575 3553 batur,-
609 3493 661 3542 id
686 3501 782 3556 est,
811 3493 1082 3542 dicebatur
1105 3492 1304 3542 Flavius
1325 3506 1456 3542 unus

399 3570 761 3636 solitarinsque
800 3586 915 3620 eum
952 3570 1201 3634 impetum
1237 3569 1458 3634 cepisse,

386 3647 498 3711 jam
519 3645 654 3697 forte
677 3655 798 3698 ante
821 3648 1020 3710 initam,
1041 3664 1247 3713 nempe,
1264 3655 1319 3698 et
1339 3664 1458 3699 con-

396 3722 577 3774 flatam
616 3725 816 3775 Pisonis
849 3726 1278 3791 conjurationem,
1315 3728 1461 3777 nimi-

399 3817 532 3865 rum,
554 3804 891 3868 aggrediendi
914 3806 1198 3866 Neronem,
1231 3812 1321 3856 aut
1342 3821 1460 3855 cum

399 3886 615 3930 caneret
636 3881 687 3930 in
708 3896 881 3944 scena,
892 3887 976 3932 aut
994 3898 1099 3932 cum
1113 3885 1316 3945 ardente
1330 3886 1463 3932 domo

397 3953 747 4018 discurreret3
781 3973 987 4022 nempe,
1004 3974 1121 4009 cnm
1144 3961 1286 4009 Nero
1310 3960 1464 4009 rediit

400 4030 584 4095 Antio,
622 4041 682 4082 ut
704 4034 998 4084 incendium
1037 4035 1217 4085 domus
1248 4036 1360 4099 ipse
1383 4047 1463 4084 re-

402 4110 715 4175 stingueret,
755 4127 871 4161 cum
896 4120 1070 4176 noctu,
1103 4113 1168 4161 ad
1209 4113 1335 4161 iund
1375 4127 1462 4161 ex-

402 4187 758 4251 tinguendum,
786 4190 990 4254 hucque
1008 4197 1064 4240 et
1089 4191 1208 4240 illuc
1229 4198 1466 4241 cursaret

401 4277 584 4327 parum
606 4264 914 4328 custoditus,
930 4266 1056 4315 utin
1076 4272 1222 4316 tanta
1239 4274 1465 4317 conster-

402 4339 614 4392 natione
622 4340 881 4394 hominum
892 4348 947 4393 et
962 4357 1131 4396 rerum
1147 4343 1464 4397 confusione.

1601 2798 1751 2863 Cum,
1779 2811 1986 2862 nempe,
2018 2809 2123 2846 una
2144 2810 2257 2846 cum
2283 2784 2434 2845 domo
2457 2808 2597 2845 com·

1534 2873 1811 2925 mentatios
1827 2874 2156 2939 principales,
2166 2881 2221 2924 et
2233 2872 2600 2938 pretiosissima

1536 2965 1755 3017 quaeque
1788 2950 1995 3016 imperii
2027 2955 2375 3012 monumenta,
2410 2948 2601 3000 instru-

1536 3035 1816 3094 mentaque
1840 3028 1987 3092 regni
2011 3027 2161 3078 simul
2183 3027 2521 3091 absumenda,
2542 3031 2600 3077 et

1537 3106 1774 3171 peritura
1808 3106 2017 3157 videret
2055 3122 2118 3156 eo
2157 3122 2314 3168 casu3
2356 3105 2599 3172 quicquid

1539 3198 1641 3246 ars,
1662 3176 1827 3246 labor,
1847 3197 2027 3247 opera,
2053 3191 2142 3233 aut
2165 3183 2420 3234 industria
2438 3183 2602 3233 homi-

1538 3274 1659 3310 num
1681 3260 1733 3308 in
1757 3261 2071 3310 contrarium
2097 3261 2370 3309 niteretur.

1603 3336 1617 3370 ¹
1649 3338 1750 3387 Aut
1764 3353 1869 3386 cum
1882 3339 2076 3388 ardente
2087 3337 2243 3401 domo]
2265 3337 2351 3387 An
2371 3337 2602 3391 incendii

1537 3415 1813 3480 tempore?
1866 3412 1988 3465 Non
2016 3422 2222 3478 potest:
2276 3430 2390 3464 nam
2426 3414 2606 3479 conju-

1537 3493 1749 3543 rationis
1769 3493 1972 3543 initium
1992 3492 2112 3552 fuit,
2128 3494 2302 3542 Nerva
2319 3501 2372 3542 et
2388 3492 2603 3545 Vestino

1540 3572 1854 3635 consulibus,
1888 3571 1975 3636 qui
2000 3571 2362 3636 magistratum
2386 3577 2505 3636 post
2524 3570 2602 3622 in-

1539 3650 1777 3700 cendium
1800 3649 2045 3699 inierunt.

1605 3726 1709 3790 An,
1741 3726 1877 3789 quod
1912 3725 1979 3775 de
2012 3725 2196 3776 Subrio
2219 3726 2398 3775 Flavio
2430 3739 2605 3775 narra-

1543 3812 1645 3867 tur,
1678 3805 1806 3854 nihil
1841 3805 1909 3854 ad
1948 3811 2256 3869 praesentem
2290 3804 2606 3868 conjuratio·

1544 3896 1661 3931 nem
1686 3880 1935 3946 pertinet,
1964 3895 2079 3945 quae
2116 3879 2270 3942 paulo
2295 3878 2605 3929 anteaince-

1545 3965 1729 4023 perat3
1784 3958 1875 4007 sed
1917 3957 2053 4021 quod
2096 3957 2315 4019 ipsemet
2347 3955 2468 4005 olim
2510 3970 2607 4004 sua

1545 4042 1752 4100 sponte,
1774 4037 1856 4084 vel
1875 4036 2054 4097 paucis
2077 4032 2315 4094 consciiS,
2336 4030 2608 4082 consilium

1547 4113 1614 4163 de
1638 4112 1921 4164 occidendo
1948 4111 2157 4161 Nerone
2191 4108 2485 4173 agitaverit,
2515 4113 2610 4158 aut

1546 4206 1662 4241 cum
1685 4190 1738 4239 in
1762 4204 1916 4240 scena
1946 4193 2180 4250 caneret,
2209 4194 2302 4238 aut
2324 4186 2447 4235 dum
2466 4184 2609 4235 illius

1545 4268 1724 4318 domus
1746 4268 1989 4317 arderet?

1606 4338 1734 4395 'Non
1767 4341 2109 4396 crediderim:
2146 4355 2264 4394 nam
2299 4338 2462 4393 verba
2489 4339 2606 4391 baec
