3063 4952
2416 381 2589 449 1399

403 545 570 610 Dum
622 549 642 580 ‘
689 543 1155 671 antiquitatem
1211 542 1518 625 generisfl
1586 541 2036 642 Consulatus*
2079 563 2159 609 ac
2214 543 2586 629 triumphos

384 647 718 734 majurum'
762 648 1204 724 enumerabat,
1247 647 1534 710 intentus
1580 648 1728 732 ipse
1758 653 1822 710 et
1850 651 2094 713 ceteri·
2079 698 2096 729 ,
2144 654 2165 682 ‘
2193 646 2587 713 liberalium’

385 771 640 843 quoque
672 749 983 815 ‘artium'
1015 746 1590 827 οοιιιιιιειιιιοιειῒίο,1
1635 754 1653 782 ‘
1685 755 1772 824 et,
1802 751 1963 815 nihil
1988 756 2243 834 regente
2272 770 2355 815 eo
2384 749 2585 833 Reip.

382 855 559 919 triste
590 856 677 919 ab
709 854 1056 920 externism
1099 851 1471 930 accidisse}
1517 853 1744 937 pronis
1794 856 2030 919 animis
2084 853 2348 920 audita:
2394 857 2584 938 post-

382 977 573 1041 quam
607 959 695 1023 ad
743 962 762 990 ‘
794 954 1280 1041 providentiam
1310 948 1896 1038 sapientiamque’¹¹
1937 956 2147 1035 flexit,
2177 974 2369 1021 nemo
2419 953 2583 1021 risui

393 400 444 466 J.
467 402 523 454 c,
546 401 649 466 55.]
1056 396 1468 446 ANNAIAUM
1520 396 1671 445 mn.
1720 396 1895 446 xm.

376 1160 580 1210 morabut
613 1166 928 1211 vetustatem
969 1160 1155 1225 gentis,
1192 1161 1489 1211 consulatus
1534 1166 1588 1211 et
1615 1160 1898 1223 triumphos
1938 1174 2148 1208 avorum
2171 1158 2337 1219 inius3
2373 1161 2586 1207 mentae

376 1223 509 1276 fuit
490 1242 592 1290 ipse
616 1232 666 1275 et
688 1228 772 1275 alii
809 1242 995 1276 omnes.-
1029 1227 1315 1276 liberalium
1339 1229 1483 1275 etiam
1507 1225 1795 1275 studiorum
1816 1227 2006 1283 mentio,
2029 1232 2083 1274 et
2104 1225 2311 1282 nullam,
2335 1238 2397 1272 eo
2420 1223 2585 1291 impe-

377 1298 535 1351 rante,
572 1293 769 1341 illatam
808 1293 884 1340 rei
922 1294 1169 1342 Romanae
1209 1292 1275 1341 ab
1309 1292 1540 1342 hostibus
1564 1292 1787 1352 cladem,
1809 1291 2030 1355 impensis
2061 1290 2255 1338 auribus
2275 1293 2489 1350 accepta.-
2525 1292 2582 1336 at

366 1364 611 1421 postquam
652 1358 797 1407 vei-tit
834 1359 1092 1407 orationem
1132 1360 1196 1408 ad
1240 1359 1568 1423 prudentiam
1608 1356 2019 1421 sapientiamque
2053 1355 2273 1417 Claudii,
2306 1368 2441 1404 nemo
2480 1353 2583 1402 risa

1362 1539 1582 1590 NOTAE

423 1666 440 1710 3
460 1669 818 1733 Antiquitutem
837 1672 1049 1736 generis]
1082 1674 1166 1723 De
1190 1689 1289 1737 qua
1310 1675 1434 1724 Sue-

368 1751 470 1794 ton.
504 1747 624 1797 Tib.
660 1763 696 1797 1.
736 1751 1012 1800 ‘Patricia
1050 1758 1173 1815 gens
1197 1753 1431 1815 Claudia,

365 1810 479 1885 (fuit
501 1826 644 1873 enim
669 1832 725 1876 et
749 1828 849 1876 alia
872 1828 1099 1896 plebeia,
1127 1844 1223 1879 nec
1247 1836 1428 1893 poten-

367 1899 433 1948 tia
453 1903 630 1951 minor
669 1919 765 1953 nec
800 1905 1069 1969 dignitate,
1071 1904 1093 1971 )
1117 1911 1235 1957 orta
1258 1915 1337 1957 est
1362 1923 1428 1956 ex

353 1976 598 2046 Regilli&
658 1982 851 2045 oppido
904 1983 1225 2033 Sabinorum.
1295 1985 1426 2034 Inde

364 2053 570 2105 Romam
597 2071 780 2107 recens
817 2060 1079 2110 conditam
1103 2077 1220 2111 cum
1244 2076 1427 2124 magna

362 2132 601 2184 clientum
628 2149 781 2186 manu
816 2137 1192 2203 commigravit,
1216 2146 1424 2189 auctore

359 2210 467 2260 Tito
519 2214 699 2277 Tatio,
751 2222 995 2265 consorte
1046 2216 1309 2266 Romuliz.
1339 2216 1422 2266 vel

360 2289 482 2352 quod
503 2291 672 2354 magis
711 2298 933 2356 constat,
958 2307 987 2341 a
1012 2291 1227 2351 Claudio
1252 2292 1420 2356 gentis

357 2366 612 2432 principe,
657 2372 779 2433 post
823 2384 973 2434 reges
1012 2375 1224 2419 exactos
1269 2376 1420 2419 sexto

356 2439 458 2493 fere
498 2461 658 2511 anno,
702 2461 732 2497 a
772 2447 1005 2513 patribus
1061 2447 1117 2498 in
1168 2447 1419 2512 patricios

354 2524 633 2596 cooptata!

413 2597 436 2631 ¹¹
478 2601 790 2666 Consulatus]
856 2603 978 2653 Non
1022 2603 1182 2667 ipsius
1217 2603 1421 2653 Claudii

353 2680 567 2742 tantum,
589 2679 683 2727 sed
704 2675 757 2727 'et
774 2679 1107 2729 Claudiorum
1132 2675 1320 2743 gentis.

414 2757 701 2828 Consulatus
743 2774 798 2807 uc
848 2758 1110 2822 triumphos
1164 2758 1420 2824 majorum]

353 2832 432 2904 De
470 2834 661 2901 quibus
705 2835 915 2886 Sueton.
956 2837 1071 2885 Tib.
1108 2850 1150 2885 1.
1191 2833 1421 2886 ‘Proce-

354 2908 501 2961 dente
541 2918 781 2975 tempore
820 2911 1210 2976 duodetriginta
1239 2926 1418 2962 consu-

351 2984 496 3051 latus,
537 2988 827 3038 dictaturas
870 2989 1117 3054 quinque,
1175 3003 1419 3038 censuras

355 3070 566 3128 septem,
639 3064 929 3129 triumphos
1002 3071 1222 3129 septem,
1288 3065 1415 3115 duas

353 3142 617 3191 ovationes
640 3137 835 3206 adepta
875 3142 1003 3203 est3'
1036 3153 1159 3207 gens
1196 3143 1418 3192 Claudia

354 3226 552 3281 nempe.
1208 3235 1216 3243 ·

414 3285 429 3323 ¹
451 3294 741 3344 Liberalium
757 3311 932 3360 quoque
951 3295 1128 3345 artium
1143 3293 1416 3345 ‘commemo-

355 3368 495 3432 ratio]
561 3371 710 3421 Suet.
734 3373 917 3424 Claud.
960 3377 1009 3423 3.
1051 3377 1067 3402 ‘
1114 3374 1417 3437 Disciplinis

353 3450 519 3497 tamen
562 3449 883 3515 liberalibus,
923 3450 990 3500 ab
1029 3457 1187 3501 aetate
1232 3450 1416 3515 prima,

351 3535 448 3571 non
504 3526 815 3603 mediocrem
868 3543 1079 3592 operam
1133 3528 1298 3591 dedit,
1353 3543 1413 3578 ac

355 3601 492 3664 s'oepe
553 3604 917 3667 experimenta
962 3606 1213 3671 cujusque
1257 3605 1415 3655 etiam

354 3681 649 3742 publicavit.
717 3686 931 3748 Verum,
973 3699 1039 3733 ne
1075 3687 1149 3735 sic
1188 3685 1416 3751 quidem,

355 3756 623 3821 quicquam
640 3760 909 3823 dignitatis
925 3762 1143 3827 assequi,
1157 3768 1246 3810 aut
1267 3773 1413 3825 spem

354 3828 416 3879 de
450 3847 504 3881 se
539 3835 939 3885 commodiorem
961 3837 1014 3885 in
1039 3845 1300 3901 posterum
1336 3837 1411 3888 fa-

356 3920 471 3958 cere
494 3911 703 3973 potuit?

362 4003 367 4010 ·
430 3985 602 4036 Multa
659 3996 828 4039 tamen
883 3991 1144 4042 volumina
1184 3994 1411 4044 historiae

358 4063 662 4127 composuit,
709 4067 857 4115 etin
914 4069 1207 4134 principatu
1258 4072 1415 4121 etiam

355 4141 490 4200 caspe
537 4153 629 4202 per
674 4142 924 4192 lectorem
959 4146 1233 4198 recitabat.
1268 4149 1416 4199 Suet.

355 4211 434 4297 fl.
463 4213 481 4241 ‘
507 4214 814 4283 Composuit
837 4227 899 4270 et·
931 4221 999 4272 de
1021 4224 1132 4274 vita
1164 4240 1258 4275 sua
1294 4233 1414 4277 octo

348 4289 627 4362 volumina,
645 4296 809 4362 tnagis
845 4298 1055 4366 inepte,
1078 4316 1234 4367 quam
1256 4303 1417 4355 inele-

1515 1678 1731 1737 gantem
1766 1671 1889 1720 item
1921 1665 2189 1719 Ciceronis
2228 1662 2577 1715 defensionem

1512 1751 1760 1799 adversus
1777 1747 1944 1797 Asinii
1967 1744 2109 1795 Galli
2131 1742 2291 1792 libros
2314 1741 2438 1792 satis
2462 1756 2577 1792 eru-

1511 1827 1707 1887 ditan1‚'
1730 1830 1828 1876 &c.

1574 1913 1610 1937 ¹¹²
1648 1905 1789 1954 Nihil
1825 1904 2018 1965 regente
2062 1914 2113 1949 eo
2163 1897 2299 1961 Reip.
2337 1896 2477 1946 triste
2517 1895 2578 1945 ab

1507 1982 1746 2044 externis]
1788 1983 1856 2030 Et
1877 1980 1929 2029 id
1953 1992 2151 2028 verum.
2189 1978 2192 1983 ’
2219 1976 2377 2026 Certe
2400 1973 2578 2025 incen-

1506 2061 1596 2110 dia
1622 2060 1860 2125 quaedam
1883 2058 2064 2107 Romae
2104 2059 2237 2115 orta,
2262 2057 2318 2101 et
2359 2065 2576 2101 annonae

1506 2139 1696 2189 caritas
1720 2135 1948 2194 exarsit3
1983 2131 2073 2181 sed
2104 2129 2289 2195 quibus
2312 2127 2461 2177 malis
2485 2126 2578 2177 ob-

1505 2216 1641 2263 viam
1686 2215 1749 2264 iit
1786 2210 2027 2262 Claudius
2074 2212 2322 2273 quantum
2361 2204 2416 2254 in
2460 2204 2576 2269 ipso

1501 2289 1616 2341 fuit.
1685 2292 1915 2340 Fuerunt
1937 2284 2193 2336 adulteria
2216 2295 2422 2346 magna,
2456 2286 2579 2331 con'-

1493 2369 1789 2433 jurationes
1825 2364 2102 2426 nonnullae,
2140 2359 2312 2411 caedes
2342 2358 2573 2424 equitum

1501 2453 1556 2497 et
1595 2448 1904 2497 senatorum.
1971 2441 2071 2491 Sed
2114 2439 2226 2488 haec
2264 2437 2480 2487 vulnera
2518 2435 2573 2484 in

1501 2522 1858 2589 penetralibus
1882 2520 2033 2583 Reip.
2059 2523 2114 2568 et
2147 2531 2179 2566 a
2211 2514 2427 2578 civibus,
2464 2513 2572 2562 non

1496 2603 1568 2653 ab
1592 2601 1822 2652 hostibus
1845 2599 2009 2649 illata.

1565 2687 1590 2712 ¹¹
1611 2680 1874 2743 Postquam
1913 2677 1976 2725 ad
2002 2669 2352 2739 providentim
2387 2668 2573 2732 sapien-

1498 2756 1755 2820 tiamque}
1783 2754 2027 2813 Diceres,
2069 2750 2143 2799 sic
2183 2746 2367 2796 dedita
2407 2757 2571 2807 opera

1500 2834 1775 2885 formatam
1800 2848 1831 2882 a
1855 2821 2054 2882 Seneca
2073 2826 2377 2889 orationem,
2400 2833 2457 2874 ut
2479 2838 2573 2888 pa-

1497 2912 1600 2961 lam
1657 2912 1901 2961 irrideret
1954 2909 2113 2958 talem
2184 2904 2569 2955 dominantem:

1500 2988 1638 3055 quod
1664 2994 1719 3038 et
1742 2987 1872 3038 fecit
1899 2986 1950 3036 in
1974 2985 2141 3036 Ludo.

1565 3068 1699 3117 Nam
1723 3073 1780 3117 et
1799 3065 2022 3115 maximo
2056 3061 2175 3113 odio
2200 3058 2472 3111 Claudium
2495 3057 2572 3106 in·

1496 3144 1799 3194 sectabatur
1815 3144 1879 3193 ob
1898 3141 2042 3192 exilii
2062 3138 2323 3204 injuriam,
2345 3143 2405 3186 ut
2426 3137 2573 3199 pate-

1398 3237 1403 3242 ·
1497 3219 1745 3270 bitinfra.
1798 3220 1868 3268 Et
1890 3220 1934 3268 si
1953 3221 2284 3282 superessent
2304 3214 2569 3264 orationes

1495 3299 1731 3362 Senecae,
1749 3297 1854 3348 illae
1878 3299 2098 3347 maxime
2114 3296 2333 3360 hujusce
2348 3293 2449 3344 aevi
2464 3292 2573 3342 his-

1496 3377 1679 3425 toriam
1709 3373 2077 3440 explanarent.
2123 3393 2128 3398 ·

1560 3456 1643 3504 Aa
1660 3454 2005 3518 providentiam
2019 3447 2413 3515 sapientiamque]
2447 3446 2572 3497 For·

1498 3536 1554 3582 te
1578 3546 1677 3581 nec
1711 3532 1766 3581 id
1791 3532 1901 3581 sine
1932 3543 2108 3579 morsu
2132 3527 2362 3590 Senecae,
2382 3525 2471 3591 qui
2491 3524 2569 3572 in-

1497 3608 1674 3659 fensus
1692 3609 1910 3660 Claudio
1934 3608 2000 3657 ob
2019 3605 2228 3656 exilium
2249 3603 2369 3653 fuit.
2410 3601 2568 3651 Illum

1497 3688 1656 3738 etiam
1680 3687 1756 3737 sic
1780 3686 1969 3735 irridet
1989 3684 2043 3733 in
2066 3683 2240 3732 Ludo:
2266 3681 2282 3709 ‘
2301 3676 2570 3743 adjudica·

1497 3769 1603 3828 tur,
1625 3765 1686 3813 C.
1710 3762 1903 3813 Caesari
1930 3762 2072 3810 illum
2094 3758 2281 3808 AEaeus
2298 3756 2475 3805 donat.
2511 3753 2565 3802 Is

1499 3841 1808 3891 Maenandro
1849 3840 2038 3889 liberto
2071 3851 2164 3886 suo
2193 3832 2432 3894 tradidit,
2451 3837 2513 3881 ut
2534 3846 2566 3880 a

1390 3939 1393 3944 ’
1495 3917 1877 3981 cognitionibus
1895 3916 1945 3965 ei
1964 3914 2136 3964 ess'et.’

1560 3996 1666 4046 Ubi
1709 3995 1904 4059 duplex
1945 3992 2134 4043 irrisio.
2200 3989 2355 4039 Illum
2396 3985 2565 4036 tradit

1494 4074 1652 4124 Caius
1687 4075 1862 4124 Caesar
1888 4072 2081 4122 liberto
2111 4082 2211 4118 >suo
2250 4064 2563 4128 Menandro,

1497 4152 1619 4217 quia
1664 4165 1870 4215 semper
1905 4148 2045 4200 infra
2083 4159 2259 4197 servos
2300 4143 2564 4208 ingenium
2653 4169 2660 4174 ·

1496 4228 1732 4290 Claudii;
1766 4227 1956 4279 deiude
1979 4225 2093 4291 pari
2115 4223 2297 4287 ironia,
2317 4227 2372 4272 at
2402 4236 2433 4270 a
2454 4223 2562 4283 cog-

1470 4307 1750 4360 ‘titionibus
1793 4305 2087 4357 Menandro
2123 4308 2284 4367 esset,
2316 4285 2562 4365 tanquam
