3063 4952
394 372 576 448 ‚me

392 540 791 619 turbabant,
805 556 1021 623 neque
1047 536 1304 604 fossam
1353 542 1470 604 aut
1490 537 1743 604 vallum
1785 536 2341 621 praeduxemnt,¹¹
2370 556 2617 621 nequo,
2695 587 2710 591 »

394 643 695 708 motis¹²'
744 642 1018 707 senibus
1046 648 1160 706 et¹³
1194 640 1509 719 foeminis,
1549 641 1861 726 juventus
1925 640 2075 705 sola
2102 640 2371 705 restitit:
2421 639 2619 723 quasi

394 732 620 829 media
645 764 819 829 pace
843 743 1121 821 incauti,
1162 742 1579 808 multitudine
1622 738 2050 809 barbarorum
2090 742 2619 810 circumveniun-

383 854 527 915 tur.
618 847 707 912 Et
747 853 965 912 cetera
1008 845 1274 935 quidem
1321 847 1575 931 impetu
1616 847 1897 930 direpta,
1948 853 2063 912 aut
2112 849 2387 912 incensa
2431 851 2620 910 sunt:

388 951 739 1035 templum,
789 951 859 1013 in
907 969 1043 1033 quo
1091 969 1166 1013 se
1208 951 1400 1014 miles
1446 950 1984 1032 conglobaverat,
2024 950 2231 1016 biduo
2261 949 2621 1013 obsessum

341 1062 347 1067 ’
392 1056 1001 1136 expugnatamque.
1091 1051 1181 1116 Et
1205 1051 1419 1117 victor
1465 1053 1820 1118 Britannus
1853 1053 2160 1119 Petilio¹4
2179 1050 2459 1129 Ceriali,
2492 1049 2622 1115 Le-

1109 392 1177 441 Ο.
1204 390 1602 443 *conmuni
1629 391 1898 441 ‘erl'rt
2292 394 2391 463 [Α.
2413 393 2481 449 U.
2499 400 2617 449 stt.

395 1237 557 1302 nilque
578 1237 857 1300 juvantibus
887 1237 1075 1287 senibus
1100 1241 1163 1286 -et
1196 1237 1485 1299 mulieribus,
1518 1237 1606 1286 soli
1634 1239 1836 1301 Juvenes
1872 1236 2183 1287 resistebant.-
2233 1237 2363 1286 velut
2383 1233 2625 1286 altissima

389 1318 525 1367 pace,
537 1302 972 1363 circumfunduntur
991 1303 1306 1366 inopinantes,
1325 1304 1514 1365 ingenti
1545 1318 1734 1352 numero
1753 1303 1974 1352 hostiurn.
2042 1304 2116 1351 Et
2135 1302 2232 1352 ulia
2251 1302 2439 1365 quidem
2460 1300 2622 1350 omnia

390 1369 553 1434 prima
573 1370 622 1417 vi
643 1374 801 1432 rapta,
817 1368 1119 1432 autflammis
1133 1368 1349 1418 absumta
1362 1373 1501 1419 sunt.-
1534 1368 1794 1430 demum,
1816 1368 1869 1417 in
1888 1369 2009 1431 quod
2028 1382 2079 1416 se
2098 1368 2311 1417 veterani
2324 1369 2624 1430 receperant,

399 1434 574 1483 duobtoe
593 1434 756 1483 diebus
774 1434 1124 1483 circumsessum
1157 1443 1243 1482 est
1289 1439 1581 1498 captumque.
1649 1434 1720 1482 Et
1739 1434 1940 1482 victores
1970 1432 2185 1482 Barbari
2205 1437 2504 1481 occurrentes
2526 1430 2621 1480 Ps-

394 1498 504 1550 tilio
530 1499 727 1563 Ceriali,
758 1501 914 1562 legato
930 1514 1064 1549 nonoe
1082 1498 1300 1564 legionis,
1317 1501 1381 1549 ud
1400 1499 1639 1549 auxilium
1674 1498 1901 1563 venienti,
1932 1498 2251 1562 profligavere
2285 1496 2539 1560 legionem,
2576 1499 2635 1546 st

1325 1648 1684 1669 “eea“uaeee

389 1733 476 1786 At
486 1736 694 1786 occulta
709 1750 808 1786 non
830 1741 946 1785 erat
967 1735 1214 1786 rebellio:
1241 1734 1333 1785 sed
1350 1737 1525 1786 occidte
1546 1742 1698 1786 erant
1714 1735 1928 1787 conscii.
1945 1734 2115 1788 ‘Unde
2134 1750 2278 1785 error
2292 1732 2374 1784 est
2391 1726 2628 1784 librario·

397 1813 511 1850 rum
555 1808 648 1850 aut
688 1801 963 1861 editorum,
1005 1801 1094 1865 qui
1130 1803 1323 1851 oeenlloe
1365 1816 1461 1865 pro
1504 1803 1681 1851 occidte
1712 1815 1948 1867 posuere.
2034 1801 2241 1865 Lipsius
2275 1800 2392 1864 jam
2432 1799 2628 1861 edidit,

397 1867 595 1916 occulte.
659 1866 722 1915 lu
764 1867 895 1916 Mss.
937 1865 1076 1916 Flor.
1113 1865 1289 1916 Guelf.
1328 1866 1559 1916 editione
1603 1867 1846 1930 principe
1891 1874 1948 1916 et
1991 1866 2399 1927 recentioribus,
2445 1863 2626 1914 occulti

395 1930 663 1980 rebellionis
681 1930 889 1988 conscii5
921 1931 1062 1994 quod
1086 1932 1293 1981 omuino
1317 1931 1520 1993 durum,
1541 1947 1602 1981 ac
1626 1932 1834 1980 minime
1859 1932 2223 1980 Cornelianum
2248 1937 2349 1979 est.
2420 1930 2624 1978 Ernes-

399 2003 482 2044 tus
503 1995 676 2045 omitti
698 1996 877 2056 vellet,
896 1996 1084 2046 conscii.
1118 1996 1276 2046 Certe
1298 1996 1568 2060 eleganter
1588 1993 1878 2056 diceretur,
1898 1997 2069 2045 occulti
2089 1995 2370 2045 rebellionis.
2419 1994 2621 2045 Verum

391 2059 547 2108 'nefas
569 2061 811 2109 omittere
828 2061 1000 2109 conscii
1022 2060 1074 2109 in
1099 2067 1246 2111 tanto
1269 2061 1514 2110 librorum
1539 2075 1806 2110 consensu.
1841 2062 2057 2110 Brotier.
2106 2061 2253 2109 Bene
2279 2061 2359 2110 cl.
2386 2059 2630 2118 Gomon,

396 2125 413 2152 ‘
440 2123 731 2174 frustrated
756 2125 811 2174 in
836 2125 973 2174 their
1012 2141 1273 2176 mensures
1298 2127 1365 2190 by
1390 2127 1524 2176 such
1545 2140 1599 2175 as
1623 2140 1759 2176 were
1796 2132 1966 2176 secret
1988 2125 2328 2189 accomplices
2351 2125 2405 2173 in
2430 2124 2522 2173 the
2546 2137 2628 2177 re·

397 2188 549 2239 volt!
633 2190 861 2266 Mur-phy
883 2205 1111 2254 quoque,
1144 2192 1159 2220 ‘
1183 2197 1354 2241 secret
1393 2190 1620 2239 enemies
1642 2190 1818 2240 mixed
1842 2191 1895 2239 in
1932 2191 2002 2239 all
2025 2191 2162 2239 their
2199 2186 2625 2239 deliberations.’

393 2258 524 2304 —11
559 2254 736 2304 Editio
762 2258 1336 2319 princeps,·praeduxere.
1390 2255 1728 2317 Puteolanus,
1743 2258 2222 2318 produxerunt—12
2253 2255 2436 2305 Vellet
2461 2252 2627 2304 Faer-

400 2333 517 2382 nus,
537 2321 735 2369 amotis.-
765 2320 1033 2384 HeinsiuS,
1051 2321 1277 2370 submotis
1299 2320 1381 2369 vel
1416 2320 1625 2369 remotis.
1691 2319 1768 2370 At
1805 2319 1990 2370 eodem
2024 2334 2177 2369 sensu
2217 2319 2426 2382 dicitur,
2462 2317 2629 2367 motis.

398 2383 487 2433 Sic
509 2383 645 2433 infra
670 2400 717 2434 c.
739 2389 822 2434 60.
847 2391 1058 2436 movetur
1082 2400 1172 2449 pro
1192 2391 1454 2447 amovetur,
1476 2391 1538 2435 ut
1560 2389 1704 2434 recte
1729 2384 1970 2434 observat
1992 2386 2262 2434 Ernestus.
2330 2383 2625 2434 Brotier.-

399 2452 464 2498 13
493 2454 579 2499 aut
601 2449 961 2501 Budens.-—l4
995 2451 1140 2500 Male
1161 2450 1323 2501 editio
1351 2450 1614 2513 princeps,
1627 2449 1786 2500 Pelio.
1853 2449 2197 2514 Puteolanus,
2217 2450 2358 2499 Peto.
2410 2447 2522 2498 Hic
2546 2455 2627 2497 est

390 2514 624 2565 ‘Petilius
646 2516 880 2580 Cerialis,
903 2515 968 2565 de
992 2530 1097 2582 quo
1121 2530 1264 2581 saepe
1285 2514 1444 2580 infra,
1466 2516 1690 2565 maxime
1711 2516 1767 2565 in
1788 2514 1934 2566 libris
1956 2514 2330 2566 Historiarum.
2396 2514 2621 2566 Brotier.

1389 2646 1604 2699 NOTAE

396 2755 622 2822 modica,
645 2760 772 2809 utin
795 2763 1023 2827 temp103
1059 2762 1196 2828 quod
1219 2761 1352 2812 arcis
1375 2776 1467 2811 no·

398 2845 537 2895 men,
562 2849 663 2884 non
684 2844 830 2886 certe
853 2838 955 2888 vim
977 2840 1176 2890 habuit.

465 2909 633 2960 nitela
670 2914 853 2979 templi]
894 2915 1024 2967 Quae
1067 2929 1251 2980 parum
1283 2913 1464 2976 firma3

399 2994 522 3034 mm
554 2989 825 3038 sanctitati
850 2991 1053 3055 templi,
1089 2998 1144 3041 et
1175 2992 1467 3044 amoenitati

397 3061 631 3127 coioniae,
650 3066 815 3129 magis
837 3081 989 3130 quam
1006 3066 1337 3118 munimentis
1358 3072 1464 3117 stu·

396 3133 638 3200 dixerant,
663 3141 750 3204 qui
772 3142 925 3204 primi
947 3142 1303 3193 construxere.

466 3220 494 3245 r
535 3216 700 3281 Neque
742 3218 904 3281 motis]
952 3220 1171 3283 Volunt,
1208 3233 1310 3270 non
1352 3231 1466 3269 esse

397 3295 596 3342 amotos
634 3308 800 3346 senes.
866 3297 1033 3359 Neque
1063 3296 1222 3361 motis,
1265 3295 1323 3345 id
1363 3303 1466 3361 est,

397 3379 502 3415 uon
525 3382 580 3416 se
599 3371 944 3436 moventibus,
973 3388 1160 3437 nempe
1195 3388 1299 3423 non
1320 3374 1461 3424 exci-

390 3441 467 3493 'tis
488 3448 696 3497 senibus
714 3458 769 3499 et
788 3449 1012 3502 foemiuis
1034 3453 1101 3502 ad
1118 3451 1270 3517 opem
1294 3452 1464 3504 feren·

397 3518 535 3582 dam,
576 3529 854 3590 utcumque
898 3533 1129 3591 possent.
1207 3528 1463 3593 Loquitur

398 3596 545 3654 enim
576 3597 643 3650 de
683 3601 816 3653 vallo
852 3608 912 3652 et
955 3618 1163 3667 aggere,
1184 3603 1270 3654 cui
1306 3619 1461 3656 sexus

396 3669 632 3744 imbellis,
665 3686 720 3725 et
736 3676 876 3727 fessa
900 3684 1027 3729 aetas
1048 3694 1350 3729 succurrere
1372 3695 1462 3744 po-

380 3746 519 3826 ,¹¹¹5ss
556 3751 937 3814 suppeditando
969 3755 1258 3818 materiam,
1294 3756 1462 3821 cespi-

397 3828 524 3887 tem,
558 3841 703 3889 saxa,
741 3835 795 3877 et
833 3830 933 3878 alia
967 3829 1020 3878 id
1043 3845 1223 3896 genus,
1244 3838 1303 3884 ut
1324 3832 1387 3882 fit
1407 3832 1462 3883 in

395 3900 584 3962 talibus
607 3904 861 3967 praesidiis
898 3910 954 3954 et
990 3907 1197 3957 arcibus
1232 3923 1350 3958 cum
1373 3924 1462 3972 pa-

394 3975 491 4024 ‘vo'r
515 3978 733 4042 ingruit:
754 3982 998 4044 juventus,
1020 3982 1054 4033 i.
1077 3998 1124 4033 e.
1149 3984 1428 4035 exereitus.

461 4053 663 4124 Otium,
704 4058 951 4122 quietem,
992 4064 1048 4107 et
1090 4059 1343 4110 incuriam
1380 4076 1461 4111 se·

395 4141 538 4200 num,
549 4145 847 4197 puerorum,
869 4148 932 4183 ac
948 4132 1268 4185 foeminarum
1289 4136 1460 4187 innuit

394 4201 624 4268 Tacitus,
644 4222 761 4258 cum
788 4209 918 4260 dicit
932 4209 1163 4271 ‚inventus
1183 4212 1281 4260 sola
1316 4213 1456 4261 resti·

1548 2775 1743 2824 arcem,
1792 2760 1906 2811 aliis
1948 2759 2199 2824 immotis,
2240 2759 2365 2826 quia
2408 2755 2630 2822 decepti

1548 2844 1641 2887 aut
1658 2837 1831 2887 subita
1852 2837 1903 2887 vi
1927 2836 2167 2903 oppressi
2188 2841 2326 2886 sunt.

1613 2914 1791 2977 Motis]
1845 2913 1954 2964 Alii
1997 2914 2181 2986 legunt
2223 2912 2413 2974 amotis,
2456 2910 2594 2960 male
2610 2926 2626 2958 ε

1546 3006 1717 3057 neque
1739 2992 1912 3055 motis,
1934 2991 1988 3040 id
2014 2997 2117 3053 est,
2139 3004 2244 3039 non
2282 3003 2338 3038 se
2368 2986 2630 3058 moventi-

1547 3068 1643 3117 bus
1684 3068 1894 3120 senibus
1939 3066 2293 3131 foeminisque‚
2332 3064 2379 3114 si
2418 3079 2525 3115 non
2559 3062 2628 3114 ad

1546 3143 1911 3204 resistendum,
1951 3144 2140 3193 saltem
2185 3142 2252 3193 ad
2299 3142 2476 3191 locum
2517 3151 2629 3191 mu·

1545 3220 1813 3283 mendum,
1846 3234 2090 3285 aggerem
2117 3218 2416 3281 ferendum,
2440 3223 2500 3267 et
2522 3217 2629 3267 alia

1544 3297 1834 3347 ministeria
1857 3312 1974 3362 quae
2015 3300 2274 3360 praestant
2308 3295 2474 3344 etiam
2502 3307 2633 3358 pue-

1543 3373 1609 3435 ri,
1629 3371 1877 3435 foeminae,
1900 3388 2071 3435 senes,
2084 3373 2226 3435 lixae,
2247 3370 2632 3436 negotiatores,

1544 3454 1600 3498 et
1622 3463 1785 3513 genus
1808 3448 1937 3498 illud
1962 3448 2174 3498 imbelle
2202 3448 2253 3497 in
2288 3447 2627 3514 necessitati..

1544 3527 1657 3576 bus.
1680 3527 1819 3577 Hinc
1841 3526 1988 3576 addit
2005 3526 2241 3589 Tacitus,
2261 3526 2506 3574 «Inventus
2524 3524 2628 3576 sola

1542 3603 1746 3665 restitit,
1767 3615 1955 3667 nempe
1977 3602 2091 3652 aliis
2113 3602 2341 3652 immotis
2365 3601 2628 3664 intellige,

1546 3678 1630 3728 vel
1668 3693 1817 3728 senes
1867 3693 1971 3728 non
2017 3692 2133 3728 esse
2191 3682 2374 3726 amotos
2426 3674 2628 3740 oppido

1542 3755 1666 3819 isto,
1687 3756 1770 3805 vel
1792 3769 1894 3805 non
1917 3755 2089 3805 moto‘s
2113 3753 2276 3805 fuisse
2300 3753 2367 3802 ad
2391 3752 2629 3803 laborem

1544 3835 1601 3878 et
1642 3844 1797 3894 opem
1842 3828 2132 3880 ferendam.
2200 3827 2276 3878 At
2327 3833 2480 3877 certe
2521 3823 2628 3878 nou

1542 3904 1762 3955 fuissent
1807 3905 1986 3967 amoti,
2030 3904 2212 3970 sicque
2255 3903 2441 3954 traditi
2465 3904 2633 3967 jugu-

1496 4009 1516 4055 '.
1542 3982 1685 4033 laudi
1701 3983 1954 4045 hostibus,
1974 3982 2077 4031 nisi
2111 3982 2164 4030 in
2189 3980 2375 4030 ultima
2399 3980 2629 4031 necessi·

1542 4053 1687 4122 'tate3
1720 4067 1776 4109 et
1799 4059 1923 4126 quid
1950 4058 2232 4123 profuisset
2265 4071 2354 4106 eos
2388 4057 2626 4107 amoveri

1537 4137 1592 4186 in
1613 4143 1760 4187 tanto
1782 4138 1984 4201 impetu
2005 4133 2317 4186 rebellium?
2352 4135 2536 4199 potius
2570 4137 2624 4186 iu

1536 4211 1805 4262 obsidione
1855 4212 2087 4263 violenta
2125 4225 2292 4276 ‘opem
2338 4214 2624 4274 tulisseut;

395 4279 478 4341 tit,
499 4279 550 4329 id
585 4288 682 4348 est,
719 4283 958 4337 defendit
988 4297 1082 4337 seu
1103 4289 1457 4355 propugnant
1534 4277 1690 4356 idque
1711 4288 2268 4341 utillusin‘commune.
