3063 4952
470 393 653 471 Ῑ526

1104 385 1107 388 ’
1170 409 1240 465 o.
1264 415 1269 452 ι
1294 411 1493 466 ‘coms
1510 409 1663 464 emi
1687 443 1688 448 κ
1709 410 1980 463 'morri’
2026 469 2030 474 ,

2364 405 2464 482 [Ᾰ.’
2476 391 2554 466 ὑ.
2565 407 2687 464 sio.

468 565 586 651 jus
612 541 1205 652 hastaesadversus
1228 555 1464 647 inopes
1486 562 1910 626 ¹inclementer
1940 555 2246 642 augeret?
2291 556 2471 621 Dein
2498 549 2691 620 Prin-

479 677 685 753 c⁴³PS¹¹¹
711 687 932 733 curam
961 667 1361 733 tabularum¹¹
1392 665 1811 749 publicarum
1828 683 1873 727 a
1896 661 2363 740 Quaestoribus
2382 659 2472 724 ad
2504 660 2692 723 Prae-

476 770 688 837 sectos
716 771 1066 837 transtulit.

565 876 678 941 29.
724 875 934 940 Varie
960 875 1191 940 habita
1219 893 1300 938 ac
1325 892 1509 958 saepe
1537 874 1912 937 immutata⁰
1938 869 2087 956 ejus
2113 869 2209 932 rei
2239 866 2487 931 forma:
2534 883 2694 929 nam

484 1056 654 1106 Coesar
671 1057 934 1107 transmisit
950 1072 1128 1120 curam,
1160 1071 1251 1106 seu
1280 1055 1595 1117 custodiam,
1616 1060 2012 1123 monumentorum
2025 1051 2316 1117 publicorum
2340 1065 2370 1098 a
2390 1046 2704 1113 quoeston'bas

485 1124 549 1170 ud
568 1122 832 1185 praefectos.

551 1188 772 1239 Diversis
789 1189 943 1239 modis
961 1188 1189 1251 exercita,
1208 1203 1263 1236 ac
1298 1188 1470 1251 soepius
1499 1187 1754 1236 immutata
1775 1185 1960 1245 Ιιιυιιεσε
1990 1183 2065 1232 rei
2086 1197 2229 1232 cura:
2263 1182 2435 1245 quippe
2455 1180 2706 1241 Augustus

1490 1336 1542 1386 N
1548 1334 1705 1386 OTAE

558 1461 890 1513 Contentiones
920 1464 1164 1536 proprias]
1217 1466 1467 1530 Proprias,
1499 1464 1556 1514 id

489 1544 588 1602 est,
608 1555 748 1590 suas
805 1550 952 1606 puto,
993 1542 1122 1592 dicit
1157 1544 1395 1607 proprias,
1437 1542 1557 1607 quia

490 1615 615 1668 boni
635 1618 870 1683 rectique
910 1620 1353 1683 pervicacissimus
1377 1619 1561 1669 Helvi-

481 1693 607 1742 'dius
630 1710 645 1756 3
700 1695 819 1745 hinc
864 1711 961 1759 pro
996 1696 1204 1761 ingenio
1246 1711 1359 1758 suo,
1397 1696 1558 1759 magis

490 1769 629 1819 forte
650 1786 802 1835 quam
827 1786 923 1835 pro
954 1773 1077 1837 jure
1114 1787 1226 1836 suo,
1249 1773 1304 1821 in
1336 1773 1447 1823 haec
1466 1770 1558 1821 fla-

493 1845 625 1909 gitia
644 1847 818 1896 statim
841 1847 1200 1898 invehebatur.

484 1979 487 1980 ⁷
558 1923 717 1973 Forte
756 1926 981 1988 proprias
1019 1925 1175 1985 dixit,
1207 1925 1346 1990 quod
1380 1925 1560 1982 Helvi-

493 1999 607 2048 dius
630 2002 759 2050 tales
789 2016 967 2052 causas
986 2004 1250 2068 suscipere
1279 2003 1460 2053 solitus
1481 2017 1560 2052 es-

497 2083 596 2139 set,
618 2082 678 2125 ut
712 2078 799 2142 qui
822 2093 1010 2143 nempe
1033 2080 1242 2129 virtutis
1265 2088 1321 2130 et
1358 2079 1561 2129 honesti

494 2153 734 2218 rectique
758 2162 1000 2205 constans
1045 2171 1107 2207 ac
1129 2156 1378 2221 pervicax
1399 2171 1562 2205 asser-

497 2234 583 2279 tor
605 2237 766 2294 esset,
789 2231 841 2280 id
865 2240 960 2296 est,
992 2234 1217 2297 proprias
1251 2234 1461 2283 virtutis
1485 2234 1563 2297 ip-

496 2308 618 2370 siuS,
642 2316 696 2357 et
715 2325 829 2374 quae
857 2312 1011 2361 talem
1033 2312 1195 2362 virum
1220 2313 1485 2362 decerent.

564 2387 794 2451 Proprias
830 2387 969 2439 forte
1006 2389 1153 2454 dicit,
1193 2377 1426 2454 quiahae
1461 2402 1564 2444 non

497 2466 710 2529 proprie
745 2464 922 2530 officii,
957 2467 1048 2521 sed
1084 2467 1299 2533 ingenii,
1332 2467 1455 2518 boni
1490 2473 1567 2523 ta·

497 2557 633 2592 men.
701 2544 889 2609 Neque
922 2544 1261 2596 existimarim
1283 2543 1568 2596 offensione

495 2616 708 2683 propria
741 2625 834 2672 aut
869 2622 1078 2687 privata
1110 2621 1177 2671 ad
1217 2622 1270 2671 id
1295 2621 1569 2675 incitatum

501 2694 823 2749 Helvidium.

570 2768 698 2820 ¹Jus
718 2771 890 2836 hastae]
913 2774 1044 2824 Cum
1061 2774 1227 2826 sectio
1244 2774 1415 2826 fieret.
1451 2776 1571 2836 Fer-

495 2851 666 2897 rectus.

455 2929 458 2933 ’
488 2944 491 2947 ’
568 2929 603 2954 ¹¹¹
636 2923 767 2973 Dein
781 2925 1022 2992 princeps]
1054 2928 1217 2981 Quasi
1234 2928 1456 2992 diceret,
1473 2928 1571 2978 ita·

458 3014 461 3017 ⁴
504 3015 610 3063 qne,
633 3016 725 3050 seu
760 3019 855 3066 qua
892 3007 949 3054 de
986 3021 1128 3056 causa
1158 3006 1398 3071 princeps,
1418 3005 1568 3070 quasi

504 3093 713 3127 causam
734 3081 999 3146 redderet,
1034 3083 1137 3135 isto
1169 3099 1360 3148 nempe
1383 3099 1566 3144 sensu3

504 3156 627 3220 quia
687 3157 1031 3211 Obultronius
1077 3162 1298 3212 Sabinus
1345 3170 1573 3227 quaestor

492 3231 676 3303 waerarii
705 3234 795 3298 jus
827 3236 991 3286 hastae
1025 3238 1271 3288 adversus
1293 3237 1475 3302 inopes
1497 3237 1571 3286 in-

504 3309 790 3359 ciementer
845 3312 1085 3376 augebat,
1124 3313 1320 3364 idcirco
1355 3314 1574 3377 princeps

455 3381 457 3385 ’
505 3399 672 3433 curam
715 3387 979 3437 tabularum
1037 3388 1332 3453 publicarum
1377 3389 1576 3455 (aerarii

506 3459 721 3525 nempe)
763 3477 795 3510 a
850 3465 1161 3526 quaestoribus
1213 3468 1278 3516 ad
1327 3465 1577 3531 praefectos

452 3547 459 3553 ⁴
507 3537 775 3586 transtulit.

578 3611 708 3665 Dein
750 3628 842 3676 pro
902 3615 1012 3665 hinc
1066 3623 1369 3681 usurpatum
1412 3623 1573 3681 puto:

511 3686 650 3750 quod
675 3688 812 3739 idem
837 3696 917 3740 est
966 3706 1027 3740 ac
1064 3693 1108 3742 si
1140 3693 1360 3757 diceret,
1396 3695 1485 3743 Ιιαο
1521 3696 1581 3744 de

510 3778 675 3827 causa,
697 3765 781 3814 vel
801 3766 1028 3830 ideoque3
1063 3769 1196 3833 quod
1219 3770 1481 3820 observari
1505 3786 1581 3821 se·

510 3840 638 3897 dulo
673 3841 848 3907 debet,
883 3843 1003 3907 quia
1024 3845 1245 3908 plurima
1263 3847 1379 3896 loca
1394 3846 1580 3897 similia

508 3918 651 3981 apud
674 3919 798 3969 Tac.

580 4000 606 4026 ¹¹
639 3994 944 4058 Tabularum]
977 3997 1069 4046 Eae
1091 4004 1210 4046 sunt
1231 3997 1358 4061 ipsae
1382 3997 1580 4048 eaedem

513 4070 729 4136 tabulae,
744 4071 811 4121 de
823 4071 1008 4137 quibus
1026 4087 1182 4136 supra
1193 4078 1304 4124 23.:
1328 4076 1344 4103 ‘
1365 4075 1581 4126 Tabulae

516 4153 714 4196 exustae
734 4154 874 4212 sunt,
903 4148 1088 4215 quibus
1112 4151 1393 4200 obliterata
1413 4153 1582 4204 aerarii

515 4231 847 4293 monumenta
864 4228 1439 4280 retrahebatssfrabulae
1461 4239 1582 4283 sunt

517 4299 728 4351 codices
761 4307 856 4353 seu
872 4303 1072 4358 chartae
1094 4305 1146 4354 in
1183 4306 1582 4371 quibus-scribe·

1644 1460 1772 1512 bant
1795 1464 2037 1519 veteres3
2071 1461 2128 1506 et
2148 1458 2450 1505 monumenta
2480 1451 2570 1503 hic
2590 1455 2714 1502 sunt

1637 1540 1753 1605 ipsa
1791 1537 2003 1601 scripta,
2024 1549 2116 1583 seu
2140 1549 2222 1584 res
2257 1531 2529 1596 inscriptae
2566 1528 2712 1578 hisce

1639 1615 1847 1666 tabulis.
1928 1612 2029 1662 Sed
2077 1612 2190 1661 haec
2246 1610 2438 1673 saepius
2489 1605 2711 1657 confun-

1637 1693 1845 1741 duntur.

1703 1776 1726 1801 ⁰
1771 1768 1916 1818 Varie
1958 1766 2139 1828 habita,
2182 1780 2239 1814 ac
2278 1779 2402 1827 saepe
2436 1760 2720 1827 immutata]

1638 1846 1809 1897 Quam
1849 1844 2158 1893 varietatem
2199 1840 2438 1892 breviter
2476 1837 2721 1902 exposui,

1640 1936 1756 1971 cum
1772 1927 2063 1984 temporum
2076 1919 2214 1980 luce,
2228 1918 2281 1967 in
2296 1919 2515 1966 Excurs.
2528 1913 2722 1977 B.L2·p-

1638 1999 1757 2050 sius.
1806 2000 2000 2049 Cetera
2023 1998 2180 2047 allata
2203 1997 2257 2046 in
2281 1995 2447 2059 Lipsii
2470 2008 2721 2056 excursu,

1641 2076 1802 2125 hocce
1820 2074 1935 2124 loco
1958 2089 2077 2124 mox
2096 2073 2501 2138 subjunguntur.

1709 2152 1845 2215 Soepe
1867 2151 2123 2201 immutata
2143 2151 2242 2211 ejus
2263 2150 2335 2199 rei
2343 2146 2534 2211 forma]
2572 2147 2724 2197 AEra-

1642 2228 1773 2278 rium
1810 2228 1991 2292 populi
2035 2229 2185 2277 Rom.
2227 2225 2574 2292 quaestoribus
2613 2224 2724 2288 pri*

1641 2319 1781 2354 mum
1808 2319 1945 2354 curae
1989 2302 2123 2355 fuitt
2173 2304 2284 2369 qui,
2306 2303 2447 2369 quod
2475 2303 2727 2366 pecunias

1645 2396 1709 2430 ex
1768 2382 1995 2432 hostium
2056 2382 2492 2431 damnatorumve
2572 2378 2726 2428 bonis

1646 2464 1961 2525 quaererent,
2025 2463 2322 2522 servarent,
2384 2470 2559 2521 exque
2620 2454 2725 2506 SC.

1647 2543 1945 2601 erogarent,
1984 2537 2290 2588 Quaestores
2317 2534 2541 2597 urbani,
2557 2531 2729 2583 oerariz‘

1650 2613 1716 2663 ab
1754 2613 1938 2663 aerario
1974 2612 2123 2676 dicti,
2157 2611 2225 2661 ab
2255 2610 2594 2661 *auctoribus
2616 2608 2731 2673 epi-

1649 2691 2068 2758 grammatisque,
2091 2692 2354 2754 leguntur.

1719 2769 1912 2817 Eorum
1931 2767 2148 2830 creatio,
2168 2780 2236 2816 ne
2261 2765 2554 2816 vetustiora
2577 2778 2732 2828 repe·

1656 2850 1782 2908 tam,
1816 2844 1875 2894 C.
1906 2843 2051 2895 Julio
2092 2845 2301 2894 Caesare
2338 2842 2606 2893 dictatore
2640 2852 2733 2890 nr.

1647 2922 1962 2985 intermissa,
1999 2921 2331 2987 publicaeque
2374 2919 2621 2984 pecuniae
2664 2917 2736 2968 ad

1648 2998 1845 3048 AEdiles
1871 2998 2014 3051 duos,
2031 2998 2416 3048 administratio
2451 2997 2735 3059 translata,

1650 3090 1682 3124 a
1724 3074 1909 3140 quibus
1953 3075 2285 3143 postmodum
2329 3075 2397 3125 ad
2432 3081 2734 3140 quaestores

1649 3166 1751 3200 non
1782 3152 1957 3216 rediit,
1996 3157 2134 3201 teste
2166 3152 2346 3201 Dione
2381 3151 2475 3202 lib.
2523 3163 2734 3200 xxxxv.

1649 3229 1735 3278 vel
1764 3236 2079 3294 recuperata
2115 3229 2180 3278 ab
2206 3229 2308 3278 illis
2346 3227 2416 3278 ad
2449 3227 2738 3292 praetorios

1652 3312 1967 3370 praetoresve
2010 3312 2227 3356 auctore
2262 3305 2540 3370 Augusto·
2568 3312 2741 3355 trans·

1654 3384 1734 3447 iit,
1751 3391 1813 3434 ut
1832 3384 2014 3434 scribit
2036 3384 2378 3449 Tranquillus
2404 3395 2611 3433 xxxvr.

1721 3461 1858 3511 Nam
1902 3460 2170 3524 Augustus
2234 3461 2479 3525 permisit
2517 3459 2744 3510 Senatui

1655 3536 1887 3600 deligere
1909 3536 2213 3603 praefectos‚
2252 3539 2344 3604 qui
2380 3539 2593 3590 scilicet
2611 3555 2747 3605 proe·

1657 3613 1774 3661 torii
1806 3622 2001 3677 essent,
2038 3623 2095 3664 et
2129 3616 2316 3665 aerario
2352 3616 2540 3680 populi
2562 3615 2743 3680 praefi·

1659 3699 1920 3744 cerentur.
1984 3695 2113 3743 Tum
2158 3695 2284 3760 ipse.
2317 3695 2564 3745 aerarium
2605 3696 2748 3746 mili-

1660 3776 1776 3819 tare
1799 3772 2303 3836 coustituit;›cujus
2343 3788 2529 3823 curam
2570 3774 2745 3825 tribus

1660 3848 1919 3908 praetoriis
1944 3848 2067 3897 viris
2107 3849 2301 3898 sortito
2334 3850 2488 3900 lectis
2528 3851 2751 3901 manda·

1661 3921 1753 3984 vit,
1771 3922 1944 3986 inquit
1965 3923 2069 3974 Dio
2090 3924 2183 3974 lib.
2209 3937 2317 3975 mv.

1724 3996 1871 4047 Idem
1909 4006 2086 4053 autem
2121 4001 2189 4051 ob
2229 4002 2463 4053 ambitus
2486 4005 2751 4068 suspicio·

1659 4088 1779 4123 nem
1824 4079 2026 4127 senatui
2072 4077 2141 4127 de
2180 4079 2396 4142 publico
2435 4080 2749 4138 faciendum

1661 4149 1884 4217 censuit,
1898 4162 1955 4204 et
1970 4153 2116 4205 fuere
2133 4170 2202 4205 ex
2218 4171 2435 4208 numero
2449 4165 2752 4227 praetorum

1662 4234 1803 4277 sorte
1843 4229 2008 4294 ducti,
2054 4231 2145 4296 qui
2183 4241 2511 4296 praeessent:
2571 4249 2752 4301 neque

1659 4306 1716 4357 id
1739 4306 1826 4357 diu
1842 4309 2052 4375 mansit,
2070 4311 2252 4362 ute-hoe
2266 4312 2388 4379 loeo
2401 4313 2748 4367 Tacimsait.
