3063 4952
442 373 616 439 1402
1168 389 1229 435 c.
1276 388 1642 436 coannmr
1686 387 1940 436 'mmm

2343 393 2436 459 [A.
2454 395 2521 445 υ.
2541 397 2658 446 sos.

443 532 705 600 dicendi
734 554 864 598 nou
892 535 1202 617 corrupit.
1294 533 1443 598 Nec
1471 536 1539 599 in
1584 533 1938 612 Claudio,''
1987 535 2296 617 quotiens
2339 535 2657 603 meditata

442 641 846 716 ‘dissererem
896 638 1312 722 elegantiam⁸
1368 632 1753 722 requireres.
1864 637 2048 703 Nero
2104 633 2464 723 puerilibus
2516 634 2654 709 stau*-

440 740 562 807 'tim
601 744 792 806 annis
828 742 1125 807 vividum
1169 745 1464 807 animum
1513 745 1583 807 in
1629 742 1765 807 alia
1813 734 2119 807 detorsit:
2165 743 2463 821 coelare,⁵
2506 743 2655 829 piu*

442 837 643 928 gere,y
692 851 918 910 cantus
958 852 1075 910 aut
1102 848 1393 930 regimen
1419 866 1739 930 equorum
1767 865 2071 910 exercere
2090 853 2132 909 :¹
2174 852 2238 910 et
2266 846 2652 930 aliquandO,

442 1013 682 1075 eloquendi
703 1018 855 1062 artem
874 1029 966 1062 non
987 1013 1213 1063 turbavit.
1280 1013 1424 1062 Nec
1406 1029 1458 1062 m
1485 1014 1683 1062 Claudio
1713 1013 1895 1076 quoties
1910 1013 2115 1076 proeuisa
2134 1020 2359 1075 censeret,
2369 1012 2654 1072 facundiam

441 1080 752 1127 desiderares.
819 1080 949 1128 Nero
970 1079 1175 1140 juvenili
1211 1079 1380 1126 statim
1405 1083 1550 1128 etate
1572 1080 1806 1140 uigentem
1829 1081 2039 1127 animum
2059 1081 2121 1127 ad
2143 1080 2264 1128 alias
2284 1084 2412 1137 artes
2431 1079 2654 1137 deflexit.-

441 1145 610 1193 eoelare
630 1152 677 1192 et
711 1146 908 1207 pingere
929 1144 1107 1209 coepit,
1126 1149 1172 1193 et
1195 1145 1382 1194 musicoe
1396 1146 1471 1193 vel
1485 1145 1779 1206 aurigatione·
1796 1143 2079 1207 incumbere,
2100 1149 2146 1193 et
2167 1145 2402 1194 interdum
2413 1144 2655 1205 faciendis

1374 1255 1520 1275 “O“
1523 1255 1668 1275 “O“
1675 1255 1731 1274 ‘O

442 1338 754 1389 Brotier.—4
795 1341 900 1391 Ms.
938 1341 1078 1390 Flor.
1115 1345 1169 1390 et
1202 1340 1363 1390 editio
1386 1352 1647 1403 princeps,
1667 1339 2020 1389 «insererentur
2089 1339 2412 1389 Puteolanus
2453 1346 2508 1389 et
2546 1339 2653 1403 alii,

350 1460 353 1463 Δ
439 1404 702 1454 dissereret.
706 1412 800 1454 -5
841 1407 1154 1455 Puteolanus
1174 1406 1360 1465 edidit,
1381 1406 1548 1454 caelare
1565 1408 1613 1452 et
1630 1404 1845 1467 pingere,
1862 1412 1916 1454 et
1933 1405 2005 1454 sic
2023 1403 2317 1455 Gronovius
2332 1413 2387 1455 et
2404 1405 2653 1470 Ryckius.

442 1470 695 1520 Ernestus
718 1474 955 1536 copulam
979 1472 1167 1535 omisit,
1190 1471 1291 1522 Ms.
1315 1471 1456 1520 Flor.
1482 1475 1537 1519 et
1560 1469 1839 1520 editionem
1859 1470 2146 1535 principem
2171 1477 2391 1522 secutus.

1432 1636 1647 1688 NOTAE

511 1750 570 1797 C.
593 1750 799 1799 Coesaris
819 1751 1011 1802 turbata
1029 1752 1179 1816 mens]
1227 1755 1369 1804 Suet.
1394 1754 1505 1803 Cal.

438 1830 522 1878 53.
574 1827 589 1853 ‘
615 1828 660 1876 E
698 1828 983 1893 disciplinis
1021 1831 1320 1881 liberalibus
1360 1832 1506 1882 mini-

441 1918 579 1953 mum
604 1905 902 1970 eruditioni,
924 1913 980 1958 ct
998 1909 1307 1973 eloquentiae
1348 1911 1505 1974 pluri-

438 1990 581 2032 mum
616 1983 859 2043 attendit,
891 1986 1216 2049 quantumvis
1251 1984 1504 2037 facundus

440 2065 496 2108 et
535 2066 804 2123 promtus:
851 2062 1035 2126 utique
1075 2064 1118 2112 si
1159 2065 1503 2128 perorandum

436 2133 493 2183 iu
528 2136 771 2202 aliquem.
795 2145 950 2202 esset,
985 2140 1121 2190 irato
1163 2149 1217 2192 et
1253 2143 1506 2195 verba‘et

434 2215 713 2264 sententiae
734 2217 1114 2281 suppetebant:
1148 2222 1504 2284 pronuntiatio

440 2306 646 2356 quoque
671 2301 726 2343 et
749 2309 867 2359 vox,
905 2303 965 2346 ut
997 2311 1165 2363 neque
1195 2300 1377 2350 eodem
1398 2301 1504 2351 loci

436 2382 549 2432 prae
574 2371 758 2421 ardore
781 2373 1121 2440 consisteret,·
1145 2383 1202 2426 et
1232 2377 1504 2437 exaudire}

438 2454 526 2496 tur
551 2463 581 2497 a
604 2449 785 2512 procul
799 2451 1073 2502 stantibus.
1139 2445 1504 2521 Peror'aturus,

435 2524 735 2575 stricturum
755 2542 809 2577 se
831 2529 1201 2582 lucubrationis
1217 2549 1323 2583 suoe
1342 2535 1502 2584 telum

435 2602 730 2654 minabatur
752 2621 764 2655 ε
788 2607 987 2657 deuius.
1015 2610 1336 2677 comtiusque
1374 2612 1502 2662 scri·

436 2677 593 2729 bendi
617 2682 778 2746 genus
803 2684 934 2733 adeo
956 2691 1314 2751 contemnem,
1337 2695 1396 2739 ut
1413 2689 1503 2739 Se·

435 2769 617 2805 necam
644 2764 751 2807 tum
778 2763 1000 2812 maxime
1035 2764 1346 2829 placentem,
1368 2780 1502 2815 com-

434 2833 703 2905 missiones
738 2852 906 2888 meras
939 2856 1274 2907 componere,
1299 2849 1355 2892 et
1389 2858 1501 2892 are·

430 2923 556 2959 nam
578 2926 690 2962 esse
715 2914 823 2963 sine
846 2918 1008 2981 calce,
1030 2919 1250 2968 diceret.
1290 2920 1505 2970 Solebat

435 2988 590 3037 etiam
626 2994 884 3056 prosperis
918 3003 1179 3047 oratorum
1214 2998 1500 3048 actionibus

437 3065 745 3130 rescribere,
783 3076 838 3119 et
880 3086 1181 3136 magnorum
1221 3074 1273 3122 in
1318 3083 1503 3125 senatu

395 3184 401 3189 .
432 3153 603 3193 rerum
659 3148 1013 3199 accusationes
1067 3149 1503 3219 defensionesque

432 3221 709 3273 meditari:
755 3241 815 3274 ac
855 3233 1013 3290 prout
1050 3230 1216 3293 stylus
1255 3238 1504 3296 cesserat,

431 3299 516 3349 vel
556 3316 773 3352 onerare
811 3304 1070 3355 sententia
1103 3320 1195 3355 sua
1226 3322 1503 3372 quemque,

433 3377 518 3426 vel
532 3393 589 3428 su
597 3379 801 3430 blevare
817 3398 830 3442 ;
855 3383 1083 3446 equestri
1095 3398 1301 3448 quoque
1318 3384 1499 3435 ordine

433 3455 497 3505 ad
524 3458 838 3509 audiendum
862 3461 1081 3516 invitato
1103 3475 1200 3526 per
1221 3461 1434 3511 edicta.'
1482 3475 1487 3478 ·

444 3545 453 3556 ‘
496 3534 704 3584 Turbata
737 3535 889 3598 mens]
943 3537 1093 3586 Licet
1129 3538 1284 3587 Caius
1323 3544 1498 3589 mente

429 3618 605 3660 emota
648 3620 703 3662 et
739 3613 950 3663 turbata
988 3621 1144 3676 esset,
1184 3620 1358 3665 tamen
1393 3616 1500 3666 elo·-

432 3689 695 3751 quentiam
729 3680 952 3753 paravit,
977 3704 1073 3741 nec
1106 3691 1318 3741 turbata
1352 3707 1498 3743 mens

429 3765 776 3829 eloquentiam
810 3766 947 3816 illius
978 3768 1185 3818 omnino
1224 3772 1495 3833 perturba-

428 3843 520 3891 vit.

494 3919 723 3969 Furebat
746 3920 884 3970 haud
917 3921 1074 3974 dubie
1110 3924 1161 3972 in
1183 3940 1419 3976 sermone
1441 3934 1497 3978 et

430 3997 683 4060 oratioue,
709 4005 768 4046 ut
804 3999 856 4046 in
897 3999 1007 4048 aliis
1042 4002 1230 4064 rebus;
1266 4012 1494 4054 attamen

427 4073 502 4122 sic
547 4073 704 4122 etiam
746 4075 1089 4140 eloquentiam
1143 4080 1341 4144 babuit,
1397 4097 1493 4131 nec

431 4150 601 4199 alieno
624 4150 829 4213 ingenio
853 4153 1056 4216 egebat.
1128 4158 1177 4206 T
1171 4158 1341 4207 arbuta
1369 4175 1500 4208 mens

425 4230 566 4280 illius
589 4227 691 4280 fuit
714 4247 809 4294 per
832 4235 1177 4287 valetudinem
1211 4239 1498 4303 improspe-

428 4320 540 4358 ram
576 4312 631 4357 et
652 4307 966 4377 instabilem,
991 4313 1129 4379 quod
1152 4319 1209 4364 et
1241 4314 1354 4382 ipse
1390 4316 1499 4374 ani·

1587 1752 1959 1803 madverterat.
2025 1753 2161 1803 Vide
2177 1753 2497 1803 Suetonium.

1648 1837 1681 1861 w
1719 1831 1821 1879 Nec
1843 1831 1894 1880 in
1917 1831 2138 1897 Claudio]
2179 1832 2284 1884 Qui
2322 1845 2492 1896 neque
2527 1828 2657 1879 infa-

1584 1904 1784 1956 cundus
1823 1905 1943 1969 fnit,
1986 1915 2120 1959 teste
2158 1909 2303 1958 Suet.
2344 1908 2530 1958 Claud.
2567 1913 2658 1958 40.

1583 1986 1599 2012 ‘
1626 1985 1896 2051 Multaque
1920 1985 2043 2035 talia
2066 1987 2224 2036 etiam
2248 1986 2462 2050 privatis
2480 1984 2656 2035 defor-

1582 2061 1702 2121 mia,
1731 2062 1922 2112 nedum
1946 2062 2191 2128 principi,
2213 2077 2381 2127 neque
2415 2061 2656 2112 infacun-

1584 2140 1652 2189 do
1673 2155 1840 2204 neque
1863 2139 2089 2204 indocto,
2124 2141 2279 2189 immo
2316 2140 2473 2190 etiam
2495 2139 2659 2205 perti·

1584 2216 1787 2267 naciter
1809 2215 2106 2266 liberalibus
2124 2215 2309 2266 studiis
2334 2215 2549 2266 dedito.'
2582 2217 2655 2266 Et

1585 2308 1633 2342 c.
1668 2300 1718 2342 5.
1753 2293 2020 2360 Augustus
2060 2293 2173 2357 ipse
2212 2293 2279 2342 de
2318 2292 2537 2343 Claudio
2578 2292 2652 2343 sic

1584 2371 1769 2421 scribit
1800 2371 1866 2421 ad
1908 2385 2050 2421 suam
2085 2370 2310 2420 Liviam:
2353 2369 2653 2420 ‘Tiberium

1581 2457 1827 2516 nepotem
1871 2456 2017 2501 tuum
2058 2451 2270 2515 placere
2314 2448 2437 2500 mihi
2482 2449 2658 2500 declaa·

1581 2535 1809 2578 mantem
1830 2528 2084 2592 potuisse,
2118 2542 2348 2591 peream,
2382 2526 2499 2588 nisi,
2533 2541 2654 2579 mea

1583 2604 1752 2668 Livia,
1770 2604 2014 2656 admiror.
2065 2606 2201 2655 Nam
2226 2604 2314 2670 qui
2338 2611 2444 2653 tam
2461 2603 2656 2667 ἀσαφῶς

1581 2683 1844 2749 loquatur,
1878 2682 2186 2748 quipossit,
2227 2698 2346 2732 cnm
2376 2682 2655 2748 declamat,

1583 2766 1746 2826 σαφῶς
1787 2763 1960 2812 dicere
1986 2776 2102 2827 quae
2134 2759 2358 2811 dicenda
2388 2767 2528 2825 suut,
2547 2767 2653 2812 non

1581 2840 1771 2890 video!
2569 2865 2574 2870 -
2645 2855 2652 2862 ·

1587 2947 1598 2957 ·
1635 2925 1662 2950 ¹
1699 2915 2026 2979 Elegantiam]
2062 2914 2235 2965 Etiam
2271 2915 2430 2967 libros
2452 2917 2519 2967 de
2542 2918 2654 2966 vita

1581 3010 1674 3044 sua
1727 2998 2106 3056 composuerat,
2166 2993 2182 3020 ‘
2223 2993 2406 3057 magis*
2450 2994 2652 3057 inepte,

1583 3088 1735 3139 quam
1757 3072 2119 3137 ineleganter,'
2157 3079 2293 3124 teste
2315 3074 2575 3123 Suetonio.
2641 3097 2648 3112 ·-

1599 3191 1603 3194 .
1646 3159 1671 3195 5
1705 3152 1903 3214 caelare,
1921 3150 2139 3215 pingere]
2173 3153 2305 3204 Quae
2348 3158 2485 3202 artes
2508 3151 2652 3214 inep-

1585 3231 1654 3277 tae
1690 3233 1747 3277 et
1769 3226 2028 3277 deformes
2051 3228 2103 3275 iu
2127 3227 2445 3277 dominante.

1649 3312 1669 3338 ¹
1721 3305 1824 3355 Aut
1878 3305 2089 3368 regimen
2142 3320 2386 3369 equorum.
2415 3304 2655 3367 exercere]

1581 3383 1726 3432 Suet.
1748 3382 1879 3432 Ner.
1902 3386 1984 3433 22.
2018 3383 2034 3410 ‘
2056 3383 2320 3446 Equorum
2359 3381 2527 3430 studio
2566 3381 2653 3431 vel

1579 3460 1846 3523 praecipue
1870 3460 1934 3509 ab
1971 3459 2182 3508 ineunte
2205 3465 2361 3508 aetate
2390 3456 2655 3522 flagravit,

1581 3538 1934 3602 plurimusque
1992 3536 2069 3585 illi
2122 3550 2311 3596 sermo,
2361 3549 2651 3600 quanquam

1582 3620 1863 3676 vetaretur,
1880 3620 1937 3662 et
1953 3611 2019 3661 de
2044 3612 2374 3662 Circensibus
2398 3619 2529 3661 erat.
2561 3613 2655 3662 ‘Et

1580 3690 1836 3756 quondam
1863 3696 2086 3739 tractum
2122 3689 2390 3738 Pmsiuum
2429 3690 2654 3753 agitato-

1580 3782 1687 3818 rem
1717 3768 1855 3818 inter
1884 3765 2265 3828 condiscipulos
2296 3779 2538 3829 querens,
2560 3766 2653 3822 ob-

1568 3847 1817 3910 jurgante
1849 3844 2116 3909 magistro,
2147 3843 2215 3892 de
2239 3844 2471 3894 Hectore
2498 3860 2553 3896 se
2569 3847 2653 3895 ·-lo

1576 3924 1666 3988 qui
1689 3921 1969 3973 ementitus
1994 3926 2090 3970 est.
2093 3919 2110 3944 '

1642 4001 1876 4066 Regimen
1918 3999 2160 4063 equor-iun]
2208 4000 2294 4049 Ita
2337 4005 2398 4048 ut
2441 4007 2652 4064 regeret

1580 4079 1740 4128 etiam
1794 4091 1952 4142 equas
1990 4070 2455 4140 hermaphroditas,
2508 4078 2652 4141 quasi

1581 4163 1640 4205 ut
1681 4162 1966 4204 monstrum
2011 4154 2252 4204 monstris
2296 4155 2651 4206 inveheretur.

1581 4233 1667 4282 Sic
1699 4231 1840 4281 Ptin.
1878 4245 1939 4281 11.
1972 4235 2056 4281 49.
2087 4231 2103 4258 ‘
2132 4231 2345 4293 Contra,
2377 4233 2650 4283 mulierum

1581 4308 1761 4374 paucis
1794 4307 2093 4375 prodigiosa
2125 4307 2460 4360 assimilatio:
2513 4309 2653 4362 sicut
