<?xml version="1.0" encoding="UTF-8"?>
<!DOCTYPE html PUBLIC "-//W3C//DTD XHTML 1.0 Transitional//EN"
    "http://www.w3.org/TR/xhtml1/DTD/xhtml1-transitional.dtd">
<html xmlns="http://www.w3.org/1999/xhtml" xml:lang="en" lang="en">
 <head>
  <title>
</title>
<meta http-equiv="Content-Type" content="text/html;charset=utf-8" />
  <meta name='ocr-system' content='tesseract 3.04.00' />
  <meta name='ocr-capabilities' content='ocr_page ocr_carea ocr_par ocr_line ocrx_word'/>
</head>
<body>
  <div class='ocr_page' id='page_1' title='image "./operaomniavolum00tacigoog/operaomniavolum00tacigoog_0029.png"; bbox 0 0 3063 4952; ppageno 0'>
   <div class='ocr_carea' id='block_1_1' title="bbox 332 414 612 484">
    <p class='ocr_par' dir='ltr' id='par_1_1' title="bbox 332 414 612 484">
     <span class='ocr_line' id='line_1_1' title="bbox 332 414 612 484; baseline -0.018 -9"><span class='ocrx_word' id='word_1_1' title='bbox 332 420 387 475; x_wconf 78' lang='lat' dir='ltr'><strong>J.</strong></span> <span class='ocrx_word' id='word_1_2' title='bbox 412 420 474 472; x_wconf 84' lang='lat' dir='ltr'><strong>e.</strong></span> <span class='ocrx_word' id='word_1_3' title='bbox 498 414 612 484; x_wconf 67' lang='lat'><strong>55]</strong></span> 
     </span>
    </p>
   </div>
   <div class='ocr_carea' id='block_1_2' title="bbox 1037 414 1870 465">
    <p class='ocr_par' dir='ltr' id='par_1_2' title="bbox 1037 414 1870 465">
     <span class='ocr_line' id='line_1_2' title="bbox 1037 414 1870 465; baseline 0.002 -2"><span class='ocrx_word' id='word_1_4' title='bbox 1037 414 1448 465; x_wconf 76' lang='lat' dir='ltr'>ANNALIUM</span> <span class='ocrx_word' id='word_1_5' title='bbox 1499 416 1647 465; x_wconf 78' lang='lat' dir='ltr'><strong>Lm.</strong></span> <span class='ocrx_word' id='word_1_6' title='bbox 1695 417 1870 465; x_wconf 82' lang='lat' dir='ltr'><strong>xm.</strong></span> 
     </span>
    </p>
   </div>
   <div class='ocr_carea' id='block_1_3' title="bbox 2381 399 2555 466">
    <p class='ocr_par' dir='ltr' id='par_1_3' title="bbox 2381 399 2555 466">
     <span class='ocr_line' id='line_1_3' title="bbox 2381 399 2555 466; baseline 0.011 -2"><span class='ocrx_word' id='word_1_7' title='bbox 2381 399 2555 466; x_wconf 77' lang='lat'>1403</span> 
     </span>
    </p>
   </div>
   <div class='ocr_carea' id='block_1_4' title="bbox 338 558 2554 646">
    <p class='ocr_par' dir='ltr' id='par_1_4' title="bbox 338 558 2554 646">
     <span class='ocr_line' id='line_1_4' title="bbox 338 558 2554 646; baseline 0.001 -20"><span class='ocrx_word' id='word_1_8' title='bbox 338 559 746 628; x_wconf 76' lang='lat' dir='ltr'><strong>carminibus</strong></span> <span class='ocrx_word' id='word_1_9' title='bbox 784 558 1206 646; x_wconf 54' lang='lat' dir='ltr'><strong>pangendis}</strong></span> <span class='ocrx_word' id='word_1_10' title='bbox 1247 561 1466 625; x_wconf 85' lang='lat' dir='ltr'><strong>inesse</strong></span> <span class='ocrx_word' id='word_1_11' title='bbox 1507 561 1643 625; x_wconf 89' lang='lat' dir='ltr'><strong>sibi</strong></span> <span class='ocrx_word' id='word_1_12' title='bbox 1688 561 2009 627; x_wconf 88' lang='lat' dir='ltr'><strong>elementa</strong></span> <span class='ocrx_word' id='word_1_13' title='bbox 2053 561 2399 629; x_wconf 71' lang='lat' dir='ltr'><strong>doctrinaeb</strong></span> <span class='ocrx_word' id='word_1_14' title='bbox 2445 582 2554 629; x_wconf 89' lang='lat' dir='ltr'><strong>os-</strong></span> 
     </span>
    </p>
   </div>
   <div class='ocr_carea' id='block_1_5' title="bbox 337 666 673 732">
    <p class='ocr_par' dir='ltr' id='par_1_5' title="bbox 337 666 673 732">
     <span class='ocr_line' id='line_1_5' title="bbox 337 666 673 732; baseline 0 -1"><span class='ocrx_word' id='word_1_15' title='bbox 337 666 490 731; x_wconf 86' lang='lat' dir='ltr'><strong>tend</strong></span> <span class='ocrx_word' id='word_1_16' title='bbox 497 667 673 732; x_wconf 85' lang='lat' dir='ltr'><strong>ebat.</strong></span> 
     </span>
    </p>
   </div>
   <div class='ocr_carea' id='block_1_6' title="bbox 374 768 2554 854">
    <p class='ocr_par' dir='ltr' id='par_1_6' title="bbox 374 768 2554 854">
     <span class='ocr_line' id='line_1_6' title="bbox 374 768 2554 854; baseline 0.001 -19"><span class='ocrx_word' id='word_1_17' title='bbox 374 788 379 791; x_wconf 71' lang='grc'>’</span> <span class='ocrx_word' id='word_1_18' title='bbox 425 773 493 836; x_wconf 90' lang='grc'><strong>4.</strong></span> <span class='ocrx_word' id='word_1_19' title='bbox 560 768 890 849; x_wconf 83' lang='lat' dir='ltr'><strong>Ceterum,</strong></span> <span class='ocrx_word' id='word_1_20' title='bbox 951 770 1240 854; x_wconf 83' lang='lat' dir='ltr'><strong>peractis</strong></span> <span class='ocrx_word' id='word_1_21' title='bbox 1286 769 1575 833; x_wconf 77' lang='lat' dir='ltr'><strong>tristitiae</strong></span> <span class='ocrx_word' id='word_1_22' title='bbox 1623 769 2106 847; x_wconf 74' lang='lat' dir='ltr'><strong>imitamentiS,⁰</strong></span> <span class='ocrx_word' id='word_1_23' title='bbox 2152 771 2405 836; x_wconf 87' lang='lat' dir='ltr'><strong>curiam</strong></span> <span class='ocrx_word' id='word_1_24' title='bbox 2456 773 2554 837; x_wconf 92' lang='lat' dir='ltr'><strong>in-</strong></span> 
     </span>
    </p>
   </div>
   <div class='ocr_carea' id='block_1_7' title="bbox 342 920 2554 1054">
    <p class='ocr_par' dir='ltr' id='par_1_7' title="bbox 342 920 2554 1054">
     <span class='ocr_line' id='line_1_7' title="bbox 342 920 1939 988; baseline -0.002 -14"><span class='ocrx_word' id='word_1_25' title='bbox 342 923 566 985; x_wconf 67' lang='lat' dir='ltr'><strong>versibus,</strong></span> <span class='ocrx_word' id='word_1_26' title='bbox 587 923 756 972; x_wconf 80' lang='lat' dir='ltr'><strong>habere</strong></span> <span class='ocrx_word' id='word_1_27' title='bbox 777 939 827 973; x_wconf 77' lang='lat' dir='ltr'><strong>se</strong></span> <span class='ocrx_word' id='word_1_28' title='bbox 845 923 1083 988; x_wconf 74' lang='lat' dir='ltr'><strong>principia</strong></span> <span class='ocrx_word' id='word_1_29' title='bbox 1104 924 1316 987; x_wconf 71' lang='lat' dir='ltr'><strong>quadam</strong></span> <span class='ocrx_word' id='word_1_30' title='bbox 1337 922 1551 971; x_wconf 79' lang='lat' dir='ltr'><strong>scientiae</strong></span> <span class='ocrx_word' id='word_1_31' title='bbox 1570 920 1939 971; x_wconf 76' lang='lat' dir='ltr'><strong>demonstrabat.</strong></span> 
     </span>
     <span class='ocr_line' id='line_1_8' title="bbox 405 987 2554 1054; baseline -0 -14"><span class='ocrx_word' id='word_1_32' title='bbox 405 992 477 1040; x_wconf 75' lang='lat' dir='ltr'><strong>At</strong></span> <span class='ocrx_word' id='word_1_33' title='bbox 494 989 722 1054; x_wconf 77' lang='lat' dir='ltr'><strong>perfectis</strong></span> <span class='ocrx_word' id='word_1_34' title='bbox 743 989 808 1039; x_wconf 89' lang='lat' dir='ltr'><strong>de</strong></span> <span class='ocrx_word' id='word_1_35' title='bbox 832 1004 976 1039; x_wconf 90' lang='lat' dir='ltr'><strong>more</strong></span> <span class='ocrx_word' id='word_1_36' title='bbox 998 990 1297 1053; x_wconf 74' lang='lat' dir='ltr'><strong><em>exequiarum</em></strong></span> <span class='ocrx_word' id='word_1_37' title='bbox 1318 987 1619 1052; x_wconf 64' lang='lat' dir='ltr'><strong>caerimoniis,</strong></span> <span class='ocrx_word' id='word_1_38' title='bbox 1641 987 1783 1037; x_wconf 90' lang='lat' dir='ltr'><strong>Nero</strong></span> <span class='ocrx_word' id='word_1_39' title='bbox 1821 991 2032 1036; x_wconf 79' lang='lat' dir='ltr'><strong>senatum</strong></span> <span class='ocrx_word' id='word_1_40' title='bbox 2065 987 2322 1052; x_wconf 75' lang='lat' dir='ltr'><strong>ingressas,</strong></span> <span class='ocrx_word' id='word_1_41' title='bbox 2343 1004 2554 1040; x_wconf 73' lang='lat' dir='ltr'><strong>exorsus·</strong></span> 
     </span>
    </p>
   </div>
   <div class='ocr_carea' id='block_1_8' title="bbox 1339 1118 1564 1170">
    <p class='ocr_par' dir='ltr' id='par_1_8' title="bbox 1339 1118 1564 1170">
     <span class='ocr_line' id='line_1_9' title="bbox 1339 1118 1564 1170; baseline -0.009 0"><span class='ocrx_word' id='word_1_42' title='bbox 1339 1118 1564 1170; x_wconf 80' lang='lat' dir='ltr'>NOTAE</span> 
     </span>
    </p>
   </div>
   <div class='ocr_carea' id='block_1_9' title="bbox 342 1208 2557 1301">
    <p class='ocr_par' dir='ltr' id='par_1_9' title="bbox 342 1208 2557 1301">
     <span class='ocr_line' id='line_1_10' title="bbox 342 1208 2557 1301; baseline 0 -17"><span class='ocrx_word' id='word_1_43' title='bbox 342 1208 773 1301; x_wconf 76' lang='lat' dir='ltr'><strong>hermaphroditis</strong></span> <span class='ocrx_word' id='word_1_44' title='bbox 855 1235 1125 1301; x_wconf 88' lang='lat' dir='ltr'><strong>utriusque</strong></span> <span class='ocrx_word' id='word_1_45' title='bbox 1213 1250 1403 1286; x_wconf 83' lang='lat' dir='ltr'><strong>sexus:</strong></span> <span class='ocrx_word' id='word_1_46' title='bbox 1489 1236 1706 1285; x_wconf 90' lang='lat' dir='ltr'><strong>moriam</strong></span> <span class='ocrx_word' id='word_1_47' title='bbox 1748 1234 1955 1285; x_wconf 77' lang='lat' dir='ltr'><strong>virtutis</strong></span> <span class='ocrx_word' id='word_1_48' title='bbox 1999 1231 2243 1298; x_wconf 87' lang='lat' dir='ltr'><strong>carmina,</strong></span> <span class='ocrx_word' id='word_1_49' title='bbox 2284 1240 2339 1284; x_wconf 91' lang='lat' dir='ltr'><strong>et</strong></span> <span class='ocrx_word' id='word_1_50' title='bbox 2380 1234 2557 1284; x_wconf 82' lang='lat' dir='ltr'><strong>lauda-</strong></span> 
     </span>
    </p>
   </div>
   <div class='ocr_carea' id='block_1_10' title="bbox 346 1314 1408 1382">
    <p class='ocr_par' dir='ltr' id='par_1_10' title="bbox 346 1314 1408 1382">
     <span class='ocr_line' id='line_1_11' title="bbox 346 1314 1408 1382; baseline -0.003 -17"><span class='ocrx_word' id='word_1_51' title='bbox 346 1316 481 1378; x_wconf 87' lang='lat' dir='ltr'><strong>quod</strong></span> <span class='ocrx_word' id='word_1_52' title='bbox 517 1315 675 1365; x_wconf 88' lang='lat' dir='ltr'><strong>etiam</strong></span> <span class='ocrx_word' id='word_1_53' title='bbox 698 1314 1086 1382; x_wconf 79' lang='lat' dir='ltr'><strong>quadrupedum</strong></span> <span class='ocrx_word' id='word_1_54' title='bbox 1119 1314 1297 1379; x_wconf 81' lang='lat' dir='ltr'><strong>generi</strong></span> <span class='ocrx_word' id='word_1_55' title='bbox 1327 1329 1408 1363; x_wconf 90' lang='lat' dir='ltr'><strong>ac-</strong></span> 
     </span>
    </p>
   </div>
   <div class='ocr_carea' id='block_1_11' title="bbox 1489 1311 2559 1378">
    <p class='ocr_par' dir='ltr' id='par_1_11' title="bbox 1489 1311 2559 1378">
     <span class='ocr_line' id='line_1_12' title="bbox 1489 1311 2559 1378; baseline 0 -16"><span class='ocrx_word' id='word_1_56' title='bbox 1489 1314 1654 1362; x_wconf 82' lang='lat' dir='ltr'><strong>tiones</strong></span> <span class='ocrx_word' id='word_1_57' title='bbox 1678 1320 1733 1363; x_wconf 90' lang='lat' dir='ltr'><strong>et</strong></span> <span class='ocrx_word' id='word_1_58' title='bbox 1755 1313 2031 1378; x_wconf 79' lang='lat' dir='ltr'><strong>lacrymas,</strong></span> <span class='ocrx_word' id='word_1_59' title='bbox 2051 1312 2131 1361; x_wconf 86' lang='lat' dir='ltr'><strong>vel</strong></span> <span class='ocrx_word' id='word_1_60' title='bbox 2164 1311 2357 1361; x_wconf 90' lang='lat' dir='ltr'><strong>doloris</strong></span> <span class='ocrx_word' id='word_1_61' title='bbox 2393 1312 2559 1363; x_wconf 89' lang='lat' dir='ltr'><strong>imita-</strong></span> 
     </span>
    </p>
   </div>
   <div class='ocr_carea' id='block_1_12' title="bbox 343 1390 1702 1457">
    <p class='ocr_par' dir='ltr' id='par_1_12' title="bbox 343 1390 1702 1457">
     <span class='ocr_line' id='line_1_13' title="bbox 343 1390 1702 1457; baseline -0.001 -16"><span class='ocrx_word' id='word_1_62' title='bbox 343 1392 554 1456; x_wconf 88' lang='lat' dir='ltr'><strong>cidisse,</strong></span> <span class='ocrx_word' id='word_1_63' title='bbox 590 1393 815 1442; x_wconf 88' lang='lat' dir='ltr'><strong>Neronis</strong></span> <span class='ocrx_word' id='word_1_64' title='bbox 853 1392 1151 1457; x_wconf 84' lang='lat' dir='ltr'><strong>principatu</strong></span> <span class='ocrx_word' id='word_1_65' title='bbox 1189 1391 1411 1456; x_wconf 90' lang='lat' dir='ltr'><strong>primum</strong></span> <span class='ocrx_word' id='word_1_66' title='bbox 1489 1390 1702 1440; x_wconf 65' lang='lat' dir='ltr'><strong>menta!</strong></span> 
     </span>
    </p>
   </div>
   <div class='ocr_carea' id='block_1_13' title="bbox 286 1467 1423 4019">
    <p class='ocr_par' dir='ltr' id='par_1_13' title="bbox 342 1467 1413 1905">
     <span class='ocr_line' id='line_1_14' title="bbox 344 1467 1409 1519; baseline -0.002 -1"><span class='ocrx_word' id='word_1_67' title='bbox 344 1469 585 1519; x_wconf 87' lang='lat' dir='ltr'><strong>arbitror.</strong></span> <span class='ocrx_word' id='word_1_68' title='bbox 670 1468 989 1519; x_wconf 80' lang='lat' dir='ltr'><strong>ostentabat</strong></span> <span class='ocrx_word' id='word_1_69' title='bbox 1025 1475 1169 1517; x_wconf 85' lang='lat' dir='ltr'><strong>certe</strong></span> <span class='ocrx_word' id='word_1_70' title='bbox 1212 1467 1409 1517; x_wconf 82' lang='lat' dir='ltr'><strong>berma-</strong></span> 
     </span>
     <span class='ocr_line' id='line_1_15' title="bbox 342 1546 1410 1611; baseline 0.001 -16"><span class='ocrx_word' id='word_1_71' title='bbox 342 1546 615 1610; x_wconf 89' lang='lat' dir='ltr'><strong>phroditas</strong></span> <span class='ocrx_word' id='word_1_72' title='bbox 674 1546 971 1611; x_wconf 88' lang='lat' dir='ltr'><strong>subjunctas</strong></span> <span class='ocrx_word' id='word_1_73' title='bbox 1014 1553 1270 1610; x_wconf 87' lang='lat' dir='ltr'><strong>carpento</strong></span> <span class='ocrx_word' id='word_1_74' title='bbox 1317 1561 1410 1596; x_wconf 89' lang='lat' dir='ltr'><strong>suo</strong></span> 
     </span>
     <span class='ocr_line' id='line_1_16' title="bbox 346 1624 1409 1690; baseline 0 -16"><span class='ocrx_word' id='word_1_75' title='bbox 346 1639 527 1690; x_wconf 87' lang='lat' dir='ltr'><strong>equas,</strong></span> <span class='ocrx_word' id='word_1_76' title='bbox 552 1625 603 1674; x_wconf 90' lang='lat' dir='ltr'><strong>in</strong></span> <span class='ocrx_word' id='word_1_77' title='bbox 624 1625 907 1676; x_wconf 84' lang='lat' dir='ltr'><strong>Treverico</strong></span> <span class='ocrx_word' id='word_1_78' title='bbox 940 1624 1128 1675; x_wconf 57' lang='lat' dir='ltr'><strong>Galliae</strong></span> <span class='ocrx_word' id='word_1_79' title='bbox 1167 1638 1290 1689; x_wconf 87' lang='lat' dir='ltr'><strong>agro</strong></span> <span class='ocrx_word' id='word_1_80' title='bbox 1331 1639 1409 1674; x_wconf 91' lang='lat' dir='ltr'><strong>re·</strong></span> 
     </span>
     <span class='ocr_line' id='line_1_17' title="bbox 342 1700 1413 1766; baseline 0.002 -17"><span class='ocrx_word' id='word_1_81' title='bbox 342 1709 546 1764; x_wconf 81' lang='lat' dir='ltr'><strong>pertas:</strong></span> <span class='ocrx_word' id='word_1_82' title='bbox 585 1716 674 1750; x_wconf 90' lang='lat' dir='ltr'><strong>seu</strong></span> <span class='ocrx_word' id='word_1_83' title='bbox 709 1701 860 1765; x_wconf 85' lang='lat' dir='ltr'><strong>plane</strong></span> <span class='ocrx_word' id='word_1_84' title='bbox 896 1700 1111 1750; x_wconf 89' lang='lat' dir='ltr'><strong>visenda</strong></span> <span class='ocrx_word' id='word_1_85' title='bbox 1145 1715 1228 1751; x_wconf 88' lang='lat' dir='ltr'><strong>res</strong></span> <span class='ocrx_word' id='word_1_86' title='bbox 1257 1708 1413 1766; x_wconf 91' lang='lat' dir='ltr'><strong>esset,</strong></span> 
     </span>
     <span class='ocr_line' id='line_1_18' title="bbox 345 1777 1412 1843; baseline 0.002 -17"><span class='ocrx_word' id='word_1_87' title='bbox 345 1777 634 1842; x_wconf 85' lang='lat' dir='ltr'><strong>principem</strong></span> <span class='ocrx_word' id='word_1_88' title='bbox 658 1784 912 1828; x_wconf 82' lang='lat' dir='ltr'><strong>terrarum</strong></span> <span class='ocrx_word' id='word_1_89' title='bbox 941 1777 1167 1828; x_wconf 89' lang='lat' dir='ltr'><strong>insidere</strong></span> <span class='ocrx_word' id='word_1_90' title='bbox 1204 1785 1412 1843; x_wconf 86' lang='lat' dir='ltr'><strong>porten-</strong></span> 
     </span>
     <span class='ocr_line' id='line_1_19' title="bbox 342 1850 449 1905; baseline 0.019 -2"><span class='ocrx_word' id='word_1_91' title='bbox 342 1850 449 1905; x_wconf 58' lang='lat' dir='ltr'><strong>&#39;tisss</strong></span> 
     </span>
    </p>

    <p class='ocr_par' dir='ltr' id='par_1_14' title="bbox 340 1933 1417 2702">
     <span class='ocr_line' id='line_1_20' title="bbox 406 1933 1409 1999; baseline 0 -17"><span class='ocrx_word' id='word_1_92' title='bbox 406 1940 429 1966; x_wconf 77' lang='lat'>⁸</span> <span class='ocrx_word' id='word_1_93' title='bbox 465 1934 767 1984; x_wconf 76' lang='lat' dir='ltr'><strong>Carminibus</strong></span> <span class='ocrx_word' id='word_1_94' title='bbox 779 1933 1070 1999; x_wconf 72' lang='lat' dir='ltr'><strong>pangendis]</strong></span> <span class='ocrx_word' id='word_1_95' title='bbox 1111 1934 1257 1984; x_wconf 86' lang='lat' dir='ltr'><strong>Suet.</strong></span> <span class='ocrx_word' id='word_1_96' title='bbox 1281 1933 1409 1984; x_wconf 88' lang='lat' dir='ltr'><strong>Ner.</strong></span> 
     </span>
     <span class='ocr_line' id='line_1_21' title="bbox 344 2012 1413 2077; baseline 0.001 -17"><span class='ocrx_word' id='word_1_97' title='bbox 344 2015 425 2061; x_wconf 76' lang='lat'><strong>52.</strong></span> <span class='ocrx_word' id='word_1_98' title='bbox 458 2012 472 2038; x_wconf 88' lang='lat'>‘</span> <span class='ocrx_word' id='word_1_99' title='bbox 494 2012 684 2077; x_wconf 85' lang='lat' dir='ltr'><strong>Itaque</strong></span> <span class='ocrx_word' id='word_1_100' title='bbox 701 2012 766 2061; x_wconf 88' lang='lat' dir='ltr'><strong>ad</strong></span> <span class='ocrx_word' id='word_1_101' title='bbox 788 2012 1049 2076; x_wconf 63' lang='lat' dir='ltr'><strong>poeticam</strong></span> <span class='ocrx_word' id='word_1_102' title='bbox 1073 2027 1281 2077; x_wconf 87' lang='lat' dir='ltr'><strong>pronus,</strong></span> <span class='ocrx_word' id='word_1_103' title='bbox 1302 2026 1413 2062; x_wconf 90' lang='lat' dir='ltr'><strong>car-</strong></span> 
     </span>
     <span class='ocr_line' id='line_1_22' title="bbox 344 2088 1415 2154; baseline 0.001 -16"><span class='ocrx_word' id='word_1_104' title='bbox 344 2090 482 2139; x_wconf 87' lang='lat' dir='ltr'><strong>mina</strong></span> <span class='ocrx_word' id='word_1_105' title='bbox 502 2089 734 2141; x_wconf 84' lang='lat' dir='ltr'><strong>libenter</strong></span> <span class='ocrx_word' id='word_1_106' title='bbox 767 2106 831 2141; x_wconf 86' lang='lat' dir='ltr'><strong>ac</strong></span> <span class='ocrx_word' id='word_1_107' title='bbox 863 2090 974 2141; x_wconf 88' lang='lat' dir='ltr'><strong>sine</strong></span> <span class='ocrx_word' id='word_1_108' title='bbox 1006 2088 1185 2140; x_wconf 84' lang='lat' dir='ltr'><strong>labore</strong></span> <span class='ocrx_word' id='word_1_109' title='bbox 1208 2104 1415 2154; x_wconf 86' lang='lat' dir='ltr'><strong>compo-</strong></span> 
     </span>
     <span class='ocr_line' id='line_1_23' title="bbox 344 2167 1414 2234; baseline 0.001 -18"><span class='ocrx_word' id='word_1_110' title='bbox 344 2168 475 2218; x_wconf 86' lang='lat' dir='ltr'><strong>suit:</strong></span> <span class='ocrx_word' id='word_1_111' title='bbox 511 2183 634 2232; x_wconf 87' lang='lat' dir='ltr'><strong>nec,</strong></span> <span class='ocrx_word' id='word_1_112' title='bbox 674 2176 735 2219; x_wconf 89' lang='lat' dir='ltr'><strong>ut</strong></span> <span class='ocrx_word' id='word_1_113' title='bbox 773 2167 979 2234; x_wconf 89' lang='lat' dir='ltr'><strong>quidam</strong></span> <span class='ocrx_word' id='word_1_114' title='bbox 1009 2172 1214 2232; x_wconf 87' lang='lat' dir='ltr'><strong>putant,</strong></span> <span class='ocrx_word' id='word_1_115' title='bbox 1244 2168 1414 2217; x_wconf 89' lang='lat' dir='ltr'><strong>aliena</strong></span> 
     </span>
     <span class='ocr_line' id='line_1_24' title="bbox 342 2246 1413 2312; baseline -0.001 -16"><span class='ocrx_word' id='word_1_116' title='bbox 342 2262 439 2312; x_wconf 88' lang='lat' dir='ltr'><strong>pro</strong></span> <span class='ocrx_word' id='word_1_117' title='bbox 477 2247 584 2297; x_wconf 87' lang='lat' dir='ltr'><strong>suis</strong></span> <span class='ocrx_word' id='word_1_118' title='bbox 619 2247 822 2298; x_wconf 68' lang='lat' dir='ltr'><strong>edidit!</strong></span> <span class='ocrx_word' id='word_1_119' title='bbox 888 2249 959 2298; x_wconf 89' lang='lat' dir='ltr'><strong>Et</strong></span> <span class='ocrx_word' id='word_1_120' title='bbox 980 2262 1026 2299; x_wconf 89' lang='lat' dir='ltr'><strong>c.</strong></span> <span class='ocrx_word' id='word_1_121' title='bbox 1050 2251 1132 2297; x_wconf 86' lang='lat'><strong>10.</strong></span> <span class='ocrx_word' id='word_1_122' title='bbox 1166 2248 1182 2275; x_wconf 82' lang='lat'>⁸</span> <span class='ocrx_word' id='word_1_123' title='bbox 1206 2246 1413 2296; x_wconf 82' lang='lat' dir='ltr'><strong>Recita·</strong></span> 
     </span>
     <span class='ocr_line' id='line_1_25' title="bbox 343 2323 1413 2388; baseline 0.002 -17"><span class='ocrx_word' id='word_1_124' title='bbox 343 2323 417 2374; x_wconf 83' lang='lat' dir='ltr'><strong>vit</strong></span> <span class='ocrx_word' id='word_1_125' title='bbox 452 2329 507 2374; x_wconf 88' lang='lat' dir='ltr'><strong>et</strong></span> <span class='ocrx_word' id='word_1_126' title='bbox 542 2324 912 2388; x_wconf 86' lang='lat' dir='ltr'><strong>carmina,non</strong></span> <span class='ocrx_word' id='word_1_127' title='bbox 946 2324 1102 2374; x_wconf 89' lang='lat' dir='ltr'><strong>modo</strong></span> <span class='ocrx_word' id='word_1_128' title='bbox 1141 2323 1297 2384; x_wconf 87' lang='lat' dir='ltr'><strong>domi,</strong></span> <span class='ocrx_word' id='word_1_129' title='bbox 1319 2323 1413 2374; x_wconf 87' lang='lat' dir='ltr'><strong>sed</strong></span> 
     </span>
     <span class='ocr_line' id='line_1_26' title="bbox 341 2402 1410 2468; baseline 0 -17"><span class='ocrx_word' id='word_1_130' title='bbox 341 2403 394 2452; x_wconf 91' lang='lat' dir='ltr'><strong>in</strong></span> <span class='ocrx_word' id='word_1_131' title='bbox 420 2403 643 2468; x_wconf 88' lang='lat' dir='ltr'><strong>theatro,</strong></span> <span class='ocrx_word' id='word_1_132' title='bbox 665 2409 812 2453; x_wconf 85' lang='lat' dir='ltr'><strong>tanta</strong></span> <span class='ocrx_word' id='word_1_133' title='bbox 834 2403 1185 2453; x_wconf 82' lang='lat' dir='ltr'><strong>universorum</strong></span> <span class='ocrx_word' id='word_1_134' title='bbox 1203 2402 1410 2463; x_wconf 82' lang='lat' dir='ltr'><strong>laetitia,</strong></span> 
     </span>
     <span class='ocr_line' id='line_1_27' title="bbox 341 2481 1410 2546; baseline 0 -16"><span class='ocrx_word' id='word_1_135' title='bbox 341 2488 401 2531; x_wconf 90' lang='lat' dir='ltr'><strong>ut</strong></span> <span class='ocrx_word' id='word_1_136' title='bbox 422 2482 491 2532; x_wconf 89' lang='lat' dir='ltr'><strong>ob</strong></span> <span class='ocrx_word' id='word_1_137' title='bbox 515 2481 875 2532; x_wconf 80' lang='lat' dir='ltr'><strong>recitationem</strong></span> <span class='ocrx_word' id='word_1_138' title='bbox 895 2481 1210 2546; x_wconf 80' lang='lat' dir='ltr'><strong>supplicatio</strong></span> <span class='ocrx_word' id='word_1_139' title='bbox 1232 2482 1410 2530; x_wconf 88' lang='lat' dir='ltr'><strong>decre·</strong></span> 
     </span>
     <span class='ocr_line' id='line_1_28' title="bbox 343 2558 1417 2625; baseline -0.001 -17"><span class='ocrx_word' id='word_1_140' title='bbox 343 2565 399 2608; x_wconf 90' lang='lat' dir='ltr'><strong>ta</strong></span> <span class='ocrx_word' id='word_1_141' title='bbox 433 2559 519 2622; x_wconf 89' lang='lat' dir='ltr'><strong>sit,</strong></span> <span class='ocrx_word' id='word_1_142' title='bbox 553 2573 720 2625; x_wconf 89' lang='lat' dir='ltr'><strong>eaque</strong></span> <span class='ocrx_word' id='word_1_143' title='bbox 759 2574 881 2624; x_wconf 88' lang='lat' dir='ltr'><strong>pars</strong></span> <span class='ocrx_word' id='word_1_144' title='bbox 919 2559 1221 2623; x_wconf 85' lang='lat' dir='ltr'><strong>carminum,</strong></span> <span class='ocrx_word' id='word_1_145' title='bbox 1246 2558 1417 2609; x_wconf 80' lang='lat' dir='ltr'><strong>aureis</strong></span> 
     </span>
     <span class='ocr_line' id='line_1_29' title="bbox 340 2637 1326 2702; baseline 0 -16"><span class='ocrx_word' id='word_1_146' title='bbox 340 2637 532 2700; x_wconf 87' lang='lat' dir='ltr'><strong>literis,</strong></span> <span class='ocrx_word' id='word_1_147' title='bbox 551 2637 673 2688; x_wconf 86' lang='lat' dir='ltr'><strong>Jovi</strong></span> <span class='ocrx_word' id='word_1_148' title='bbox 698 2638 994 2702; x_wconf 87' lang='lat' dir='ltr'><strong>Capitolino</strong></span> <span class='ocrx_word' id='word_1_149' title='bbox 1018 2637 1195 2688; x_wconf 87' lang='lat' dir='ltr'><strong>dicata</strong></span> <span class='ocrx_word' id='word_1_150' title='bbox 1219 2637 1326 2688; x_wconf 86' lang='lat' dir='ltr'><strong>sit.&#39;</strong></span> 
     </span>
    </p>

    <p class='ocr_par' dir='ltr' id='par_1_15' title="bbox 343 2711 1420 3014">
     <span class='ocr_line' id='line_1_30' title="bbox 407 2711 1420 2779; baseline 0.003 -16"><span class='ocrx_word' id='word_1_151' title='bbox 407 2711 432 2746; x_wconf 65' lang='grc' dir='ltr'>ὓ</span> <span class='ocrx_word' id='word_1_152' title='bbox 449 2715 700 2763; x_wconf 78' lang='lat' dir='ltr'><strong>Elementa</strong></span> <span class='ocrx_word' id='word_1_153' title='bbox 721 2714 973 2779; x_wconf 71' lang='lat' dir='ltr'><strong>doctrine]</strong></span> <span class='ocrx_word' id='word_1_154' title='bbox 996 2715 1082 2764; x_wconf 88' lang='lat' dir='ltr'><strong>Ita</strong></span> <span class='ocrx_word' id='word_1_155' title='bbox 1100 2722 1158 2765; x_wconf 92' lang='lat' dir='ltr'><strong>ut</strong></span> <span class='ocrx_word' id='word_1_156' title='bbox 1175 2714 1420 2779; x_wconf 78' lang='lat' dir='ltr'><strong>tyrocinii</strong></span> 
     </span>
     <span class='ocr_line' id='line_1_31' title="bbox 343 2790 1418 2858; baseline 0.002 -18"><span class='ocrx_word' id='word_1_157' title='bbox 343 2790 647 2842; x_wconf 88' lang='lat' dir='ltr'><strong>rudimenta</strong></span> <span class='ocrx_word' id='word_1_158' title='bbox 669 2792 1020 2855; x_wconf 78' lang='lat' dir='ltr'><strong>deposuisset,</strong></span> <span class='ocrx_word' id='word_1_159' title='bbox 1051 2799 1291 2858; x_wconf 77' lang='lat' dir='ltr'><strong>essetque</strong></span> <span class='ocrx_word' id='word_1_160' title='bbox 1313 2807 1418 2842; x_wconf 90' lang='lat' dir='ltr'><strong>me-</strong></span> 
     </span>
     <span class='ocr_line' id='line_1_32' title="bbox 343 2868 1418 2921; baseline 0 -2"><span class='ocrx_word' id='word_1_161' title='bbox 343 2869 596 2920; x_wconf 89' lang='lat' dir='ltr'><strong>diocriter</strong></span> <span class='ocrx_word' id='word_1_162' title='bbox 618 2868 874 2920; x_wconf 89' lang='lat' dir='ltr'><strong>eruditus.</strong></span> <span class='ocrx_word' id='word_1_163' title='bbox 941 2869 1227 2920; x_wconf 85' lang='lat' dir='ltr'><strong>Martialis:</strong></span> <span class='ocrx_word' id='word_1_164' title='bbox 1262 2871 1277 2897; x_wconf 86' lang='lat'>‘</span> <span class='ocrx_word' id='word_1_165' title='bbox 1295 2872 1418 2921; x_wconf 84' lang='lat' dir='ltr'><strong>Car-</strong></span> 
     </span>
     <span class='ocr_line' id='line_1_33' title="bbox 345 2947 1373 3014; baseline 0.001 -17"><span class='ocrx_word' id='word_1_166' title='bbox 345 2949 487 2997; x_wconf 86' lang='lat' dir='ltr'><strong>mina</strong></span> <span class='ocrx_word' id='word_1_167' title='bbox 508 2948 599 3014; x_wconf 91' lang='lat' dir='ltr'><strong>qui</strong></span> <span class='ocrx_word' id='word_1_168' title='bbox 623 2947 766 2999; x_wconf 90' lang='lat' dir='ltr'><strong>docti</strong></span> <span class='ocrx_word' id='word_1_169' title='bbox 790 2956 917 2998; x_wconf 92' lang='lat' dir='ltr'><strong>nota</strong></span> <span class='ocrx_word' id='word_1_170' title='bbox 934 2948 1157 2999; x_wconf 87' lang='lat' dir='ltr'><strong>Neronis</strong></span> <span class='ocrx_word' id='word_1_171' title='bbox 1178 2948 1373 3000; x_wconf 61' lang='lat' dir='ltr'><strong>babet?</strong></span> 
     </span>
    </p>

    <p class='ocr_par' dir='ltr' id='par_1_16' title="bbox 286 3026 1423 3862">
     <span class='ocr_line' id='line_1_34' title="bbox 416 3026 1422 3093; baseline 0.002 -18"><span class='ocrx_word' id='word_1_172' title='bbox 416 3027 669 3076; x_wconf 76' lang='lat' dir='ltr'><strong>Elementa</strong></span> <span class='ocrx_word' id='word_1_173' title='bbox 709 3027 963 3090; x_wconf 71' lang='lat' dir='ltr'><strong>doctrine]</strong></span> <span class='ocrx_word' id='word_1_174' title='bbox 1032 3028 1237 3093; x_wconf 86' lang='lat' dir='ltr'><strong>Nempe</strong></span> <span class='ocrx_word' id='word_1_175' title='bbox 1294 3026 1422 3077; x_wconf 86' lang='lat' dir='ltr'><strong>artis</strong></span> 
     </span>
     <span class='ocr_line' id='line_1_35' title="bbox 348 3102 1420 3168; baseline 0.001 -15"><span class='ocrx_word' id='word_1_176' title='bbox 348 3103 596 3168; x_wconf 73' lang='lat' dir='ltr'><strong>poeticae‚</strong></span> <span class='ocrx_word' id='word_1_177' title='bbox 636 3102 773 3155; x_wconf 86' lang='lat' dir='ltr'><strong>forte</strong></span> <span class='ocrx_word' id='word_1_178' title='bbox 811 3111 868 3155; x_wconf 92' lang='lat' dir='ltr'><strong>et</strong></span> <span class='ocrx_word' id='word_1_179' title='bbox 901 3104 1150 3156; x_wconf 83' lang='lat' dir='ltr'><strong>fabularis</strong></span> <span class='ocrx_word' id='word_1_180' title='bbox 1174 3105 1420 3156; x_wconf 77' lang='lat' dir='ltr'><strong>historiae.</strong></span> 
     </span>
     <span class='ocr_line' id='line_1_36' title="bbox 348 3180 1420 3246; baseline 0.001 -17"><span class='ocrx_word' id='word_1_181' title='bbox 348 3180 512 3240; x_wconf 87' lang='lat' dir='ltr'><strong>Nota,</strong></span> <span class='ocrx_word' id='word_1_182' title='bbox 534 3181 666 3231; x_wconf 90' lang='lat' dir='ltr'><strong>dicit</strong></span> <span class='ocrx_word' id='word_1_183' title='bbox 689 3188 888 3231; x_wconf 83' lang='lat' dir='ltr'><strong>tantum</strong></span> <span class='ocrx_word' id='word_1_184' title='bbox 905 3184 1151 3245; x_wconf 73' lang='lat' dir='ltr'><strong>elementa,</strong></span> <span class='ocrx_word' id='word_1_185' title='bbox 1172 3197 1264 3232; x_wconf 89' lang='lat' dir='ltr'><strong>sen</strong></span> <span class='ocrx_word' id='word_1_186' title='bbox 1284 3183 1420 3246; x_wconf 89' lang='lat' dir='ltr'><strong>prin-</strong></span> 
     </span>
     <span class='ocr_line' id='line_1_37' title="bbox 348 3258 1421 3324; baseline 0.002 -18"><span class='ocrx_word' id='word_1_187' title='bbox 348 3258 507 3322; x_wconf 88' lang='lat' dir='ltr'><strong>cipia.</strong></span> <span class='ocrx_word' id='word_1_188' title='bbox 574 3260 711 3309; x_wconf 86' lang='lat' dir='ltr'><strong>Nam</strong></span> <span class='ocrx_word' id='word_1_189' title='bbox 735 3259 887 3324; x_wconf 83' lang='lat' dir='ltr'><strong>infra,</strong></span> <span class='ocrx_word' id='word_1_190' title='bbox 908 3259 1038 3310; x_wconf 84' lang='lat' dir='ltr'><strong>Tac.</strong></span> <span class='ocrx_word' id='word_1_191' title='bbox 1063 3274 1182 3309; x_wconf 78' lang='lat' dir='ltr'><strong>xiv.</strong></span> <span class='ocrx_word' id='word_1_192' title='bbox 1208 3264 1285 3310; x_wconf 83' lang='lat'><strong>16.</strong></span> <span class='ocrx_word' id='word_1_193' title='bbox 1313 3260 1421 3309; x_wconf 90' lang='lat' dir='ltr'><strong>Ne-</strong></span> 
     </span>
     <span class='ocr_line' id='line_1_38' title="bbox 349 3336 1423 3405; baseline 0.001 -21"><span class='ocrx_word' id='word_1_194' title='bbox 349 3349 530 3385; x_wconf 87' lang='lat' dir='ltr'><strong>ronem</strong></span> <span class='ocrx_word' id='word_1_195' title='bbox 567 3342 626 3386; x_wconf 90' lang='lat' dir='ltr'><strong>ut</strong></span> <span class='ocrx_word' id='word_1_196' title='bbox 662 3337 851 3386; x_wconf 89' lang='lat' dir='ltr'><strong>malum</strong></span> <span class='ocrx_word' id='word_1_197' title='bbox 894 3336 1104 3405; x_wconf 63' lang='lat' dir='ltr'><strong>poetam⁴</strong></span> <span class='ocrx_word' id='word_1_198' title='bbox 1141 3336 1423 3400; x_wconf 86' lang='lat' dir='ltr'><strong>repreben-</strong></span> 
     </span>
     <span class='ocr_line' id='line_1_39' title="bbox 350 3415 1422 3480; baseline 0.002 -17"><span class='ocrx_word' id='word_1_199' title='bbox 350 3415 462 3464; x_wconf 83' lang='lat' dir='ltr'><strong>dit:</strong></span> <span class='ocrx_word' id='word_1_200' title='bbox 498 3416 515 3444; x_wconf 89' lang='lat'>‘</span> <span class='ocrx_word' id='word_1_201' title='bbox 542 3415 811 3465; x_wconf 88' lang='lat' dir='ltr'><strong>considere</strong></span> <span class='ocrx_word' id='word_1_202' title='bbox 834 3416 1002 3480; x_wconf 89' lang='lat' dir='ltr'><strong>simul,</strong></span> <span class='ocrx_word' id='word_1_203' title='bbox 1025 3423 1080 3465; x_wconf 92' lang='lat' dir='ltr'><strong>et</strong></span> <span class='ocrx_word' id='word_1_204' title='bbox 1102 3416 1307 3477; x_wconf 85' lang='lat' dir='ltr'><strong>allatos,</strong></span> <span class='ocrx_word' id='word_1_205' title='bbox 1340 3415 1422 3465; x_wconf 86' lang='lat' dir='ltr'><strong>vel</strong></span> 
     </span>
     <span class='ocr_line' id='line_1_40' title="bbox 348 3490 1423 3557; baseline 0.002 -17"><span class='ocrx_word' id='word_1_206' title='bbox 348 3490 543 3542; x_wconf 88' lang='lat' dir='ltr'><strong>ibidem</strong></span> <span class='ocrx_word' id='word_1_207' title='bbox 585 3498 821 3557; x_wconf 86' lang='lat' dir='ltr'><strong>repertos</strong></span> <span class='ocrx_word' id='word_1_208' title='bbox 868 3508 1044 3543; x_wconf 87' lang='lat' dir='ltr'><strong>versus</strong></span> <span class='ocrx_word' id='word_1_209' title='bbox 1087 3500 1423 3556; x_wconf 87' lang='lat' dir='ltr'><strong>connectere,</strong></span> 
     </span>
     <span class='ocr_line' id='line_1_41' title="bbox 348 3569 1423 3637; baseline 0.001 -18"><span class='ocrx_word' id='word_1_210' title='bbox 348 3576 509 3635; x_wconf 89' lang='lat' dir='ltr'><strong>atque</strong></span> <span class='ocrx_word' id='word_1_211' title='bbox 530 3569 692 3635; x_wconf 85' lang='lat' dir='ltr'><strong>ipsius</strong></span> <span class='ocrx_word' id='word_1_212' title='bbox 714 3570 894 3632; x_wconf 87' lang='lat' dir='ltr'><strong>verba,</strong></span> <span class='ocrx_word' id='word_1_213' title='bbox 911 3585 1119 3636; x_wconf 89' lang='lat' dir='ltr'><strong>quoquo</strong></span> <span class='ocrx_word' id='word_1_214' title='bbox 1136 3573 1287 3620; x_wconf 90' lang='lat' dir='ltr'><strong>modo</strong></span> <span class='ocrx_word' id='word_1_215' title='bbox 1305 3585 1423 3637; x_wconf 89' lang='lat' dir='ltr'><strong>pro·</strong></span> 
     </span>
     <span class='ocr_line' id='line_1_42' title="bbox 348 3647 1423 3713; baseline 0.003 -18"><span class='ocrx_word' id='word_1_216' title='bbox 348 3647 476 3710; x_wconf 77' lang='lat' dir='ltr'><strong>lata,</strong></span> <span class='ocrx_word' id='word_1_217' title='bbox 494 3647 770 3711; x_wconf 85' lang='lat' dir='ltr'><strong>supplere:</strong></span> <span class='ocrx_word' id='word_1_218' title='bbox 807 3647 945 3711; x_wconf 88' lang='lat' dir='ltr'><strong>quod</strong></span> <span class='ocrx_word' id='word_1_219' title='bbox 966 3648 1167 3711; x_wconf 87' lang='lat' dir='ltr'><strong>species</strong></span> <span class='ocrx_word' id='word_1_220' title='bbox 1181 3648 1297 3713; x_wconf 86' lang='lat' dir='ltr'><strong>ipsa</strong></span> <span class='ocrx_word' id='word_1_221' title='bbox 1310 3663 1423 3698; x_wconf 89' lang='lat' dir='ltr'><strong>car·</strong></span> 
     </span>
     <span class='ocr_line' id='line_1_43' title="bbox 347 3724 1421 3790; baseline 0 -15"><span class='ocrx_word' id='word_1_222' title='bbox 347 3726 542 3776; x_wconf 80' lang='lat' dir='ltr'><strong>minum</strong></span> <span class='ocrx_word' id='word_1_223' title='bbox 590 3724 766 3788; x_wconf 85' lang='lat' dir='ltr'><strong>docet,</strong></span> <span class='ocrx_word' id='word_1_224' title='bbox 804 3739 907 3775; x_wconf 91' lang='lat' dir='ltr'><strong>non</strong></span> <span class='ocrx_word' id='word_1_225' title='bbox 954 3725 1171 3790; x_wconf 87' lang='lat' dir='ltr'><strong>impetu,</strong></span> <span class='ocrx_word' id='word_1_226' title='bbox 1207 3726 1300 3775; x_wconf 91' lang='lat' dir='ltr'><strong>sed</strong></span> <span class='ocrx_word' id='word_1_227' title='bbox 1345 3726 1421 3775; x_wconf 89' lang='lat' dir='ltr'><strong>in-</strong></span> 
     </span>
     <span class='ocr_line' id='line_1_44' title="bbox 286 3799 1144 3862; baseline -0.002 -10"><span class='ocrx_word' id='word_1_228' title='bbox 286 3845 292 3852; x_wconf 93' lang='lat'><strong>.</strong></span> <span class='ocrx_word' id='word_1_229' title='bbox 344 3801 565 3862; x_wconf 77' lang='lat' dir='ltr'><strong>stinctu,</strong></span> <span class='ocrx_word' id='word_1_230' title='bbox 586 3816 685 3851; x_wconf 90' lang='lat' dir='ltr'><strong>nec</strong></span> <span class='ocrx_word' id='word_1_231' title='bbox 707 3815 797 3851; x_wconf 89' lang='lat' dir='ltr'><strong>ore</strong></span> <span class='ocrx_word' id='word_1_232' title='bbox 816 3816 918 3851; x_wconf 92' lang='lat' dir='ltr'><strong>uno</strong></span> <span class='ocrx_word' id='word_1_233' title='bbox 941 3799 1144 3851; x_wconf 83' lang='lat' dir='ltr'><strong>fiuens.&#39;</strong></span> 
     </span>
    </p>

    <p class='ocr_par' dir='ltr' id='par_1_17' title="bbox 348 3878 1423 4019">
     <span class='ocr_line' id='line_1_45' title="bbox 413 3878 1423 3945; baseline 0.002 -18"><span class='ocrx_word' id='word_1_234' title='bbox 413 3887 435 3945; x_wconf 55' lang='lat'>5</span> <span class='ocrx_word' id='word_1_235' title='bbox 485 3879 726 3939; x_wconf 75' lang='lat' dir='ltr'><strong>Ceterum,</strong></span> <span class='ocrx_word' id='word_1_236' title='bbox 759 3878 970 3943; x_wconf 79' lang='lat' dir='ltr'><strong>peractis</strong></span> <span class='ocrx_word' id='word_1_237' title='bbox 1010 3878 1228 3928; x_wconf 62' lang='lat' dir='ltr'><strong>tristitie</strong></span> <span class='ocrx_word' id='word_1_238' title='bbox 1262 3880 1423 3930; x_wconf 77' lang='lat' dir='ltr'><strong>imita-</strong></span> 
     </span>
     <span class='ocr_line' id='line_1_46' title="bbox 348 3955 1423 4019; baseline 0 -13"><span class='ocrx_word' id='word_1_239' title='bbox 348 3955 544 4019; x_wconf 77' lang='lat' dir='ltr'><strong>mentis]</strong></span> <span class='ocrx_word' id='word_1_240' title='bbox 589 3955 795 4006; x_wconf 87' lang='lat' dir='ltr'><strong>Iudicat</strong></span> <span class='ocrx_word' id='word_1_241' title='bbox 834 3963 1033 4017; x_wconf 84' lang='lat' dir='ltr'><strong>auctor,</strong></span> <span class='ocrx_word' id='word_1_242' title='bbox 1075 3956 1293 4005; x_wconf 86' lang='lat' dir='ltr'><strong>intrasse</strong></span> <span class='ocrx_word' id='word_1_243' title='bbox 1332 3970 1423 4006; x_wconf 90' lang='lat' dir='ltr'><strong>cu-</strong></span> 
     </span>
    </p>
   </div>
   <div class='ocr_carea' id='block_1_14' title="bbox 349 4032 1443 4097">
    <p class='ocr_par' dir='ltr' id='par_1_18' title="bbox 349 4032 1443 4097">
     <span class='ocr_line' id='line_1_47' title="bbox 349 4032 1443 4097; baseline 0.003 -17"><span class='ocrx_word' id='word_1_244' title='bbox 349 4033 499 4095; x_wconf 87' lang='lat' dir='ltr'><strong>riam,</strong></span> <span class='ocrx_word' id='word_1_245' title='bbox 539 4046 657 4081; x_wconf 91' lang='lat' dir='ltr'><strong>cum</strong></span> <span class='ocrx_word' id='word_1_246' title='bbox 702 4032 997 4097; x_wconf 85' lang='lat' dir='ltr'><strong>aliquandiu</strong></span> <span class='ocrx_word' id='word_1_247' title='bbox 1044 4039 1165 4082; x_wconf 89' lang='lat' dir='ltr'><strong>ante</strong></span> <span class='ocrx_word' id='word_1_248' title='bbox 1211 4033 1443 4097; x_wconf 43' lang='lat' dir='ltr'><strong>publico*</strong></span> 
     </span>
    </p>
   </div>
   <div class='ocr_carea' id='block_1_15' title="bbox 347 4109 1425 4407">
    <p class='ocr_par' dir='ltr' id='par_1_19' title="bbox 347 4109 1425 4407">
     <span class='ocr_line' id='line_1_48' title="bbox 347 4109 1424 4173; baseline -0.001 -15"><span class='ocrx_word' id='word_1_249' title='bbox 347 4109 707 4172; x_wconf 79' lang='lat' dir='ltr'><strong>abstinuisset,</strong></span> <span class='ocrx_word' id='word_1_250' title='bbox 724 4111 872 4173; x_wconf 85' lang='lat' dir='ltr'><strong>quasi</strong></span> <span class='ocrx_word' id='word_1_251' title='bbox 888 4109 954 4158; x_wconf 89' lang='lat' dir='ltr'><strong>ob</strong></span> <span class='ocrx_word' id='word_1_252' title='bbox 972 4124 1181 4172; x_wconf 88' lang='lat' dir='ltr'><strong>gravem</strong></span> <span class='ocrx_word' id='word_1_253' title='bbox 1206 4110 1424 4172; x_wconf 90' lang='lat' dir='ltr'><strong>luctum,</strong></span> 
     </span>
     <span class='ocr_line' id='line_1_49' title="bbox 350 4185 1425 4251; baseline 0.004 -19"><span class='ocrx_word' id='word_1_254' title='bbox 350 4186 441 4250; x_wconf 88' lang='lat' dir='ltr'><strong>qni</strong></span> <span class='ocrx_word' id='word_1_255' title='bbox 465 4185 596 4236; x_wconf 87' lang='lat' dir='ltr'><strong>risus</strong></span> <span class='ocrx_word' id='word_1_256' title='bbox 620 4185 792 4250; x_wconf 88' lang='lat' dir='ltr'><strong>potius</strong></span> <span class='ocrx_word' id='word_1_257' title='bbox 809 4185 998 4248; x_wconf 83' lang='lat' dir='ltr'><strong>fuerat,</strong></span> <span class='ocrx_word' id='word_1_258' title='bbox 1023 4193 1114 4235; x_wconf 88' lang='lat' dir='ltr'><strong>aut</strong></span> <span class='ocrx_word' id='word_1_259' title='bbox 1137 4194 1279 4236; x_wconf 88' lang='lat' dir='ltr'><strong>certe</strong></span> <span class='ocrx_word' id='word_1_260' title='bbox 1303 4202 1425 4251; x_wconf 86' lang='lat' dir='ltr'><strong>gau-</strong></span> 
     </span>
     <span class='ocr_line' id='line_1_50' title="bbox 348 4263 1422 4330; baseline 0.002 -17"><span class='ocrx_word' id='word_1_261' title='bbox 348 4263 509 4313; x_wconf 86' lang='lat' dir='ltr'><strong>dium.</strong></span> <span class='ocrx_word' id='word_1_262' title='bbox 576 4263 665 4313; x_wconf 91' lang='lat' dir='ltr'><strong>Sic</strong></span> <span class='ocrx_word' id='word_1_263' title='bbox 690 4263 724 4312; x_wconf 89' lang='lat' dir='ltr'><strong>l.</strong></span> <span class='ocrx_word' id='word_1_264' title='bbox 751 4277 838 4313; x_wconf 84' lang='lat'><strong>111.</strong></span> <span class='ocrx_word' id='word_1_265' title='bbox 872 4263 1008 4313; x_wconf 87' lang='lat' dir='ltr'><strong>Anu.</strong></span> <span class='ocrx_word' id='word_1_266' title='bbox 1030 4270 1080 4313; x_wconf 86' lang='lat'><strong>5.</strong></span> <span class='ocrx_word' id='word_1_267' title='bbox 1124 4267 1139 4293; x_wconf 89' lang='lat'>‘</span> <span class='ocrx_word' id='word_1_268' title='bbox 1167 4265 1422 4330; x_wconf 78' lang='lat' dir='ltr'><strong>Praeposi-</strong></span> 
     </span>
     <span class='ocr_line' id='line_1_51' title="bbox 351 4336 1424 4407; baseline 0.001 -15"><span class='ocrx_word' id='word_1_269' title='bbox 351 4346 461 4392; x_wconf 75' lang='lat' dir='ltr'><strong>tam</strong></span> <span class='ocrx_word' id='word_1_270' title='bbox 493 4345 615 4392; x_wconf 90' lang='lat' dir='ltr'><strong>toro</strong></span> <span class='ocrx_word' id='word_1_271' title='bbox 650 4336 897 4407; x_wconf 74' lang='lat' dir='ltr'><strong>effigiem,</strong></span> <span class='ocrx_word' id='word_1_272' title='bbox 925 4339 1181 4393; x_wconf 83' lang='lat' dir='ltr'><strong>meditata</strong></span> <span class='ocrx_word' id='word_1_273' title='bbox 1210 4339 1279 4393; x_wconf 87' lang='lat' dir='ltr'><strong>ad</strong></span> <span class='ocrx_word' id='word_1_274' title='bbox 1315 4356 1424 4402; x_wconf 55' lang='lat' dir='ltr'><strong>meq</strong></span> 
     </span>
    </p>
   </div>
   <div class='ocr_carea' id='block_1_16' title="bbox 1492 1466 2574 3775">
    <p class='ocr_par' dir='ltr' id='par_1_20' title="bbox 1492 1466 2562 1904">
     <span class='ocr_line' id='line_1_52' title="bbox 1559 1466 2558 1532; baseline 0 -15"><span class='ocrx_word' id='word_1_275' title='bbox 1559 1469 1629 1517; x_wconf 88' lang='lat' dir='ltr'><strong>Et</strong></span> <span class='ocrx_word' id='word_1_276' title='bbox 1651 1482 1768 1518; x_wconf 77' lang='lat' dir='ltr'><strong>xiv.</strong></span> <span class='ocrx_word' id='word_1_277' title='bbox 1790 1472 1840 1517; x_wconf 80' lang='grc'><strong>4.</strong></span> <span class='ocrx_word' id='word_1_278' title='bbox 1874 1471 1889 1496; x_wconf 80' lang='lat'><strong>⁴</strong></span> <span class='ocrx_word' id='word_1_279' title='bbox 1916 1466 2229 1517; x_wconf 83' lang='lat' dir='ltr'><strong>Additurum</strong></span> <span class='ocrx_word' id='word_1_280' title='bbox 2270 1466 2558 1532; x_wconf 87' lang='lat' dir='ltr'><strong>principem</strong></span> 
     </span>
     <span class='ocr_line' id='line_1_53' title="bbox 1492 1543 2560 1609; baseline 0.002 -15"><span class='ocrx_word' id='word_1_281' title='bbox 1492 1543 1758 1595; x_wconf 71' lang='lat' dir='ltr'><strong>defunctae</strong></span> <span class='ocrx_word' id='word_1_282' title='bbox 1783 1545 2054 1609; x_wconf 90' lang='lat' dir='ltr'><strong>templum,</strong></span> <span class='ocrx_word' id='word_1_283' title='bbox 2077 1550 2134 1594; x_wconf 84' lang='lat' dir='ltr'><strong>et</strong></span> <span class='ocrx_word' id='word_1_284' title='bbox 2156 1558 2270 1593; x_wconf 85' lang='lat' dir='ltr'><strong>aras</strong></span> <span class='ocrx_word' id='word_1_285' title='bbox 2302 1550 2357 1594; x_wconf 89' lang='lat' dir='ltr'><strong>et</strong></span> <span class='ocrx_word' id='word_1_286' title='bbox 2380 1552 2560 1596; x_wconf 84' lang='lat' dir='ltr'><strong>cetera</strong></span> 
     </span>
     <span class='ocr_line' id='line_1_54' title="bbox 1494 1621 2556 1688; baseline 0 -15"><span class='ocrx_word' id='word_1_287' title='bbox 1494 1622 1818 1673; x_wconf 85' lang='lat' dir='ltr'><strong>ostentandae</strong></span> <span class='ocrx_word' id='word_1_288' title='bbox 1838 1621 2085 1688; x_wconf 67' lang='lat' dir='ltr'><strong>pietatis!</strong></span> <span class='ocrx_word' id='word_1_289' title='bbox 2140 1622 2265 1672; x_wconf 88' lang='lat' dir='ltr'><strong>Piso</strong></span> <span class='ocrx_word' id='word_1_290' title='bbox 2285 1622 2423 1686; x_wconf 82' lang='lat' dir='ltr'><strong>apud</strong></span> <span class='ocrx_word' id='word_1_291' title='bbox 2441 1637 2556 1673; x_wconf 83' lang='lat' dir='ltr'><strong>nos-</strong></span> 
     </span>
     <span class='ocr_line' id='line_1_55' title="bbox 1493 1699 2562 1765; baseline 0.001 -16"><span class='ocrx_word' id='word_1_292' title='bbox 1493 1706 1629 1749; x_wconf 89' lang='lat' dir='ltr'><strong>trum</strong></span> <span class='ocrx_word' id='word_1_293' title='bbox 1665 1713 1728 1750; x_wconf 87' lang='lat'><strong>11.</strong></span> <span class='ocrx_word' id='word_1_294' title='bbox 1751 1704 1833 1750; x_wconf 80' lang='lat'><strong>7⁷.</strong></span> <span class='ocrx_word' id='word_1_295' title='bbox 1867 1702 1883 1728; x_wconf 88' lang='lat'>‘</span> <span class='ocrx_word' id='word_1_296' title='bbox 1907 1699 2135 1749; x_wconf 87' lang='lat' dir='ltr'><strong>Periisse</strong></span> <span class='ocrx_word' id='word_1_297' title='bbox 2176 1699 2562 1765; x_wconf 81' lang='lat' dir='ltr'><strong>Germanicum,</strong></span> 
     </span>
     <span class='ocr_line' id='line_1_56' title="bbox 1493 1777 2558 1843; baseline 0.002 -17"><span class='ocrx_word' id='word_1_298' title='bbox 1493 1777 1622 1826; x_wconf 89' lang='lat' dir='ltr'><strong>nulli</strong></span> <span class='ocrx_word' id='word_1_299' title='bbox 1655 1778 1942 1841; x_wconf 84' lang='lat' dir='ltr'><strong>jactantius</strong></span> <span class='ocrx_word' id='word_1_300' title='bbox 1988 1784 2226 1840; x_wconf 83' lang='lat' dir='ltr'><strong>moerent,</strong></span> <span class='ocrx_word' id='word_1_301' title='bbox 2269 1792 2422 1842; x_wconf 80' lang='lat' dir='ltr'><strong>qnam</strong></span> <span class='ocrx_word' id='word_1_302' title='bbox 2466 1778 2558 1843; x_wconf 87' lang='lat' dir='ltr'><strong>qui</strong></span> 
     </span>
     <span class='ocr_line' id='line_1_57' title="bbox 1492 1853 2343 1904; baseline 0.001 -1"><span class='ocrx_word' id='word_1_303' title='bbox 1492 1855 1717 1903; x_wconf 82' lang='lat' dir='ltr'><strong>maxime</strong></span> <span class='ocrx_word' id='word_1_304' title='bbox 1743 1853 2022 1903; x_wconf 55' lang='lat' dir='ltr'><strong>laetantur?</strong></span> <span class='ocrx_word' id='word_1_305' title='bbox 2093 1853 2343 1904; x_wconf 70' lang='lat' dir='ltr'><strong>Gruterus.</strong></span> 
     </span>
    </p>

    <p class='ocr_par' dir='ltr' id='par_1_21' title="bbox 1492 1929 2564 2290">
     <span class='ocr_line' id='line_1_58' title="bbox 1558 1929 2560 1983; baseline 0 -1"><span class='ocrx_word' id='word_1_306' title='bbox 1558 1931 1799 1982; x_wconf 79' lang='lat' dir='ltr'><strong>Justinus</strong></span> <span class='ocrx_word' id='word_1_307' title='bbox 1835 1944 1940 1979; x_wconf 70' lang='grc' dir='ltr'><strong>ιιι.</strong></span> <span class='ocrx_word' id='word_1_308' title='bbox 1964 1935 2015 1980; x_wconf 79' lang='lat'><strong>8.</strong></span> <span class='ocrx_word' id='word_1_309' title='bbox 2069 1929 2086 1957; x_wconf 87' lang='lat'>‘</span> <span class='ocrx_word' id='word_1_310' title='bbox 2109 1930 2242 1980; x_wconf 81' lang='lat' dir='ltr'><strong>Haec</strong></span> <span class='ocrx_word' id='word_1_311' title='bbox 2280 1945 2396 1981; x_wconf 90' lang='lat' dir='ltr'><strong>cum</strong></span> <span class='ocrx_word' id='word_1_312' title='bbox 2434 1946 2560 1983; x_wconf 89' lang='lat' dir='ltr'><strong>nun·</strong></span> 
     </span>
     <span class='ocr_line' id='line_1_59' title="bbox 1495 2007 2564 2069; baseline 0.002 -12"><span class='ocrx_word' id='word_1_313' title='bbox 1495 2008 1628 2058; x_wconf 85' lang='lat' dir='ltr'><strong>tiata</strong></span> <span class='ocrx_word' id='word_1_314' title='bbox 1648 2007 1700 2056; x_wconf 90' lang='lat' dir='ltr'><strong>in</strong></span> <span class='ocrx_word' id='word_1_315' title='bbox 1723 2008 1932 2058; x_wconf 82' lang='lat' dir='ltr'><strong>Parthis</strong></span> <span class='ocrx_word' id='word_1_316' title='bbox 1957 2007 2257 2058; x_wconf 75' lang='lat' dir='ltr'><strong>Alexandro</strong></span> <span class='ocrx_word' id='word_1_317' title='bbox 2277 2017 2470 2069; x_wconf 79' lang='lat' dir='ltr'><strong>esseut,</strong></span> <span class='ocrx_word' id='word_1_318' title='bbox 2497 2010 2564 2059; x_wconf 79' lang='lat' dir='ltr'><strong>si-</strong></span> 
     </span>
     <span class='ocr_line' id='line_1_60' title="bbox 1492 2083 2563 2150; baseline 0.001 -16"><span class='ocrx_word' id='word_1_319' title='bbox 1492 2086 1687 2135; x_wconf 84' lang='lat' dir='ltr'><strong>mulato</strong></span> <span class='ocrx_word' id='word_1_320' title='bbox 1731 2099 1971 2147; x_wconf 82' lang='lat' dir='ltr'><strong>moerore,</strong></span> <span class='ocrx_word' id='word_1_321' title='bbox 2022 2092 2240 2150; x_wconf 89' lang='lat' dir='ltr'><strong>propter</strong></span> <span class='ocrx_word' id='word_1_322' title='bbox 2281 2083 2563 2137; x_wconf 84' lang='lat' dir='ltr'><strong>Alexandri</strong></span> 
     </span>
     <span class='ocr_line' id='line_1_61' title="bbox 1494 2163 2561 2227; baseline 0.002 -14"><span class='ocrx_word' id='word_1_323' title='bbox 1494 2163 1876 2227; x_wconf 82' lang='lat' dir='ltr'><strong>cognationem,</strong></span> <span class='ocrx_word' id='word_1_324' title='bbox 1912 2164 2166 2215; x_wconf 84' lang='lat' dir='ltr'><strong>exercitui</strong></span> <span class='ocrx_word' id='word_1_325' title='bbox 2205 2179 2296 2214; x_wconf 88' lang='lat' dir='ltr'><strong>suo</strong></span> <span class='ocrx_word' id='word_1_326' title='bbox 2334 2166 2561 2215; x_wconf 89' lang='lat' dir='ltr'><strong>triduum</strong></span> 
     </span>
     <span class='ocr_line' id='line_1_62' title="bbox 1493 2239 2301 2290; baseline 0.002 -2"><span class='ocrx_word' id='word_1_327' title='bbox 1493 2239 1690 2289; x_wconf 89' lang='lat' dir='ltr'><strong>luctum</strong></span> <span class='ocrx_word' id='word_1_328' title='bbox 1720 2239 1947 2289; x_wconf 84' lang='lat' dir='ltr'><strong>indixit.&#39;</strong></span> <span class='ocrx_word' id='word_1_329' title='bbox 2017 2240 2301 2290; x_wconf 76' lang='lat' dir='ltr'><strong>Gronovius.</strong></span> 
     </span>
    </p>

    <p class='ocr_par' dir='ltr' id='par_1_22' title="bbox 1492 2317 2566 2679">
     <span class='ocr_line' id='line_1_63' title="bbox 1563 2317 2560 2382; baseline 0.002 -15"><span class='ocrx_word' id='word_1_330' title='bbox 1563 2318 1796 2368; x_wconf 74' lang='lat' dir='ltr'><strong>Tristitioe</strong></span> <span class='ocrx_word' id='word_1_331' title='bbox 1812 2317 2143 2381; x_wconf 69' lang='lat' dir='ltr'><strong>imitamentis]</strong></span> <span class='ocrx_word' id='word_1_332' title='bbox 2167 2317 2230 2367; x_wconf 88' lang='lat' dir='ltr'><strong>Id</strong></span> <span class='ocrx_word' id='word_1_333' title='bbox 2249 2324 2349 2382; x_wconf 89' lang='lat' dir='ltr'><strong>est,</strong></span> <span class='ocrx_word' id='word_1_334' title='bbox 2362 2317 2560 2369; x_wconf 76' lang='lat' dir='ltr'><strong>Luctus</strong></span> 
     </span>
     <span class='ocr_line' id='line_1_64' title="bbox 1492 2395 2561 2461; baseline 0.001 -17"><span class='ocrx_word' id='word_1_335' title='bbox 1492 2401 1550 2445; x_wconf 87' lang='lat' dir='ltr'><strong>et</strong></span> <span class='ocrx_word' id='word_1_336' title='bbox 1592 2395 1927 2461; x_wconf 84' lang='lat' dir='ltr'><strong>exequiarum</strong></span> <span class='ocrx_word' id='word_1_337' title='bbox 1973 2395 2280 2445; x_wconf 81' lang='lat' dir='ltr'><strong>caerimoniis</strong></span> <span class='ocrx_word' id='word_1_338' title='bbox 2315 2397 2561 2459; x_wconf 82' lang='lat' dir='ltr'><strong>peractis.</strong></span> 
     </span>
     <span class='ocr_line' id='line_1_65' title="bbox 1492 2473 2563 2525; baseline -0.001 0"><span class='ocrx_word' id='word_1_339' title='bbox 1492 2474 1652 2525; x_wconf 87' lang='lat' dir='ltr'><strong>Certe</strong></span> <span class='ocrx_word' id='word_1_340' title='bbox 1675 2473 1986 2525; x_wconf 78' lang='lat' dir='ltr'><strong>coerimoniae</strong></span> <span class='ocrx_word' id='word_1_341' title='bbox 2000 2474 2104 2523; x_wconf 80' lang='lat' dir='ltr'><strong>illae</strong></span> <span class='ocrx_word' id='word_1_342' title='bbox 2122 2473 2372 2525; x_wconf 83' lang='lat' dir='ltr'><strong>exhibent</strong></span> <span class='ocrx_word' id='word_1_343' title='bbox 2387 2475 2563 2524; x_wconf 82' lang='lat' dir='ltr'><strong>adum·</strong></span> 
     </span>
     <span class='ocr_line' id='line_1_66' title="bbox 1496 2551 2566 2618; baseline 0.001 -16"><span class='ocrx_word' id='word_1_344' title='bbox 1496 2552 1753 2618; x_wconf 86' lang='lat' dir='ltr'><strong>brantque</strong></span> <span class='ocrx_word' id='word_1_345' title='bbox 1776 2552 2070 2601; x_wconf 71' lang='lat' dir='ltr'><strong>moestitiam</strong></span> <span class='ocrx_word' id='word_1_346' title='bbox 2096 2551 2272 2614; x_wconf 82' lang='lat' dir='ltr'><strong>animi,</strong></span> <span class='ocrx_word' id='word_1_347' title='bbox 2292 2558 2347 2601; x_wconf 92' lang='lat' dir='ltr'><strong>et</strong></span> <span class='ocrx_word' id='word_1_348' title='bbox 2374 2551 2566 2603; x_wconf 86' lang='lat' dir='ltr'><strong>idcirco</strong></span> 
     </span>
     <span class='ocr_line' id='line_1_67' title="bbox 1498 2628 2318 2679; baseline -0.004 0"><span class='ocrx_word' id='word_1_349' title='bbox 1498 2630 1715 2679; x_wconf 69' lang='lat' dir='ltr'><strong>tristitie</strong></span> <span class='ocrx_word' id='word_1_350' title='bbox 1734 2628 2030 2678; x_wconf 75' lang='lat' dir='ltr'><strong>imitamenta</strong></span> <span class='ocrx_word' id='word_1_351' title='bbox 2053 2635 2318 2678; x_wconf 86' lang='lat' dir='ltr'><strong>vocantur.</strong></span> 
     </span>
    </p>

    <p class='ocr_par' dir='ltr' id='par_1_23' title="bbox 1500 2703 2570 3088">
     <span class='ocr_line' id='line_1_68' title="bbox 1565 2703 2566 2757; baseline -0.002 0"><span class='ocrx_word' id='word_1_352' title='bbox 1565 2708 1680 2757; x_wconf 90' lang='lat' dir='ltr'><strong>Nec</strong></span> <span class='ocrx_word' id='word_1_353' title='bbox 1705 2704 1840 2756; x_wconf 85' lang='lat' dir='ltr'><strong>forte</strong></span> <span class='ocrx_word' id='word_1_354' title='bbox 1866 2713 2038 2756; x_wconf 89' lang='lat' dir='ltr'><strong>tamen</strong></span> <span class='ocrx_word' id='word_1_355' title='bbox 2075 2703 2269 2755; x_wconf 81' lang='lat' dir='ltr'><strong>frustra</strong></span> <span class='ocrx_word' id='word_1_356' title='bbox 2307 2705 2400 2755; x_wconf 91' lang='lat' dir='ltr'><strong>tali</strong></span> <span class='ocrx_word' id='word_1_357' title='bbox 2437 2718 2566 2755; x_wconf 85' lang='lat' dir='ltr'><strong>voce</strong></span> 
     </span>
     <span class='ocr_line' id='line_1_69' title="bbox 1500 2781 2566 2848; baseline 0 -15"><span class='ocrx_word' id='word_1_358' title='bbox 1500 2797 1623 2833; x_wconf 85' lang='lat' dir='ltr'><strong>usus</strong></span> <span class='ocrx_word' id='word_1_359' title='bbox 1653 2782 1889 2844; x_wconf 87' lang='lat' dir='ltr'><strong>Tacitus,</strong></span> <span class='ocrx_word' id='word_1_360' title='bbox 1912 2783 2033 2848; x_wconf 90' lang='lat' dir='ltr'><strong>quia</strong></span> <span class='ocrx_word' id='word_1_361' title='bbox 2057 2789 2165 2831; x_wconf 89' lang='lat' dir='ltr'><strong>tum</strong></span> <span class='ocrx_word' id='word_1_362' title='bbox 2189 2781 2364 2847; x_wconf 87' lang='lat' dir='ltr'><strong>potius</strong></span> <span class='ocrx_word' id='word_1_363' title='bbox 2398 2782 2566 2833; x_wconf 89' lang='lat' dir='ltr'><strong>imita-</strong></span> 
     </span>
     <span class='ocr_line' id='line_1_70' title="bbox 1500 2860 2570 2924; baseline 0.001 -14"><span class='ocrx_word' id='word_1_364' title='bbox 1500 2867 1678 2911; x_wconf 85' lang='lat' dir='ltr'><strong>menta</strong></span> <span class='ocrx_word' id='word_1_365' title='bbox 1692 2861 1901 2924; x_wconf 87' lang='lat' dir='ltr'><strong>doloris,</strong></span> <span class='ocrx_word' id='word_1_366' title='bbox 1917 2867 1973 2910; x_wconf 92' lang='lat' dir='ltr'><strong>et</strong></span> <span class='ocrx_word' id='word_1_367' title='bbox 1988 2860 2283 2910; x_wconf 87' lang='lat' dir='ltr'><strong>histrionica</strong></span> <span class='ocrx_word' id='word_1_368' title='bbox 2298 2860 2570 2911; x_wconf 83' lang='lat' dir='ltr'><strong>admnbra·</strong></span> 
     </span>
     <span class='ocr_line' id='line_1_71' title="bbox 1503 2935 2570 3003; baseline 0.001 -16"><span class='ocrx_word' id='word_1_369' title='bbox 1503 2938 1579 2987; x_wconf 88' lang='lat' dir='ltr'><strong>tio</strong></span> <span class='ocrx_word' id='word_1_370' title='bbox 1599 2937 1771 2987; x_wconf 90' lang='lat' dir='ltr'><strong>luctus</strong></span> <span class='ocrx_word' id='word_1_371' title='bbox 1804 2935 1932 3000; x_wconf 81' lang='lat' dir='ltr'><strong>fuit,</strong></span> <span class='ocrx_word' id='word_1_372' title='bbox 1954 2953 2107 3003; x_wconf 90' lang='lat' dir='ltr'><strong>quam</strong></span> <span class='ocrx_word' id='word_1_373' title='bbox 2143 2938 2252 2987; x_wconf 89' lang='lat' dir='ltr'><strong>veri</strong></span> <span class='ocrx_word' id='word_1_374' title='bbox 2284 2945 2340 2988; x_wconf 88' lang='lat' dir='ltr'><strong>et</strong></span> <span class='ocrx_word' id='word_1_375' title='bbox 2381 2937 2570 2988; x_wconf 87' lang='lat' dir='ltr'><strong>sinceri</strong></span> 
     </span>
     <span class='ocr_line' id='line_1_72' title="bbox 1502 3016 2460 3088; baseline 0 -23"><span class='ocrx_word' id='word_1_376' title='bbox 1502 3016 1695 3066; x_wconf 86' lang='lat' dir='ltr'><strong>doloris</strong></span> <span class='ocrx_word' id='word_1_377' title='bbox 1717 3024 2021 3081; x_wconf 80' lang='lat' dir='ltr'><strong>argumenta</strong></span> <span class='ocrx_word' id='word_1_378' title='bbox 2044 3024 2134 3088; x_wconf 81' lang='lat' dir='ltr'><strong>aut</strong></span> <span class='ocrx_word' id='word_1_379' title='bbox 2156 3017 2460 3080; x_wconf 87' lang='lat' dir='ltr'><strong>specimina.</strong></span> 
     </span>
    </p>

    <p class='ocr_par' dir='ltr' id='par_1_24' title="bbox 1499 3095 2574 3694">
     <span class='ocr_line' id='line_1_73' title="bbox 1569 3095 2573 3160; baseline -0.001 -16"><span class='ocrx_word' id='word_1_380' title='bbox 1569 3095 1911 3160; x_wconf 50' lang='lat' dir='ltr'><strong>liniamentis]</strong></span> <span class='ocrx_word' id='word_1_381' title='bbox 1944 3097 2104 3146; x_wconf 84' lang='lat' dir='ltr'><strong>Certe</strong></span> <span class='ocrx_word' id='word_1_382' title='bbox 2122 3095 2358 3160; x_wconf 62' lang='lat' dir='ltr'><strong>exequiae</strong></span> <span class='ocrx_word' id='word_1_383' title='bbox 2384 3095 2573 3160; x_wconf 87' lang='lat' dir='ltr'><strong>princi-</strong></span> 
     </span>
     <span class='ocr_line' id='line_1_74' title="bbox 1503 3173 2571 3238; baseline -0.002 -15"><span class='ocrx_word' id='word_1_384' title='bbox 1503 3188 1629 3238; x_wconf 87' lang='lat' dir='ltr'><strong>pum</strong></span> <span class='ocrx_word' id='word_1_385' title='bbox 1663 3188 1789 3223; x_wconf 85' lang='lat' dir='ltr'><strong>vera</strong></span> <span class='ocrx_word' id='word_1_386' title='bbox 1826 3173 2145 3222; x_wconf 81' lang='lat' dir='ltr'><strong>imitamenta</strong></span> <span class='ocrx_word' id='word_1_387' title='bbox 2180 3173 2461 3235; x_wconf 86' lang='lat' dir='ltr'><strong>moestitiae,</strong></span> <span class='ocrx_word' id='word_1_388' title='bbox 2484 3185 2571 3221; x_wconf 89' lang='lat' dir='ltr'><strong>ne-</strong></span> 
     </span>
     <span class='ocr_line' id='line_1_75' title="bbox 1503 3250 2571 3317; baseline -0.001 -18"><span class='ocrx_word' id='word_1_389' title='bbox 1503 3266 1605 3317; x_wconf 88' lang='lat' dir='ltr'><strong>que</strong></span> <span class='ocrx_word' id='word_1_390' title='bbox 1627 3251 1766 3299; x_wconf 89' lang='lat' dir='ltr'><strong>enim</strong></span> <span class='ocrx_word' id='word_1_391' title='bbox 1791 3250 1901 3299; x_wconf 87' lang='lat' dir='ltr'><strong>sinc</strong></span> <span class='ocrx_word' id='word_1_392' title='bbox 1925 3264 2133 3313; x_wconf 88' lang='lat' dir='ltr'><strong>pompa,</strong></span> <span class='ocrx_word' id='word_1_393' title='bbox 2155 3256 2245 3298; x_wconf 88' lang='lat' dir='ltr'><strong>aut</strong></span> <span class='ocrx_word' id='word_1_394' title='bbox 2267 3250 2428 3298; x_wconf 90' lang='lat' dir='ltr'><strong>veluti</strong></span> <span class='ocrx_word' id='word_1_395' title='bbox 2459 3263 2571 3299; x_wconf 85' lang='lat' dir='ltr'><strong>sce-</strong></span> 
     </span>
     <span class='ocr_line' id='line_1_76' title="bbox 1499 3324 2570 3392; baseline -0.003 -15"><span class='ocrx_word' id='word_1_396' title='bbox 1499 3342 1570 3377; x_wconf 89' lang='lat' dir='ltr'><strong>na</strong></span> <span class='ocrx_word' id='word_1_397' title='bbox 1609 3327 2047 3392; x_wconf 81' lang='lat' dir='ltr'><strong>transigebantur.</strong></span> <span class='ocrx_word' id='word_1_398' title='bbox 2108 3324 2365 3376; x_wconf 63' lang='lat' dir='ltr'><strong>&gt;Aderant</strong></span> <span class='ocrx_word' id='word_1_399' title='bbox 2398 3324 2570 3390; x_wconf 83' lang='lat' dir='ltr'><strong>praefi·</strong></span> 
     </span>
     <span class='ocr_line' id='line_1_77' title="bbox 1502 3403 2572 3468; baseline -0.003 -13"><span class='ocrx_word' id='word_1_400' title='bbox 1502 3420 1599 3467; x_wconf 83' lang='lat' dir='ltr'><strong>cae,</strong></span> <span class='ocrx_word' id='word_1_401' title='bbox 1623 3419 1739 3468; x_wconf 82' lang='lat' dir='ltr'><strong>quae</strong></span> <span class='ocrx_word' id='word_1_402' title='bbox 1771 3403 1949 3466; x_wconf 85' lang='lat' dir='ltr'><strong>jussas</strong></span> <span class='ocrx_word' id='word_1_403' title='bbox 1973 3409 2027 3452; x_wconf 91' lang='lat' dir='ltr'><strong>et</strong></span> <span class='ocrx_word' id='word_1_404' title='bbox 2062 3403 2114 3451; x_wconf 76' lang='lat' dir='ltr'><strong>in</strong></span> <span class='ocrx_word' id='word_1_405' title='bbox 2145 3403 2348 3452; x_wconf 75' lang='lat' dir='ltr'><strong>statione</strong></span> <span class='ocrx_word' id='word_1_406' title='bbox 2374 3404 2572 3466; x_wconf 71' lang='lat' dir='ltr'><strong>positas,</strong></span> 
     </span>
     <span class='ocr_line' id='line_1_78' title="bbox 1501 3478 2572 3546; baseline -0.003 -15"><span class='ocrx_word' id='word_1_407' title='bbox 1501 3483 1755 3546; x_wconf 78' lang='lat' dir='ltr'><strong>lacrymas</strong></span> <span class='ocrx_word' id='word_1_408' title='bbox 1796 3478 2199 3545; x_wconf 87' lang='lat' dir='ltr'><strong>profunderent:</strong></span> <span class='ocrx_word' id='word_1_409' title='bbox 2252 3479 2471 3529; x_wconf 85' lang='lat' dir='ltr'><strong>aderant</strong></span> <span class='ocrx_word' id='word_1_410' title='bbox 2516 3484 2572 3528; x_wconf 90' lang='lat' dir='ltr'><strong>et</strong></span> 
     </span>
     <span class='ocr_line' id='line_1_79' title="bbox 1503 3555 2574 3624; baseline -0.002 -16"><span class='ocrx_word' id='word_1_411' title='bbox 1503 3560 1802 3621; x_wconf 85' lang='lat' dir='ltr'><strong>histriones,</strong></span> <span class='ocrx_word' id='word_1_412' title='bbox 1826 3559 1916 3624; x_wconf 91' lang='lat' dir='ltr'><strong>qui</strong></span> <span class='ocrx_word' id='word_1_413' title='bbox 1951 3557 2147 3608; x_wconf 87' lang='lat' dir='ltr'><strong>luctum</strong></span> <span class='ocrx_word' id='word_1_414' title='bbox 2187 3555 2574 3620; x_wconf 87' lang='lat' dir='ltr'><strong>adumbrantes,</strong></span> 
     </span>
     <span class='ocr_line' id='line_1_80' title="bbox 1504 3635 2181 3694; baseline -0.006 -6"><span class='ocrx_word' id='word_1_415' title='bbox 1504 3638 1660 3688; x_wconf 87' lang='lat' dir='ltr'><strong>risum</strong></span> <span class='ocrx_word' id='word_1_416' title='bbox 1685 3644 1858 3688; x_wconf 87' lang='lat' dir='ltr'><strong>tamen</strong></span> <span class='ocrx_word' id='word_1_417' title='bbox 1884 3635 2181 3694; x_wconf 89' lang='lat' dir='ltr'><strong>incitarent.</strong></span> 
     </span>
    </p>

    <p class='ocr_par' dir='ltr' id='par_1_25' title="bbox 1570 3710 2572 3775">
     <span class='ocr_line' id='line_1_81' title="bbox 1570 3710 2572 3775; baseline -0.005 -11"><span class='ocrx_word' id='word_1_418' title='bbox 1570 3716 1736 3764; x_wconf 82' lang='lat' dir='ltr'><strong>Notat</strong></span> <span class='ocrx_word' id='word_1_419' title='bbox 1758 3712 2035 3763; x_wconf 83' lang='lat' dir='ltr'><strong>Suetonius</strong></span> <span class='ocrx_word' id='word_1_420' title='bbox 2060 3711 2123 3759; x_wconf 88' lang='lat' dir='ltr'><strong>de</strong></span> <span class='ocrx_word' id='word_1_421' title='bbox 2146 3710 2467 3775; x_wconf 83' lang='lat' dir='ltr'><strong>Vespasiano</strong></span> <span class='ocrx_word' id='word_1_422' title='bbox 2490 3714 2572 3761; x_wconf 87' lang='grc'><strong>19.</strong></span> 
     </span>
    </p>
   </div>
   <div class='ocr_carea' id='block_1_17' title="bbox 1414 3787 2574 3851">
    <p class='ocr_par' dir='ltr' id='par_1_26' title="bbox 1414 3787 2574 3851">
     <span class='ocr_line' id='line_1_82' title="bbox 1414 3787 2574 3851; baseline -0.006 -7"><span class='ocrx_word' id='word_1_423' title='bbox 1414 3834 1421 3844; x_wconf 44' lang='lat' dir='ltr'><em>s</em></span> <span class='ocrx_word' id='word_1_424' title='bbox 1500 3792 1517 3820; x_wconf 88' lang='lat'>‘</span> <span class='ocrx_word' id='word_1_425' title='bbox 1540 3792 1644 3842; x_wconf 89' lang='lat' dir='ltr'><strong>Sed</strong></span> <span class='ocrx_word' id='word_1_426' title='bbox 1667 3798 1723 3840; x_wconf 90' lang='lat' dir='ltr'><strong>et</strong></span> <span class='ocrx_word' id='word_1_427' title='bbox 1745 3791 1797 3839; x_wconf 92' lang='lat' dir='ltr'><strong>in</strong></span> <span class='ocrx_word' id='word_1_428' title='bbox 1821 3787 2004 3839; x_wconf 87' lang='lat' dir='ltr'><strong>funere</strong></span> <span class='ocrx_word' id='word_1_429' title='bbox 2041 3789 2209 3838; x_wconf 83' lang='lat' dir='ltr'><strong>Favor</strong></span> <span class='ocrx_word' id='word_1_430' title='bbox 2231 3788 2574 3851; x_wconf 86' lang='lat' dir='ltr'><strong>archimimus,</strong></span> 
     </span>
    </p>
   </div>
   <div class='ocr_carea' id='block_1_18' title="bbox 1502 3864 2578 4400">
    <p class='ocr_par' dir='ltr' id='par_1_27' title="bbox 1502 3864 2578 4400">
     <span class='ocr_line' id='line_1_83' title="bbox 1502 3864 2574 3934; baseline -0.003 -15"><span class='ocrx_word' id='word_1_431' title='bbox 1502 3883 1777 3934; x_wconf 88' lang='lat' dir='ltr'><strong>personam</strong></span> <span class='ocrx_word' id='word_1_432' title='bbox 1798 3868 1911 3931; x_wconf 89' lang='lat' dir='ltr'><strong>ejus</strong></span> <span class='ocrx_word' id='word_1_433' title='bbox 1932 3865 2125 3931; x_wconf 86' lang='lat' dir='ltr'><strong>ferens,</strong></span> <span class='ocrx_word' id='word_1_434' title='bbox 2143 3873 2200 3916; x_wconf 84' lang='lat' dir='ltr'><strong>ut</strong></span> <span class='ocrx_word' id='word_1_435' title='bbox 2219 3873 2298 3915; x_wconf 89' lang='lat' dir='ltr'><strong>est</strong></span> <span class='ocrx_word' id='word_1_436' title='bbox 2319 3880 2445 3928; x_wconf 90' lang='lat' dir='ltr'><strong>mos,</strong></span> <span class='ocrx_word' id='word_1_437' title='bbox 2468 3864 2574 3916; x_wconf 88' lang='lat' dir='ltr'><strong>fac·</strong></span> 
     </span>
     <span class='ocr_line' id='line_1_84' title="bbox 1506 3944 2574 4009; baseline -0.004 -11"><span class='ocrx_word' id='word_1_438' title='bbox 1506 3957 1561 3998; x_wconf 85' lang='lat' dir='ltr'><strong>ta</strong></span> <span class='ocrx_word' id='word_1_439' title='bbox 1598 3964 1660 3998; x_wconf 92' lang='lat' dir='ltr'><strong>ac</strong></span> <span class='ocrx_word' id='word_1_440' title='bbox 1697 3947 1839 3997; x_wconf 83' lang='lat' dir='ltr'><strong>dicta</strong></span> <span class='ocrx_word' id='word_1_441' title='bbox 1874 3947 1993 4008; x_wconf 88' lang='lat' dir='ltr'><strong>vivi,</strong></span> <span class='ocrx_word' id='word_1_442' title='bbox 2026 3945 2363 4008; x_wconf 86' lang='lat' dir='ltr'><strong>interrogatis</strong></span> <span class='ocrx_word' id='word_1_443' title='bbox 2400 3944 2574 4009; x_wconf 87' lang='lat' dir='ltr'><strong>palam</strong></span> 
     </span>
     <span class='ocr_line' id='line_1_85' title="bbox 1505 4020 2576 4091; baseline -0.007 -16"><span class='ocrx_word' id='word_1_444' title='bbox 1505 4023 1947 4091; x_wconf 85' lang='lat' dir='ltr'><strong>procuratoribus,</strong></span> <span class='ocrx_word' id='word_1_445' title='bbox 1961 4023 2138 4087; x_wconf 86' lang='lat' dir='ltr'><strong>quanti</strong></span> <span class='ocrx_word' id='word_1_446' title='bbox 2153 4020 2300 4070; x_wconf 87' lang='lat' dir='ltr'><strong>funus</strong></span> <span class='ocrx_word' id='word_1_447' title='bbox 2315 4027 2369 4070; x_wconf 89' lang='lat' dir='ltr'><strong>et</strong></span> <span class='ocrx_word' id='word_1_448' title='bbox 2386 4034 2576 4084; x_wconf 88' lang='lat' dir='ltr'><strong>pompa</strong></span> 
     </span>
     <span class='ocr_line' id='line_1_86' title="bbox 1505 4097 2575 4163; baseline -0.005 -12"><span class='ocrx_word' id='word_1_449' title='bbox 1505 4109 1792 4163; x_wconf 86' lang='lat' dir='ltr'><strong>constaret,</strong></span> <span class='ocrx_word' id='word_1_450' title='bbox 1835 4109 1890 4149; x_wconf 89' lang='lat' dir='ltr'><strong>ut</strong></span> <span class='ocrx_word' id='word_1_451' title='bbox 1932 4099 2095 4148; x_wconf 84' lang='lat' dir='ltr'><strong>audiit</strong></span> <span class='ocrx_word' id='word_1_452' title='bbox 2139 4099 2209 4147; x_wconf 80' lang='lat' dir='ltr'><strong>H.</strong></span> <span class='ocrx_word' id='word_1_453' title='bbox 2245 4099 2302 4147; x_wconf 88' lang='lat' dir='ltr'><strong>S.</strong></span> <span class='ocrx_word' id='word_1_454' title='bbox 2355 4097 2575 4161; x_wconf 89' lang='lat' dir='ltr'><strong>centies,</strong></span> 
     </span>
     <span class='ocr_line' id='line_1_87' title="bbox 1507 4175 2576 4242; baseline -0.005 -12"><span class='ocrx_word' id='word_1_455' title='bbox 1507 4179 1837 4242; x_wconf 83' lang='lat' dir='ltr'><strong>exclamavit,</strong></span> <span class='ocrx_word' id='word_1_456' title='bbox 1859 4180 2081 4232; x_wconf 79' lang='lat' dir='ltr'><strong>Centum</strong></span> <span class='ocrx_word' id='word_1_457' title='bbox 2096 4176 2197 4226; x_wconf 89' lang='lat' dir='ltr'><strong>sibi</strong></span> <span class='ocrx_word' id='word_1_458' title='bbox 2222 4176 2464 4226; x_wconf 82' lang='lat' dir='ltr'><strong>sestertia</strong></span> <span class='ocrx_word' id='word_1_459' title='bbox 2486 4175 2576 4225; x_wconf 87' lang='lat' dir='ltr'><strong>da-</strong></span> 
     </span>
     <span class='ocr_line' id='line_1_88' title="bbox 1505 4254 2578 4321; baseline -0.004 -14"><span class='ocrx_word' id='word_1_460' title='bbox 1505 4264 1646 4321; x_wconf 87' lang='lat' dir='ltr'><strong>rent,</strong></span> <span class='ocrx_word' id='word_1_461' title='bbox 1685 4272 1746 4306; x_wconf 88' lang='lat' dir='ltr'><strong>ac</strong></span> <span class='ocrx_word' id='word_1_462' title='bbox 1787 4271 1844 4305; x_wconf 81' lang='lat' dir='ltr'><strong>se</strong></span> <span class='ocrx_word' id='word_1_463' title='bbox 1886 4256 1968 4304; x_wconf 87' lang='lat' dir='ltr'><strong>vel</strong></span> <span class='ocrx_word' id='word_1_464' title='bbox 2005 4255 2058 4303; x_wconf 89' lang='lat' dir='ltr'><strong>iu</strong></span> <span class='ocrx_word' id='word_1_465' title='bbox 2094 4255 2316 4304; x_wconf 86' lang='lat' dir='ltr'><strong>Tiberim</strong></span> <span class='ocrx_word' id='word_1_466' title='bbox 2355 4254 2578 4318; x_wconf 88' lang='lat' dir='ltr'><strong>projice-</strong></span> 
     </span>
     <span class='ocr_line' id='line_1_89' title="bbox 1505 4330 2576 4400; baseline -0.006 -13"><span class='ocrx_word' id='word_1_467' title='bbox 1505 4335 1664 4388; x_wconf 87' lang='lat' dir='ltr'><strong>rent.’</strong></span> <span class='ocrx_word' id='word_1_468' title='bbox 1726 4334 1815 4386; x_wconf 84' lang='lat' dir='ltr'><strong>Sic</strong></span> <span class='ocrx_word' id='word_1_469' title='bbox 1836 4330 2146 4400; x_wconf 83' lang='lat' dir='ltr'><strong>Vespasiani</strong></span> <span class='ocrx_word' id='word_1_470' title='bbox 2176 4330 2451 4384; x_wconf 77' lang='lat' dir='ltr'><strong>avaritiam</strong></span> <span class='ocrx_word' id='word_1_471' title='bbox 2487 4330 2576 4388; x_wconf 59' lang='lat' dir='ltr'><strong>deq</strong></span> 
     </span>
    </p>
   </div>
  </div>
 </body>
</html>
