3063 4952
315 400 385 467 ‚J.
409 401 469 459 c,
489 403 603 468 οι]
1063 397 1484 448 ΑΝΝΑιιυΜ
1547 398 1698 449 mn.
1747 398 1910 449 xiv.

2374 388 2547 455 1775

312 562 514 620 vore,
543 543 707 627 quia
732 535 871 608 rem
897 541 1390 608 frumentariam
1418 543 1565 609 sine
1587 550 1854 629 quaestu
1878 547 2210 613 tractabat
2234 557 2298 637 :⁷⁸
2351 549 2546 616 Sofo-

334 643 546 719 nium{¹
595 644 1046 729 Tigellinum,⁸
1096 650 1387 722 veterem
1430 647 1912 732 impudicitiam
1957 655 2154 734 atque
2200 651 2544 718 infamiam

337 750 406 812 in
451 768 535 814 eo
581 754 870 813 secutus,
959 747 1186 832 Atque
1237 748 1337 814 ini
1383 769 1508 832 pro
1562 752 1869 842 cognitis⁹
1890 750 1918 788 ¹¹
1967 752 2274 819 moribusi
2322 756 2542 821 fuere:

330 914 444 976 quia
480 894 1111 985 administrabatanaonam
1145 918 1248 967 sine
1273 920 1428 967 luero:
1480 921 1527 967 et
1565 917 1808 979 Sofonium
1844 920 2147 983 Tigellinum,
2166 938 2272 970 eum
2309 925 2541 971 vetustam

328 979 679 1042 impudicitiam
704 981 1096 1046 igmuniniamque
1123 984 1176 1032 in
1196 984 1281 1033 illo
1301 989 1505 1034 amasne
1539 1000 1595 1033 ae
1614 986 1881 1048 delegisset.
1948 988 2108 1050 Atque
2128 987 2204 1037 illi
2227 986 2469 1051 praefecti
2489 1001 2541 1036 se

328 1059 537 1108 gessere,
552 1051 695 1109 prout
713 1053 855 1098 antea
869 1047 1049 1110 cog-niti
1072 1064 1220 1098 mores
1240 1051 1441 1099 illorum
1467 1048 1687 1109 fuerant.
1752 1052 2004 1101 Potentior
2025 1052 2287 1114 Tigellinus
2307 1053 2359 1102 ia
2378 1051 2544 1101 amiei-

1269 1194 1443 1214 ‘eene
1450 1192 1563 1213 ‘OOC
1570 1194 1624 1214 ‘O

335 1294 366 1339 7
403 1289 572 1341 Rhen.
593 1290 822 1341 malebat
843 1297 1151 1353 tractaverat,
1175 1301 1228 1343 et
1251 1294 1372 1343 inde
1390 1295 1639 1344 Ernestus
1660 1298 1911 1344 tractarat.
1940 1246 1954 1265 ι
1980 1295 2180 1358 Optimi
2205 1294 2324 1344 cod.
2345 1300 2403 1345 et
2424 1293 2546 1345 edd.

334 1356 687 1405 tractabat.—8
738 1357 867 1408 Cod.
908 1359 1095 1422 Ryckii
1131 1359 1427 1422 Tigillinum,
1462 1366 1518 1409 et
1566 1360 1640 1409 sic
1679 1364 1997 1423 sempev—9
2044 1361 2131 1410 Ita
2167 1361 2294 1410 Mss.
2336 1361 2546 1411 Fames.

312 1428 315 1431 '
341 1420 501 1469 Corb.
521 1422 789 1471 Mercerus
808 1431 863 1472 et
886 1423 1140 1472 editiones
1161 1425 1491 1474 recentiores.
1543 1425 1605 1473 In
1633 1425 1760 1475 Mss.
1781 1426 1911 1487 Reg.
1931 1425 2108 1475 Vatic.
2133 1433 2186 1474 et
2209 1426 2550 1487 Puteolanus,

339 1490 500 1548 Atque
520 1487 594 1535 illi
609 1489 889 1550 progenitis.
967 1489 1028 1537 In
1056 1491 1157 1538 Ms.
1181 1488 1311 1553 Agr.
1334 1506 1439 1553 quoe
1459 1488 1536 1538 illi
1553 1505 1643 1555 pro
1662 1490 1900 1552 cognitis,-
1931 1491 2069 1554 quod
2095 1491 2329 1554 Ryckius
2352 1497 2545 1541 servat.

337 1550 400 1599 In
426 1551 555 1601 Mss.
580 1552 718 1603 Flor.
742 1551 920 1603 Guelf.
946 1554 1097 1604 Harl.
1125 1555 1273 1605 Bodl.
1294 1555 1403 1606 Jes.
1427 1557 1584 1618 Atque
1605 1555 1677 1603 illi
1695 1570 1782 1618 pro
1800 1557 2029 1617 cognatis.
2063 1557 2295 1606 Brotier.

1341 1670 1389 1720 N
1396 1671 1563 1720 O‘rAE

313 1750 325 1757 ”
402 1763 428 1796 ¹1
460 1763 705 1827 sofoniam
747 1766 1049 1832 regenaam]
1092 1736 1401 1831 ‘iigenium

318 1884 319 1889 ,
339 1843 460 1892 libri
482 1843 767 1906 appellant,
789 1851 843 1892 et
866 1844 1261 1909 Graeci,quibus
1278 1860 1407 1894 sem·

1486 1775 1617 1832 tum,
1654 1768 1775 1835 quia
1806 1769 2031 1819 velocius
2064 1775 2179 1818 erat
2214 1767 2353 1817 vitiis
2379 1765 2551 1843 §adep-

1485 1852 1593 1909 tus,
1611 1845 1974 1895 crudelitatem
2014 1860 2150 1908 mox,
2171 1842 2361 1894 deiude
2386 1843 2554 1892 avari·

339 1933 436 1983 per
454 1922 750 1981 Τιγελλῖνος.
798 1920 1135 1984 Sophronium
1159 1929 1405 1986 corrupte

341 1995 572 2058 epitoma
609 1997 821 2047 Dionis:
874 1996 1122 2048 Ofonium
1157 2000 1324 2050 Tacit.
1363 2014 1404 2050 1.

342 2072 544 2123 Histor.
613 2075 766 2126 Quod
791 2076 864 2124 ait
893 2074 959 2124 de
985 2084 1159 2125 vetere
1181 2075 1405 2137 infamia,

341 2149 610 2213 intelligit,
648 2151 822 2213 credo,
861 2160 1095 2218 stuprum
1134 2154 1246 2218 ejus
1288 2171 1405 2205 cum

340 2224 640 2290 Agrippina
660 2235 825 2277 matre
847 2230 1095 2279 Neronis:
1131 2246 1230 2296 qua
1250 2247 1408 2281 causa

344 2317 375 2350 a
398 2302 526 2351 Caio
546 2303 600 2350 iu
624 2304 830 2352 exilium
853 2307 1043 2368 pulsus.
1109 2307 1248 2356 Dio:
1285 2309 1300 2334 ‘
1322 2308 1407 2357 In·

346 2386 429 2429 ter
451 2381 631 2429 exules
656 2389 763 2431 tum
804 2389 860 2431 et
897 2384 1181 2447 Tigellinus
1215 2384 1408 2450 Sopho·

342 2456 455 2506 nius
479 2459 724 2522 expulsus
743 2466 842 2523 est,
864 2468 922 2511 ut
953 2463 1039 2527 qui
1063 2462 1316 2513 adulterio
1339 2462 1409 2512 A·

345 2535 639 2599 grippinam
663 2540 998 2592 temerasset.'

408 2611 615 2661 Mentio
635 2613 776 2662 clara
796 2615 1029 2678 hominis,
1059 2617 1212 2666 immo
1235 2617 1407 2667 brevis

346 2687 468 2738 vitae
504 2687 804 2754 descriptio,
824 2692 878 2740 in
914 2693 1203 2744 Scholiaste
1239 2695 1410 2744 veteri

317 2765 632 2830 Juvenum,
668 2768 732 2817 ad
768 2784 989 2831 versum,
1023 2771 1171 2820 Pone
1205 2768 1409 2836 Tigelli:

345 2846 599 2907 num‚&c.
635 2846 651 2871 ‘
669 2846 729 2894 C.
754 2845 973 2896 Ofonius
995 2848 1299 2912 Tigellinus,
1323 2863 1411 2913 pa-

347 2926 433 2968 tre
448 2918 808 2985 Agrigentino,
819 2924 1122 2987 Scylaceum
1145 2926 1408 2991 relegatus

339 2996 574 3060 juvenis,
597 3001 774 3062 egens,
796 3015 974 3049 verum
999 3002 1273 3051 admodum
1298 3005 1411 3067 pul·

347 3075 488 3136 cher,
526 3074 578 3122 in
617 3076 1015 3126 concubinatum
1055 3095 1087 3127 a
1121 3080 1324 3129 Vinicio
1355 3087 1411 3130 et
1442 3073 1449 3078 ’

347 3152 510 3201 Lucio
531 3153 779 3217 Domitio,
810 3145 1009 3204 inaritis
1035 3157 1333 3221 Agrippinae
1357 3167 1413 3209 et

350 3230 515 3280 Liviae
541 3246 772 3280 sororum
807 3233 1048 3296 Caesaris,
1081 3244 1240 3300 atque
1275 3236 1324 3284 in
1357 3251 1413 3285 u·

350 3306 584 3372 triusque
607 3309 852 3360 uxoribus
892 3319 1181 3375 suspectus,
1216 3313 1286 3361 ob
1319 3312 1415 3363 hoc

350 3385 479 3435 urbe
500 3387 812 3438 summotus!

397 3457 578 3512 ‘Plura
610 3463 717 3513 illic
756 3464 892 3514 vide.
959 3467 1035 3515 Μ.
1058 3465 1294 3515 Vinicius
1332 3464 1416 3514 Li-

350 3540 488 3593 viam
529 3542 828 3593 Germanici
874 3543 1030 3593 filiam
1072 3558 1286 3593 uxorem
1331 3545 1417 3592 ha·

346 3618 487 3680 buit,
531 3625 589 3667 et
644 3620 701 3669 L.
750 3621 1013 3670 Domitius
1059 3620 1414 3686 Agrippinam.

318 3749 323 3754 ,
349 3695 563 3745 Tacitus
587 3695 621 3743 l.
646 3710 722 3744 vr.
787 3698 995 3761 Lipsius.

316 3826 326 3834 ‚
418 3772 668 3833 Sofonium
694 3774 1000 3837 Tigellinum]
1065 3776 1230 3825 Vetus
1258 3776 1419 3825 inter-

352 3864 476 3913 pres
512 3851 704 3902 Juven.
739 3853 802 3900 ad
846 3853 981 3902 hunc
1023 3869 1240 3915 versum,
1274 3854 1418 3903 Pone

318 3979 327 3990 ,
350 3926 667 3989 Tigellinum
682 3932 781 3976 ὅτε.
805 3929 820 3956 ‘
835 3928 894 3978 C.
912 3929 1230 3992 Sophonium
1245 3931 1418 3995 Tigel-

351 4003 513 4052 linum
538 4010 686 4067 patre
711 4004 1053 4069 Agrigentino
1079 4008 1288 4057 natum?
1349 4010 1420 4058 Et

355 4081 482 4131 Tac.
508 4082 712 4131 Hister.
731 4097 772 4131 1.
818 4086 832 4110 ‘
857 4080 1095 4132 Sofonius
1135 4085 1418 4149 Tigellinus

356 4157 601 4207 obscuris
633 4158 952 4221 parentibus,
995 4157 1134 4209 foeda
1179 4162 1420 4226 pueritia,

356 4235 621 4299 impudica
639 4245 872 4298 senecta,
906 4235 1272 4300 praefecturam
1297 4239 1421 4300 vigi-

356 4310 463 4360 lum
486 4318 540 4362 et
563 4313 812 4377 praetorii‚
833 4319 887 4362 et
905 4313 1003 4363 alia
1029 4314 1240 4377 praemia
1261 4315 1422 4366 virtu·

1486 1922 1611 1971 tiam
1634 1929 1689 1971 et
1716 1922 1886 1970 virilia
1909 1922 2109 1971 scelera
2147 1918 2416 1980 exercuit,'
2450 1922 2553 1969 ὅτε.

1487 1999 1683 2062 Magna
1723 2012 1840 2062 pars
1873 1998 1961 2046 ille
2000 1996 2352 2047 calamitatum
2396 1995 2557 2060 Reip-

1489 2075 1679 2138 saepius
1701 2081 1942 2124 occurret
1965 2074 2122 2134 infra,
2144 2082 2198 2123 et
2222 2074 2312 2123 lib.
2339 2072 2540 2122 Hister.
2607 2100 2616 2109 =

1552 2150 1576 2184 ¹¹
1609 2154 1767 2214 Atque
1789 2153 1861 2201 illi
1880 2167 1968 2217 pro
1988 2150 2215 2215 cognitis]
2273 2149 2460 2213 Vulgo,
2484 2150 2557 2199 Et

1486 2245 1590 2293 quoe
1611 2230 1684 2277 illi
1693 2245 1782 2292 pro
1799 2229 1979 2290 genitis
1988 2226 2339 2286 moribusfioere
2353 2243 2370 2275 .·
2404 2233 2459 2275 et
2478 2225 2555 2276 sic

1487 2308 1639 2355 Vett.
1660 2305 1777 2353 libri
1797 2322 1811 2365 ;
1834 2305 1923 2353 sed
1943 2305 2065 2353 nihil
2084 2304 2276 2354 certius
2295 2308 2377 2352 est
2392 2301 2557 2366 scrip-

1488 2388 1608 2431 tura
1645 2381 1943 2430 Famesiani
1982 2380 2191 2442 codicis,
2213 2380 2254 2428 si
2301 2393 2417 2427 eam
2457 2378 2559 2427 dis-

1490 2458 1742 2510 tinctione
1754 2458 1906 2523 juves
1931 2474 1944 2506 ε
1979 2459 2135 2521 Atque
2153 2457 2226 2506 illi
2245 2471 2329 2519 pro
2351 2454 2559 2518 cognitis

1491 2535 1700 2586 moribus
1721 2535 1883 2598 suere,
1919 2536 2125 2584 validior
2163 2534 2440 2596 Tigellinus,
2476 2535 2557 2597 ᾁσ.

1494 2612 1720 2661 Dixerat
1773 2626 1972 2672 causaS,
2021 2607 2212 2675 'quibus
2263 2608 2436 2658 evecti
2489 2608 2559 2658 ad

1495 2686 1855 2753 praefecturam
1912 2687 2098 2737 Fenius
2152 2694 2206 2737 et
2245 2685 2558 2749 Tigellinus:

1494 2765 1674 2815 subdit
1712 2772 1987 2828 utrumqne
2021 2763 2198 2827 fuisse,
2231 2778 2320 2827 pro
2352 2763 2561 2812 mor-ibus

1488 2842 1723 2905 rogastis,-
1770 2842 1825 2891 id
1862 2848 1960 2903 est,
1982 2842 2056 2890 ita
2093 2840 2230 2905 apud
2269 2839 2557 2904 principem

1492 2920 1731 2983 valuisse,
1754 2925 1814 2968 ut
1850 2919 1983 2968 ratio
2017 2917 2136 2966 vitaz
2170 2915 2353 2981 prioris
2376 2922 2430 2964 et
2453 2930 2562 2965 mo-

1491 3013 1605 3047 rum
1629 2998 1957 3062 pristinorum
1980 2994 2202 3046 ferebat.

1558 3075 1698 3124 Nam
1729 3073 1919 3122 ascitus
1959 3086 2054 3136 per
2090 3070 2330 3120 libidines
2349 3069 2562 3135 Tigelli·

1494 3166 1611 3214 nus,
1647 3166 1740 3215 per
1774 3151 1979 3199 easdem
2020 3149 2122 3197 vim
2163 3148 2377 3197 retinuit
2421 3146 2563 3211 apud

1496 3230 1779 3279 Neronem.
1877 3226 2067 3277 Fenius
2105 3225 2282 3275 favore
2326 3226 2462 3288 vulgi
2504 3231 2563 3273 et

1493 3305 1937 3356 commendatione
1992 3302 2298 3352 innocentiae
2345 3301 2564 3364 electus,

1495 3382 1715 3444 gratiam
1736 3379 1909 3443 populi
1927 3378 2160 3439 retinuit,
2176 3391 2277 3426 non
2297 3375 2564 3440 principis.

1498 3459 1758 3507 Mercerus.

1565 3533 1718 3583 Alter
1739 3532 2124 3597 Manuscriptus
2142 3531 2280 3580 Flor.
2305 3530 2437 3588 hauc
2459 3529 2564 3579 lec·

1498 3610 1691 3660 tionem
1732 3610 2053 3672 comprobat,
2096 3624 2245 3674 quam
2267 3651 2272 3656 .
2294 3601 2563 3656 Mercerus

1496 3703 1562 3735 ex
1597 3686 1911 3735 Farnesiano
1949 3685 2298 3749 amplectitur.
2372 3685 2566 3733 Sensus

1497 3771 1595 3824 est,
1619 3764 1836 3812 Fenium
1860 3778 1920 3813 ac
1934 3763 2245 3827 Tigellinum
2268 3761 2474 3811 minime
2498 3760 2565 3809 ab

1500 3840 1740 3905 opinione
1765 3842 2021 3888 hominum
2044 3839 2460 3903 degeneravisse,
2489 3842 2569 3887 ta·

1500 3918 1674 3981 lesque
1706 3917 1760 3966 in
1799 3931 1863 3965 eo
1899 3931 2107 3965 munere
2149 3931 2202 3963 se
2243 3914 2568 3978 pra-stitisse,

1503 3994 1683 4058 quales
1707 3993 1908 4056 pridem
1932 3994 2127 4057 cogniti
2152 3991 2374 4038 fueraut.
2440 3989 2568 4038 Vul-

1502 4087 1570 4135 go
1591 4078 1725 4132 erat,
1740 4087 1796 4119 ac
1818 4087 1920 4135 quae
1935 4071 2008 4118 illi
2025 4085 2115 4133 pro
2130 4067 2344 4128 cognatis
2366 4065 2569 4115 moribus

1488 4145 1651 4209 fuere.
1722 4150 1964 4198 Picheua.

1567 4226 1581 4259 ¹
1612 4226 1854 4291 Moribus]
1877 4227 2044 4276 Nemo
2066 4223 2242 4274 statim
2267 4220 2567 4287 provehitur

1502 4316 1570 4365 ad
1608 4330 1824 4381 summa,
1854 4322 1945 4365 aut
1990 4313 2225 4380 proxime
2262 4309 2569 4372 acceditad
