3063 4952
450 526 729 600 sontem,
756 516 1233 598 nobilem‚³1et,’
1258 516 1445 602 quod
1462 521 1628 582 tuno
1650 513 2146 602 spectatam-‚⁴³
2192 518 2212 549 ‘
2239 531 2280 583 je
2307 511 2650 587 Gaesanun

447 625 738 710 posteris
758 622 798 689 ἐ’
828 623 1168 707 quippe-et
1197 621 1465 687 Silanus
1482 619 1575 687 D.
1596 617 1890 701 Augusti
1907 613 2229 702 abnepos¹¹
2257 622 2419 682 erat.
2467 615 2649 693 Haeo

449 744 661 797 nausa
684 727 909 801 necis.
979 724 1274 792 Ministri
1300 723 1489 789 suere
1531 723 1615 789 P.
1650 721 1887 801 Celer,⁵
1926 720 2150 805 Eques
2177 719 2552 799 Romame,
2584 723 2653 784 et

449 829 721 905 Helius⁶
747 824 1064 908 libertnS,¹
1089 829 1190 894 rei
1206 828 1516 895 familiari
1537 825 1867 913 Principis
1894 825 1966 891 iu
1985 822 2155 895 Asia
2172 824 2490 910 impositi.
2538 822 2648 895 Ab

1084 459 1089 462 0
1130 388 1203 439 G.
1224 416 1231 423 ·
1250 381 1611 439 donnum
1660 384 1942 436 ‘ritem‘
2329 388 2418 455 [Α.
2439 390 2510 440 υ.
2531 389 2654 440 sos.

446 997 647 1049 facinus
669 996 981 1059 obtinuerat,
1000 995 1231 1047 Silanum
1250 994 1414 1045 virum
1458 1001 1718 1046 maturum
1762 993 1924 1059 annis,
1962 993 2312 1055 innocentem,
2346 992 2561 1054 clarum,
2599 997 2654 1049 et

449 1065 713 1115 Cauarum
737 1062 920 1125 stirpe,
941 1063 1064 1126 Μ
1099 1066 1211 1111 tanc
1245 1060 1601 1126 respiciebam.
1669 1062 1885 1124 Namque
1917 1064 1966 1110 et
1998 1059 2195 1109 Silanus
2215 1064 2316 1108 erat
2337 1072 2477 1122 nepos
2496 1057 2655 1120 neptis

446 1130 519 1180 D.
542 1128 769 1192 Auenti.
832 1128 910 1178 Ea
931 1143 1074 1177 causa
1093 1127 1248 1177 oaedis.
1315 1127 1546 1176 Anu-toves
1566 1131 1615 1177 et
1634 1126 1864 1178 satellites
1875 1124 2017 1185 suere
2041 1126 2104 1174 P.
2129 1125 2266 1174 Celer
2285 1138 2422 1188 eques
2440 1123 2579 1174 Rom.
2589 1122 2651 1173 et

448 1195 608 1244 AElias
627 1195 837 1257 libertas,
855 1193 935 1257 qui
956 1192 1133 1259 fiscum
1157 1191 1390 1256 principis
1421 1190 1651 1242 curabant
1687 1192 1740 1265 in
1771 1191 1909 1242 Asia.
1976 1189 2053 1240 Ha·
2074 1204 2297 1240 venenum
2316 1187 2527 1254 affitdere
2545 1203 2653 1252 pro·

1370 1334 1728 1356 mOOOOOOOOO
1777 1344 1782 1345 ν

511 1428 766 1477 4Mallet
789 1428 1057 1489 Ernestns,
1091 1425 1402 1490 spectabatur.
1405 1431 1500 1474 —5
1537 1423 1684 1475 Infra
1717 1427 1857 1476 Hist.
1894 1440 1969 1477 nr.
2001 1430 2084 1476 40.
2124 1427 2185 1475 P.
2212 1426 2437 1477 Celerem.
2510 1410 2654 1474 Male

370 1526 375 1531 -
448 1507 572 1556 ergo
612 1493 866 1542 editiones
901 1499 1105 1541 veteres
1150 1498 1208 1541 et
1253 1492 1385 1540 Mss.
1424 1491 1485 1539 P.
1529 1491 1758 1540 Celer-its.
1838 1491 2068 1541 Brotier.
2072 1496 2171 1540 -6
2220 1492 2304 1539 lta
2341 1491 2552 1539 Sueton.
2596 1489 2652 1538 in

449 1558 580 1607 Ner.
604 1561 686 1608 23.
767 1557 944 1619 Dioni,
973 1569 1134 1605 nxur.
1175 1571 1227 1621 p.
1251 1560 1364 1606 723.
1387 1552 1575 1605 Ἤλιος.
1657 1557 1827 1618 Vulgo
1866 1556 1917 1604 in
1955 1556 2163 1620 scriptis
2201 1562 2256 1604 et
2296 1554 2450 1604 editis
2489 1555 2653 1614 libris,

442 1621 625 1751 ᾒέὶἑιέἰ
650 1620 920 1737 ἒῖὶιίηΕείὶιιε.
986 1621 1154 1670 Idem.
1240 1620 1533 1671 Gronovius
1572 1626 1629 1671 et
1662 1621 1891 1686 Ryckius
1934 1621 2127 1673 habent
2159 1621 2349 1680 AElius3
2397 1618 2487 1669 sed
2533 1619 2652 1670 huic

1444 1797 1657 1847 NOTAE

492 1896 534 1945 '¹
573 1910 830 1975 Insanum,
868 1910 1089 1976 nobilem]
1155 1910 1410 1974 Insoalem,
1448 1917 1508 1960 ut

450 1996 744 2052 opponatur
765 1989 979 2051 Neroni,
996 1988 1082 2054 qui
1095 1989 1208 2053 jam
1233 1987 1509 2052 parricidio

1590 1911 1776 1977 cipem,
1789 1927 1941 1979 quam
1961 1927 2023 1962 ex
2039 1913 2298 1964 Caesarum
2318 1913 2487 1976 domo,
2503 1929 2653 1981 quam

1590 1988 1727 2040 infra
1751 1992 1898 2041 Nero
1938 1997 2092 2041 vocat
2119 1990 2363 2053 familiam
2397 1993 2459 2040 ad
2495 2006 2657 2056 supa·

449 2066 652 2117 Claudii
685 2067 930 2132 profanus
968 2069 1333 2134 pollutusque}
1381 2067 1510 2118 nobi-

447 2144 557 2204 lem,
611 2151 674 2194 nt
725 2150 1017 2210 opponatur
1070 2144 1236 2193 eidem
1280 2143 1512 2207 Neroni3

448 2234 568 2269 nam
593 2221 704 2285 pari
727 2220 889 2285 gradu
923 2218 1217 2283 Augustum
1248 2220 1514 2284 continge-

440 2295 556 2346 bat.
621 2297 760 2347 Plin.
786 2299 821 2347 l.
844 2310 946 2346 vn.
971 2301 1052 2346 13.
1086 2300 1101 2325 ‘
1123 2296 1285 2345 Divus
1310 2296 1512 2359 Augus-

448 2377 547 2422 tus‘
571 2371 625 2422 in
657 2373 854 2439 reliqua
893 2373 1244 2436 exemplorum
1279 2373 1520 2437 raritate,

448 2449 618 2513 neptis
660 2463 766 2501 suae
809 2458 1050 2516 nepotem
1093 2449 1224 2499 vidit
1264 2449 1517 2514 genitum,

449 2542 553 2592 quo
587 2528 818 2579 excessit
855 2543 1004 2592 anno,
1041 2527 1116 2577 M.
1139 2527 1385 2591 Silanum,
1424 2526 1513 2592 qui

448 2618 569 2655 cum
606 2604 784 2655 Asiam
828 2605 1089 2655 obtineret
1126 2611 1245 2670 post
1280 2604 1512 2655 consula-

448 2688 580 2745 tum,
601 2687 717 2748 &c.,
741 2686 1046 2735 interemtus
1071 2685 1187 2735 est!

510 2758 529 2804 ³
566 2763 702 2820 Quod
723 2768 836 2812 tanc
854 2760 1171 2827 spectaretur]
1230 2758 1367 2813 Quia
1388 2773 1512 2809 non-

449 2835 574 2887 dum
611 2840 908 2903 evulgatum
947 2849 1062 2890 erat
1099 2838 1225 2887 illud
1267 2851 1512 2887 arcanum

449 2913 833 2980 dominationis,
847 2931 996 2981 posse
1015 2917 1169 2966 alium
1189 2914 1356 2965 creari
1378 2914 1514 2978 prin-

1591 2068 1984 2131 mumfastigium
1998 2064 2227 2133 genitam,
2250 2074 2338 2118 aut
2359 2067 2481 2119 alibi
2506 2084 2656 2135 quarn

1592 2145 1796 2195 Romae.
1886 2147 2039 2198 Quod
2082 2161 2323 2196 arcanum
2362 2145 2656 2210 evulgatum

1592 2229 1672 2272 est
1696 2239 1789 2288 per
1813 2223 2053 2285 Galbam,
2090 2225 2179 2289 qui
2221 2223 2456 2273 Caesares
2493 2223 2659 2274 nulla·

1592 2305 1744 2350 tenus
1784 2300 2142 2364 contingebat,
2170 2308 2238 2349 et
2280 2299 2366 2364 qni
2412 2286 2657 2365 princeps

1591 2378 1790 2428 electus
1812 2385 1894 2428 est
1917 2394 1947 2427 a
1969 2380 2153 2440 milite,
2170 2378 2225 2426 in
2248 2376 2521 2440 Hispania.
2642 2417 2654 2429 .

1655 2451 1681 2488 ¹¹
1711 2453 1905 2505 Silanus
1925 2456 1994 2506 D.
2012 2453 2219 2517 Aug-usti
2236 2452 2457 2517 abnepos]
2492 2442 2660 2514 Praeit

1591 2530 1657 2580 ad
1696 2538 1915 2582 stemma
1953 2530 2277 2597 aliquomodo
2317 2530 2535 2594 Plinius,
2570 2523 2660 2597 qui

1594 2622 1709 2657 eum
1745 2613 1987 2671 nepotem
2009 2604 2195 2656 scribit
2216 2604 2440 2669 Augusti
2463 2607 2657 2671 neptis.

1593 2683 1757 2748 Atqui
1800 2683 2038 2748 Augusto
2083 2697 2112 2732 e
2148 2682 2289 2734 Julia
2325 2680 2433 2732 fllia
2470 2680 2656 2747 neptes
2681 2703 2696 2723 κ

1594 2760 1729 2817 duae,
1767 2758 1912 2810 Julia
1950 2765 2007 2808 et
2044 2756 2354 2822 Agrippina.
2436 2758 2483 2809 E
2519 2753 2659 2838 Julia

1592 2837 1732 2886 hunc
1754 2835 1953 2896 derivo,
1973 2834 2073 2884 hoc
2096 2834 2282 2884 modo:

1358 3064 1585 3120 AEmrtu
1609 3062 1822 3111 Lemnii
1845 3062 2118 3125 proneptis

452 3287 615 3342 Rcui
638 3288 715 3337 vi.-
730 3289 808 3340 M·
889 3258 950 3307 L·
980 3258 1212 3308 AEmihus

449 3183 636 3283 Suum,
676 3221 810 3286 Aug,
889 3192 1177 3268 JUL1A‚cui
1199 3192 1277 3241 vir

452 3350 712 3421 Agrippa·
827 3201 1104 3443 {PauluS,
1134 3322 1277 3373 Suet.

889 3387 1027 3454 Aug.
1050 3403 1097 3439 c.
1121 3391 1203 3439 64.

1360 3194 1413 3241 in
1439 3191 1689 3241 Claudio.
1726 3191 1811 3241 cni
1834 3191 1914 3242 vir

1362 3257 1959 3319 Ap.JU1uvssmnns;

1361 3329 1685 3388 argumento,
1705 3322 1825 3386 quia
1852 3323 2126 3373 Suetonius

1363 3404 1476 3436 eum
1517 3402 1846 3436 consocerum
1888 3387 2093 3438 Claudii
2134 3393 2303 3438 vocat.
2369 3387 2562 3435 Postea
2584 3392 2661 3436 ta-

2197 3062 2275 3111 M.
2309 3062 2562 3125 Simuos,

1365 3126 1604 3192 Augusti.
1658 3127 1872 3176 Sueton.
1870 3141 2010 3203 cap.
2035 3131 2117 3177 26.
2129 3074 2275 3313 {de
2288 3141 2389 3190 quo
2412 3127 2496 3175 hic

2201 3194 2243 3242 Ι,
2294 3193 2549 3255 suanus,
2643 3195 2650 3202 ‘

1985 3258 2122 3307 claro
2203 3257 2407 3307 Claudii
2430 3270 2656 3321 gener..
2699 3305 2703 3308 ,

1364 3467 1478 3501 men
1503 3452 1657 3501 alteri
1679 3454 1891 3516 Lepidae
1916 3455 2149 3518 maritus,
2185 3468 2301 3519 quae
2336 3459 2504 3502 mater
2525 3453 2664 3502 Mes·

1363 3518 1577 3567 sallinae.
1642 3519 1723 3567 Ex
1746 3518 1932 3569 Dione.

517 3660 747 3732 Stemma
765 3663 864 3712 hoc
886 3662 1014 3713 satis
1033 3669 1233 3715 certum
1255 3673 1352 3716 est.
1432 3666 1516 3715 Ne

452 3735 606 3791 fallat
630 3732 682 3789 te
705 3747 879 3789 tamen
895 3741 1016 3802 Dio,
1033 3743 1119 3806 qui
1143 3744 1391 3807 Lepidam
1416 3759 1520 3793 ma-

453 3819 590 3864 trem
614 3816 947 3878 Messallinae,
966 3833 1178 3868 uxorem
1202 3820 1387 3871 tribuit
1415 3820 1519 3885 Ap-

451 3891 576 3957 piot
613 3892 702 3941 sed
727 3892 823 3940 sub
846 3893 1001 3943 finem
1027 3896 1162 3947 vitae.
1230 3896 1304 3947 At
1326 3899 1403 3947 M.
1433 3897 1521 3946 ille

452 3966 676 4029 Silanus,
694 3967 919 4031 Augusti
936 3971 1181 4037 abnepoS,
1200 3976 1403 4039 genitus
1421 3974 1521 4025 fuit

453 4042 575 4093 'vivo
595 4042 889 4107 Augusto.
1015 4084 1018 4088 .
1468 4071 1471 4074 ’

519 4117 752 4183 Appium
806 4121 941 4172 hunc
993 4125 1220 4177 Silanum
1272 4128 1520 4195 intelligit

455 4193 759 4260 Augustus
746 4212 799 4245 m
823 4201 1041 4263 epistola
1075 4205 1312 4268 quadam,
1344 4212 1518 4253 vocat-

457 4286 561 4339 qne
581 4270 787 4325 affinem
805 4276 1026 4344 Claudii,
1047 4280 1112 4329 ob
1135 4280 1233 4332 hoc
1258 4279 1520 4330 matrimo-

338 4635 485 4728 Ἃ,

1597 3665 1756 3728 nium,
1799 3664 1938 3728 apud
1983 3663 2194 3713 Sueton.
2238 3662 2421 3714 Claud.
2467 3677 2585 3726 cap.
2611 3668 2662 3713 4.

1595 3743 1611 3770 ‘
1651 3743 1847 3791 Curare
1914 3756 2029 3791 eum
2108 3740 2239 3789 ludis
2311 3739 2664 3803 Martialibus,

1597 3818 1876 3870 triclinium
1912 3816 2273 3879 sacerdotum,
2297 3829 2398 3864 non
2421 3811 2665 3879 displicet

1599 3893 1765 3954 nobis,
1798 3892 1840 3940 si
1877 3899 1960 3941 est
2000 3907 2255 3955 passurus,
2290 3905 2346 3941 se
2387 3892 2453 3940 ab
2492 3892 2666 3943 Silano

1597 3970 1723 4033 filio,
1743 3970 1949 4018 homine
1971 3970 2068 4018 sibi
2107 3967 2245 4017 affini
2283 3969 2568 4032 admoneri,
2598 3975 2664 4018 ne

1598 4046 1722 4112 quid
1746 4044 1927 4107 faciat,
1946 4046 2083 4111 quod
2106 4045 2340 4110 conspici
2362 4053 2420 4095 et
2438 4039 2666 4136 derideri

1599 4124 1797 4189 possit!
1859 4124 2069 4187 Lipsius.
2193 4173 2196 4176 ,

1662 4200 1678 4235 ¹
1705 4202 1886 4251 Helius
1904 4201 2123 4265 tebertus]
2155 4195 2325 4264 Vulgo
2348 4201 2536 4250 AElius:
2571 4199 2662 4250 sed

1598 4278 1715 4340 iste,
1736 4279 2001 4344 cujusnam
2021 4277 2277 4328 libertus?
2330 4277 2485 4328 Haud
2508 4274 2665 4326 dubio
