3063 4952
567 428 745 499 2002

1277 434 1345 482 Ο.
1393 423 1762 480 CORNELII
1807 417 2065 473 'mom

2443 412 2537 479 [A.
2556 411 2624 464 u.
2646 410 2753 461 sio.

571 571 960 669 trucidatur,
987 585 1226 672 plenus
1257 576 1621 646 constantis
1650 570 1948 650 silentii‚‘¹
1970 587 2096 632 nec
2123 563 2422 630 Tribuno
2447 558 2761 643 objiciens

572 801 821 867 occiditur,
847 794 1172 866 firmitudinis
1189 798 1237 843 et
1253 788 1431 842 nuntii·
1445 785 1693 852 pervim,
1712 781 1803 848 qui
1833 795 1918 831 nee
1950 773 2234 829 trucidanti
2254 771 2445 822 tribuno
2475 769 2604 819 iden
2629 764 2762 815 neela

1562 1014 1777 1068 NOTAE

573 1196 691 1246 mu»,
733 1178 827 1230 sed
870 1182 1023 1228 extra
1066 1175 1265 1235 urbem,
1307 1170 1398 1221 ubi
1436 1182 1639 1230 cruces,

574 1258 810 1325 patibula
862 1254 1053 1318 defixa,
1112 1251 1372 1303 cadavera
1415 1246 1638 1311 abjecta,

578 1336 783 1401 aliaque
800 1345 916 1399 quoe
939 1332 1005 1381 ad
1028 1329 1284 1394 supplicia
1306 1325 1492 1391 plebis.

642 1410 955 1464 Plutarchus
977 1410 1030 1458 in
1063 1406 1265 1457 Galba:
1298 1406 1314 1434 ‘
1334 1403 1521 1453 Galbae
1557 1416 1640 1451 ca·

577 1498 675 1556 put
698 1487 934 1541 Patrobii
958 1493 1014 1536 et
1035 1482 1237 1534 Vitellii
1273 1479 1449 1531 servis'
1482 1479 1639 1528 dona-

577 1578 718 1634 runt,
740 1569 879 1636 quod
900 1568 976 1617 ini
997 1573 1268 1628 acceptum
1291 1561 1426 1611 omni
1460 1566 1642 1609 contu·

576 1648 843 1698 meliarnm
877 1653 931 1693 et
962 1642 1299 1693 ludibriorum
1324 1652 1511 1703 genere
1537 1634 1642 1686 affi-

578 1727 779 1776 cientes
817 1725 833 1752 ‘
868 1723 1175 1786 abjecerunt
1217 1719 1268 1767 in
1311 1717 1499 1778 locum,
1553 1712 1641 1763 ubi

581 1804 749 1856 occidi
768 1803 952 1864 solent,
965 1800 1016 1849 in
1035 1812 1161 1863 quos
1182 1795 1354 1846 Caesar
1361 1792 1516 1857 jussit
1535 1791 1640 1840 ani·

581 1881 930 1931 madvertere.
991 1877 1161 1925 Locus
1184 1871 1489 1922 Sestertium
1513 1867 1642 1918 dici·

583 1954 706 2006 tur.'
793 1955 960 2003 Extra
1001 1950 1183 2000 urbem
1229 1948 1365 2010 dico,
1401 1947 1443 1996 is
1481 1947 1644 2007 locus,

579 2032 783 2098 (errant
801 2028 972 2095 quide
993 2025 1256 2077 Gemoniis
1273 2019 1644 2089 suspicantur,)

585 2110 666 2160 vel
686 2107 902 2158 nominis
917 2109 1236 2168 argumento.
1270 2102 1356 2152 Sic
1381 2100 1514 2148 enim
1540 2098 1645 2147 dic-

584 2192 687 2245 tus,
705 2179 1095 2249 quiasemitertio
1113 2178 1179 2228 ab
1196 2177 1320 2226 urbe
1334 2174 1546 2224 milliari.
1570 2174 1648 2222 Ea

585 2260 792 2326 quidem
823 2259 956 2308 ratio
979 2253 1275 2321 appellandi
1306 2256 1520 2314 recepta
1545 2249 1647 2298 Ro-

582 2338 764 2388 manis.

648 2416 737 2465 Ita
772 2413 1052 2479 Septimum,
1078 2406 1340 2456 Palatium
1377 2401 1471 2452 sub
1495 2400 1644 2463 urbe,

586 2494 890 2551 Justiuiani,
924 2491 1015 2540 lib.
1040 2500 1241 2538 xxxw.
1288 2485 1347 2534 C.
1372 2483 1457 2531 De
1490 2482 1647 2529 dona-

585 2576 711 2624 tion.
766 2571 1035 2630 Decimum,
1056 2562 1399 2614 suburbanum
1436 2557 1648 2608 Cartha-

589 2651 718 2713 ginis
736 2646 1014 2710 Procopio.
1049 2641 1328 2705 Septimum,
1347 2636 1649 2697 Hostiense,

585 2724 874 2790 Symmachi
896 2722 1037 2782 villa,
1061 2718 1150 2768 lib.
1170 2730 1247 2765 νι.
1271 2729 1356 2778 ep.
1411 2713 1649 2769 Quartum

590 2802 792 2854 Latinae
818 2798 956 2862 apud
991 2794 1211 2845 eundem
1248 2790 1337 2840 lib.
1361 2803 1440 2838 ix.
1495 2788 1649 2844 Quar-

587 2884 690 2926 tum
719 2875 993 2935 Pollionis,
1040 2871 1179 2935 apud
1219 2867 1516 2919 Martialem
1556 2863 1646 2913 lib.

590 2970 679 3007 111.

653 3033 830 3083 Credo‘
845 3031 1006 3085 fuisse
1026 3035 1175 3078 extra
1195 3029 1394 3090 portam
1429 3017 1650 3084 Esquili-

590 3124 738 3160 nam:
765 3115 818 3158 et
836 3106 1040 3157 odorari
1063 3103 1240 3153 videor
1264 3098 1649 3161 corruptionem

589 3188 701 3250 ejus
726 3184 865 3234 verbi
898 3183 950 3232 iu
980 3183 1383 3231 commentatore
1429 3171 1652 3233 Horatii,

591 3262 667 3313 uti
691 3260 942 3326 Cruquius
963 3257 1154 3307 sedulae
1190 3252 1454 3302 industriae
1491 3249 1651 3297 inter-

593 3352 713 3401 pres
747 3351 866 3387 eum
900 3334 1093 3385 edidit:
1130 3332 1145 3359 ‘
1169 3328 1467 3394 Esquilinus
1506 3339 1652 3373 mons

592 3416 774 3469 Romae
819 3430 884 3464 ex
926 3421 1126 3477 septem
1170 3408 1445 3459 montibus.
1512 3405 1654 3453 Hinc

595 3493 863 3557 Esquilina
902 3498 1056 3555 porta
1097 3491 1273 3537 Romae
1325 3485 1534 3544 dicitur,
1566 3481 1656 3530 ad-

593 3568 887 3630 sessorium,
926 3566 1013 3615 ubi
1047 3571 1221 3616 certus
1258 3567 1372 3612 erat
1405 3561 1550 3609 locus
1578 3573 1656 3607 se-

595 3643 893 3707 pulcrorum
968 3642 1031 3691 ad
1088 3653 1305 3701 corpora
1370 3649 1656 3699 pauperum

596 3716 1086 3771 aut'sceleratorum
1128 3717 1407 3778 viliumque
1448 3712 1656 3760 combu-

596 3797 778 3859 renda,
800 3804 890 3846 aut
912 3796 1124 3846 canibus
1148 3789 1508 3856 projicienda!

661 3873 917 3936 Legerim‚
940 3873 1003 3919 ad
1041 3870 1340 3918 Sestertium.
1405 3865 1556 3923 Sicut
1606 3864 1656 3912 in

596 3948 702 3998 vita
726 3948 999 4012 Cypriani:
1021 3948 1035 3973 ‘
1055 3947 1181 3995 Cum
1208 3942 1433 3991 venisset
1450 3941 1516 3988 ad
1541 3956 1658 3988 eum

593 4024 785 4084 locum,
809 4024 896 4086 qui
933 4022 1120 4069 dicitur
1147 4022 1351 4079 Sextus,
1385 4016 1658 4081 quarto‘ab

600 4098 725 4147 urbe
769 4096 1023 4145 milliariz'
1072 4095 1398 4142 emendatum
1443 4091 1506 4140 ab
1547 4090 1658 4139 aliis

600 4181 761 4236 recte,
786 4172 1075 4223 Sea-tertius.
1117 4171 1337 4234 Lipsius.

616 4244 626 4313 ζ
661 4247 923 4296 Ser-vilibus
956 4247 1128 4310 poenis]
1197 4249 1349 4295 Forte
1391 4247 1445 4294 in
1489 4260 1660 4294 exem-

602 4326 764 4391 plum,
786 4332 1134 4401 etxterrorem,
1154 4334 1208 4376 et
1230 4327 1296 4377 ad
1315 4314 1563 4390 majorem
1585 4325 1660 4374 in·

1715 1164 1949 1226 famiam,
1971 1168 2031 1211 nt
2056 1160 2141 1226 qni
2173 1172 2282 1222 prae
2304 1152 2500 1205 ceteris
2533 1149 2766 1213 ingratus,

1717 1257 1812 1306 pro
1831 1239 2094 1291 beneficiis
2121 1234 2322 1285 collatis
2355 1230 2635 1296 pessimam
2666 1225 2766 1273 bono

1712 1318 1923 1384 principi
1953 1317 2104 1366 vicem
2126 1311 2389 1371 redderet,
2424 1313 2480 1356 et
2517 1305 2593 1354 sic
2625 1298 2770 1351 veluti

1720 1398 1891 1448 servili
1944 1394 2201 1459 supplicio
2268 1383 2588 1454 plectendus
2641 1378 2772 1430 vide·

1719 1481 1880 1524 retur.

1785 1552 1905 1602 Non
1929 1550 1980 1600 in
2017 1546 2218 1608 castris,
2250 1549 2310 1593 nt
2347 1540 2438 1606 qui
2484 1539 2689 1600 togatus
2723 1533 2775 1578 et

1723 1626 2014 1679 senatorius
2057 1627 2214 1684 esse't,
2253 1631 2355 1667 non
2399 1615 2485 1663 vir
2529 1605 2773 1660 militaris.

1721 1704 1888 1753 Miror
1930 1708 2123 1760 tamen,
2150 1694 2289 1761 quod
2331 1707 2392 1740 eo
2437 1691 2557 1740 loco
2593 1684 2776 1734 occisus

1721 1782 1790 1830 sit
1813 1794 1844 1829 a
1865 1777 1977 1828 viro
2010 1772 2239 1824 militari.
2307 1770 2471 1817 Forte
2492 1764 2570 1813 sic
2593 1770 2779 1810 amove·

1722 1865 1826 1921 tur,
1847 1870 1943 1906 nec
1976 1855 2029 1903 in
2063 1851 2192 1900 urbe
2214 1844 2555 1902 interficitur,
2588 1852 2652 1887 ne
2682 1834 2780 1897 dig·

1722 1936 1856 1985 nitas
1877 1931 2103 1982 consulis
2123 1926 2330 1991 plebem
2351 1920 2604 1969 irritaret.

1789 2017 1815 2051 Ρ
1839 2009 1990 2057 Manu
2008 2005 2178 2063 Statii,
2201 1996 2423 2059 Tribuni]
2464 1994 2630 2065 ⁴Tales
2652 1986 2784 2038 nobi·

1722 2084 1847 2134 lium
1872 2083 2041 2133 caedes
2060 2093 2212 2129 maun
2235 2072 2459 2140 propria
2474 2064 2785 2132 exequeban-

1727 2170 1812 2210 tur
1869 2158 2064 2210 tribuui
2120 2140 2559 2219 praetorianarum
2625 2141 2784 2193 cohor·

1727 2239 1875 2302 tium,
1913 2252 2031 2286 cum
2065 2230 2390 2281 dominantes
2433 2223 2780 2289 imperassent·

1726 2318 1813 2367 Sic
1847 2315 2088 2378 Agrippa
2141 2311 2422 2359 Postumus
2481 2299 2697 2365 Augusti
2730 2294 2779 2345 fi-

1725 2394 1842 2458 lius,
1884 2391 2090 2441 Tiberio
2125 2386 2368 2452 jubente,
2397 2398 2431 2431 a
2472 2380 2678 2430 tribuno
2708 2388 2781 2424 oc-

1727 2470 1878 2521 cisuS.
1964 2469 2054 2519 Sic
2109 2465 2270 2517 etiam
2326 2458 2641 2511 Messallina
2699 2449 2781 2502 sub

1729 2547 1962 2598 Claudio.
2464 2602 2469 2605 ¹

1809 2627 1897 2676 Sic
1937 2626 2097 2690 Syna,
2130 2622 2202 2673 sic
2244 2617 2526 2672 Rubellius
2563 2614 2781 2669 Plautus,

1730 2719 1882 2754 manu
1920 2702 2245 2752 tribunorum
2290 2703 2382 2746 aut
2438 2689 2782 2744 centurionum

1730 2779 2164 2845 praetorianorum
2196 2772 2371 2825 occisi.
2441 2771 2516 2820 Et
2553 2764 2684 2817 iufra
2712 2764 2783 2810 67.

1732 2858 1747 2885 ‘
1772 2857 1940 2906 Poena
1960 2853 2127 2903 Flavii
2141 2846 2388 2917 (tribuni)
2410 2846 2617 2896 Veiano
2636 2840 2785 2902 Nigro

1731 2932 1941 2984 tribuno
1958 2926 2267 2980 mandatur?
2329 2985 2332 2991 ,

1796 3010 1902 3071 Sic,
1923 3016 1981 3057 ut
2012 3011 2159 3071 puto,
2177 3001 2441 3067 conjurati
2473 2995 2786 3050 centuriones

1735 3084 2034 3151 praetoriani
2058 3081 2418 3132 centurionum
2440 3090 2598 3126 manu
2630 3067 2792 3129 occisi,

1733 3176 1798 3211 ex
1821 3176 1964 3211 more
1988 3158 2206 3208 militiae.
2266 3157 2436 3226 *Certe
2462 3153 2617 3202 aliter
2639 3143 2789 3213 puniti

1733 3241 1830 3290 viri
1882 3239 2155 3298 militares,
2219 3234 2374 3284 aliter
2434 3231 2545 3280 alii.
2647 3224 2790 3274 Nam·

1735 3331 1835 3382 que
1858 3317 2002 3377 Piso,
2020 3315 2280 3374 Lucanus,
2295 3308 2569 3367 Vestinus,
2589 3305 2789 3367 Seneca,

1734 3401 1790 3444 et
1812 3390 2162 3442 aliisenatorii
2188 3388 2283 3439 viri
2300 3386 2596 3436 moriuntur
2618 3379 2787 3439 abrup-

1737 3474 1806 3523 tis
1830 3473 1996 3522 venis.
2736 3462 2739 3467 ⁴

1801 3558 1826 3591 ‘1
1860 3549 2038 3598 Plenus
2058 3545 2320 3596 constantis
2341 3540 2546 3602 silentii]
2595 3527 2788 3598 Egregii

1738 3626 1832 3675 viri
1852 3633 2074 3674 mortem
2092 3625 2294 3688 plenius
2314 3620 2569 3670 Arrianus
2587 3609 2793 3670 descrip-

1738 3704 1824 3767 sit,
1842 3704 1879 3753 l.
1907 3718 1944 3752 1.
1969 3718 2017 3752 c.
2039 3708 2087 3753 1.
2108 3708 2122 3730 ⁴
2147 3703 2433 3750 Lateranus
2455 3699 2508 3744 in
2527 3693 2671 3752 urbe,
2688 3697 2790 3737 cum

1728 3780 1971 3843 jussisset
2019 3779 2165 3828 Nero
2211 3776 2288 3824 ini
2329 3769 2590 3836 amputari
2634 3764 2787 3826 caput,

1740 3857 2026 3907 extendens
2048 3855 2260 3915 collum,
2295 3865 2413 3900 cum
2440 3855 2705 3912 percussus
2725 3850 2793 3887 es·

1741 3939 1841 3995 set,
1865 3942 1921 3983 et
1956 3935 2108 3997 plaga
2138 3930 2344 3980 modica
2378 3930 2627 3988 impressa
2657 3917 2794 3976 foret,

1741 4028 1912 4060 rursus
1935 4012 2123 4060 conum
2149 4008 2362 4057 obtulit.
2449 4002 2553 4053 Sed
2580 4005 2632 4048 et
2655 4000 2793 4045 autea

1742 4089 2011 4138 accedenti
2038 4084 2401 4150 Epaphrodito
2430 4079 2643 4130 Neronis
2659 4072 2792 4121 liber·

1741 4173 1817 4225 to,
1864 4172 1919 4214 et
1958 4163 2300 4226 interroganti
2335 4161 2403 4209 de
2432 4151 2790 4220 conjuratione,

1740 4245 2044 4310 respondit3
2077 4244 2131 4293 Si
2166 4240 2291 4306 quid
2326 4241 2500 4288 dicere
2522 4232 2689 4290 velim,
2708 4233 2788 4276 tno

1742 4323 1947 4373 domino
1966 4319 2171 4372 dicam?
2207 4319 2257 4370 Ο
2276 4316 2542 4368 excelsum
2560 4299 2789 4360 animum!
