3063 4952
327 383 380 435 J.
402 382 463 435 c.
483 383 592 447 ss]

1011 377 1427 428 ANNALIUM
1481 379 1634 427 mn.
1679 377 1848 429 xul.

2393 366 2565 435 14⁰7

1344 564 1560 616 NOTAE
1595 584 1600 595 ⁴
1673 570 1679 578 '

395 667 649 716 Consulum
663 664 985 715 tribunatibus
999 663 1165 727 Italia]
1202 666 1399 714 Contra

330 758 392 795 11.
418 748 500 794 ³5.
571 745 759 794 Gallus
801 743 1180 794 contendebat:
1219 745 1234 771 ‘
1257 744 1400 793 Nihil

331 823 452 872 satis
491 822 695 871 illustre
738 827 830 872 aut
868 837 933 871 ex
975 821 1228 885 dignitate
1258 817 1398 886 Pop.

334 900 569 963 Romani,
591 900 691 949 nisi
713 915 886 950 coram
913 906 965 949 et
989 900 1083 948 sub
1108 899 1267 949 oculis
1293 900 1404 948 Cae-

333 978 480 1027 saris:
538 993 706 1043 eoque
764 984 1074 1029 conventum
1122 978 1289 1028 Italiae
1348 984 1405 1027 et

336 1053 598 1105 affluentes
643 1056 938 1119 provincias
973 1056 1265 1120 praesentiae
1291 1056 1404 1121 ejus

336 1134 585 1183 servanda
604 1133 848 1185 dicebat!
904 1133 1005 1183 Sed
1025 1135 1139 1184 haec
1162 1150 1256 1198 per
1279 1134 1401 1184 adu-

333 1210 578 1262 lationem
601 1212 652 1260 in
678 1211 989 1276 principem.

396 1289 466 1337 Et
488 1294 632 1339 certe
656 1290 752 1338 hoc
791 1290 1057 1340 consulum
1087 1291 1172 1354 jus
1196 1290 1316 1353 fuit,
1343 1297 1417 1341 utr

333 1367 523 1430 patetl.
540 1370 763 1417 x111.28.
777 1366 793 1395 ‘
812 1367 1399 1417 Manebatnibilominus

333 1443 572 1509 quaedam
593 1444 765 1507 imago
788 1444 1028 1508 Reipub.'
1049 1447 1148 1495 &c.
1204 1445 1220 1472 ‘
1238 1445 1399 1494 Simul

333 1523 581 1587 prohibiti
622 1523 839 1573 Tribuni
888 1524 977 1588 jus
1018 1530 1299 1589 praetorum
1343 1533 1400 1575 et

334 1601 602 1651 consulum
642 1602 948 1665 praeripere,
986 1607 1077 1650 aut
1110 1615 1298 1651 vocare
1332 1615 1398 1650 ex

331 1653 504 1742 italia,
541 1694 662 1728 cum
684 1678 869 1744 quibus
904 1681 1020 1743 lege
1059 1679 1143 1743 agi
1181 1679 1398 1744 posset!

335 1756 610 1806 Neminem
644 1756 859 1805 Tribuni
894 1771 1081 1806 vocare
1117 1763 1402 1821 potuerunt

335 1848 396 1883 ex
429 1832 598 1895 Urbe,
638 1838 729 1882 aut
769 1834 942 1895 Italia,
981 1834 1022 1882 si
1063 1834 1139 1883 vis
1179 1830 1402 1898 abesset,

338 1911 423 1961 sed
458 1918 569 1961 tum
599 1910 654 1960 id
678 1926 854 1975 paenes
888 1914 1124 1963 consules
1161 1911 1282 1975 fuit,
1310 1919 1401 1963 aut

337 1994 615 2051 praetores;
652 1995 707 2038 et
744 1989 846 2037 vim
888 1995 1090 2038 tantum
1131 1990 1406 2053 repellere,

334 2079 433 2113 non
476 2063 657 2114 facere
702 2065 995 2115 debuerunt
1041 2067 1268 2128 tribuni3
1326 2067 1403 2115 vis

334 2148 504 2191 autem
529 2142 712 2205 fiebat,
735 2143 775 2191 si
800 2159 926 2208 quos
959 2159 1025 2194 ex
1066 2145 1223 2194 Italia
1256 2160 1406 2196 voca-

334 2226 469 2282 rent,
492 2221 801 2285 quibuscum
826 2222 942 2286 lege
965 2222 1048 2286 agi
1081 2228 1135 2272 et
1165 2223 1287 2287 jure
1326 2237 1407 2272 or·

333 2299 534 2348 dinario
564 2305 758 2362 posset.

396 2384 423 2417 Ρ
440 2377 611 2439 Itaflu,
627 2381 674 2426 et
687 2376 888 2439 publica
902 2377 1181 2442 provinciae]
1201 2379 1408 2443 Nempe

335 2455 451 2524 quia
476 2454 811 2520 pacatissima
836 2455 1011 2519 Italia,
1030 2463 1083 2506 et
1121 2456 1232 2507 haec
1265 2456 1405 2506 inter

321 2525 629 2596 *provincias
663 2532 843 2595 populi
866 2532 1105 2594 Romani,
1130 2534 1267 2582 sicut
1290 2533 1404 2582 aliae

331 2610 620 2676 provinciae
673 2611 926 2672 inermes;
979 2619 1035 2661 et
1078 2612 1231 2676 longa
1276 2625 1406 2675 pace

330 2688 444 2752 ipsa
478 2687 744 2737 utebatur.
815 2688 952 2739 Quia
990 2689 1063 2738 sic
1100 2698 1406 2753 usurpatum

331 2767 426 2817 sub
451 2766 712 2830 Augusto,
752 2781 905 2832 quem
940 2766 1036 2816 sibi
1075 2767 1322 2832 proponit
1357 2767 1406 2816 in

330 2844 658 2908 exemplum3
693 2849 747 2892 et
771 2843 891 2907 quia
915 2845 989 2893 sic
1024 2844 1145 2893 olim
1181 2842 1408 2894 obtinuit

330 2928 516 2970 vetere
552 2920 759 2982 Repub.
781 2926 838 2969 et
859 2921 1087 2984 priscum
1110 2937 1307 2972 morem
1330 2937 1408 2972 re-

332 3012 525 3048 vocare
549 2999 718 3048 voluit
742 2999 905 3063 Nero,
941 3006 1031 3050 aut
1053 2999 1224 3063 finxit,
1264 3001 1407 3065 inge-

332 3075 423 3124 nio
465 3076 687 3124 Senecae
733 3075 1120 3144 obtemperans,
1167 3079 1257 3143 qui
1303 3094 1407 3128 non

332 3150 587 3216 fingebat.

405 3230 619 3280 Pubticae
634 3231 914 3296 provincia]
945 3233 1166 3297 Spectat
1189 3232 1254 3282 ad
1278 3232 1408 3282 divi-

333 3309 534 3358 sionem
577 3309 933 3374 Augustaeam.
1015 3311 1264 3361 Claudius
1300 3313 1408 3375 ple-

334 3399 498 3449 raque
523 3388 695 3436 omnia
719 3388 783 3437 ad
810 3404 865 3438 se
887 3395 1147 3439 traxerat:
1187 3396 1241 3439 at
1264 3390 1407 3439 Nero

310 3525 313 3526 γ
335 3464 515 3528 populi
539 3465 850 3529 provincias,
867 3467 965 3531 (eae
986 3467 1121 3515 enim
1142 3466 1410 3530 publicae,)

334 3556 620 3605 earumque
644 3545 1024 3593 controversias
1048 3544 1169 3592 solis
1193 3545 1409 3593 consuli-

335 3617 434 3666 bus
457 3632 593 3668 curae
619 3616 755 3683 fore,
790 3635 845 3669 se
869 3620 1180 3670 Caesarianis
1201 3621 1411 3685 provin-

335 3696 450 3758 ciis,
474 3696 528 3744 in
554 3696 740 3761 quibus
773 3698 1038 3750 exercitus
1074 3706 1242 3760 erant,
1276 3698 1408 3749 velle

337 3772 609 3821 consulere
635 3772 896 3837 praedixit.
932 3774 1067 3838 Lips.

407 3849 617 3898 Publica:
634 3850 914 3913 provincia]
983 3852 1065 3900 Sic
1100 3853 1254 3902 dictae
1290 3861 1411 3904 sunt

337 3926 645 3989 provinciae,
669 3942 785 3991 quae
826 3928 1020 3991 populo
1059 3929 1205 3977 Rom.
1231 3930 1417 3996 cessis-l

339 4010 479 4065 sent,
516 4005 664 4069 quasi
703 4005 950 4067 populicae,
993 4019 1109 4054 cum
1148 4004 1292 4055 facta
1330 4014 1411 4056 est

337 4096 518 4131 earum
577 4082 765 4131 divisio
819 4084 958 4132 inter
1012 4083 1305 4148 Augustum
1358 4092 1413 4134 et

337 4159 395 4207 8.
420 4159 488 4207 P.
513 4161 580 4212 Q.
606 4161 913 4211 Romanum.

408 4225 519 4285 Has
536 4252 662 4286 vero
685 4236 841 4287 fuisse
860 4238 1040 4300 didici,
1059 4255 1176 4305 quae
1194 4256 1413 4305 sequun-

343 4318 463 4362 tur:
485 4314 674 4379 Αἰήτα,
696 4315 948 4382 Numidia,
974 4317 1254 4386 Cyrenaica,
1269 4319 1410 4385 Asia,

1478 666 1718 732 Bithynia
1737 681 1855 715 cum
1881 667 2052 728 Ponto,
2078 667 2274 716 Graeciu
2299 681 2415 716 cum
2439 652 2568 731 &pil

1476 761 1550 808 ro,
1573 745 1837 806 Dalmatia,
1857 745 2155 805 Macedonia,
2176 746 2341 804 Creta,
2361 744 2557 809 Sicut«,

1479 824 1727 885 Sardinia,
1754 824 2083 888 Hispaniaque
2104 824 2313 878 Boeticu.
2383 824 2549 873 Fuere

1484 917 1690 966 quoque
1734 901 1956 966 publicae
2016 899 2191 964 factae,
2235 899 2560 950 Narbonensis

1484 984 1676 1039 nostra,
1700 985 1755 1029 et
1798 980 2003 1043 Cyprus,
2043 993 2138 1041 pro
2174 979 2359 1043 quibus
2396 993 2428 1027 a
2465 992 2558 1042 po-

1487 1058 1609 1122 pulo
1632 1059 1808 1108 Caesar
1848 1057 2147 1108 Dalmatiam
2182 1056 2398 1121 recepit.
2448 1056 2558 1109 Ver-

1484 1135 1696 1185 trunius.

1547 1213 1761 1262 Publicae
1793 1212 2073 1276 provincia]
2142 1213 2224 1262 lta
2256 1212 2551 1264 distributae

1481 1292 1782 1357 provinciae,
1806 1298 1864 1341 ut
1888 1297 2087 1355 pacatae
2125 1297 2182 1340 et
2219 1291 2442 1340 inermes
2466 1305 2555 1356 pa-

1482 1375 1663 1419 rerent
1701 1368 1921 1429 senatui,
1956 1368 2251 1432 populoque
2291 1368 2441 1418 Rom.
2476 1382 2558 1416 ar-

1482 1454 1638 1498 mata».
1687 1461 1830 1508 vero,
1880 1451 1934 1495 et
1978 1445 2063 1494 ubi
2114 1445 2345 1508 legiones
2387 1452 2561 1511 erant,

1481 1530 1731 1590 parerent
1754 1522 1996 1589 principi.
2033 1524 2165 1575 Quae
2189 1522 2364 1586 populi
2386 1528 2560 1587 erant,

1475 1604 1698 1670 publicoe,
1723 1603 1838 1652 aliae
1866 1602 2092 1661 Coesuris,
2116 1601 2292 1650 dictae.

1545 1690 1570 1724 (Ι
1611 1682 1693 1731 1112·
1728 1682 1934 1730 Petrum
1972 1676 2178 1740 aditum]
2245 1677 2369 1728 Non
2391 1683 2553 1728 mute.

1482 1758 1747 1820 ConsuleS,
1782 1756 1970 1821 inquit,
1993 1754 2266 1819 praebeant
2297 1754 2560 1818 provinci-

1481 1834 1646 1884 alibus
1670 1834 1865 1884 aditum
1888 1825 2127 1880 Patrum.
2196 1829 2268 1880 At
2292 1831 2402 1880 haec
2439 1836 2568 1880 ora-‘

1483 1914 1556 1963 tio
1578 1913 1793 1963 Senecae
1830 1909 1960 1960 adeo
2000 1916 2150 1973 grata
2187 1908 2453 1971 Patribus,
2478 1908 2557 1958 ait

1482 1991 1799 2054 xiphilinus:
1834 1991 1848 2017 ‘
1871 1995 1929 2037 ut
1954 1988 2004 2036 in
2043 1992 2341 2050 argenteam
2365 1987 2558 2036 colum-

1482 2084 1604 2118 nam
1628 2069 1787 2117 incisa
1810 2068 1897 2130 sit,
1919 2073 1972 2116 et
1998 2066 2246 2115 Kalendis
2275 2064 2396 2113 anni
2419 2065 2559 2127 novi,

1485 2160 1604 2195 cum
1625 2145 1860 2195 consules
1881 2144 2077 2205 ineunt,
2095 2158 2158 2190 ex
2184 2141 2397 2191 decreto
2417 2141 2561 2191 dein-

1485 2238 1611 2287 ceps
1636 2221 1808 2273 lecta!
1879 2220 1994 2270 Nec
2019 2234 2205 2268 novum
2242 2218 2295 2266 id
2334 2219 2556 2268 Senatus

1484 2302 1785 2353 decretum:
1823 2299 2030 2364 excipio
2053 2298 2119 2347 de
2145 2304 2378 2362 argento.
2439 2326 2446 2331 Ἴ

1551 2380 1684 2430 Nam
1725 2385 1780 2429 et
1823 2385 1979 2427 autea
2017 2391 2220 2440 semper
2261 2376 2557 2441 principum

1486 2457 1747 2507 orationes
1786 2455 1838 2504 in
1880 2469 1951 2504 aes
1990 2453 2186 2516 incisae,
2211 2460 2265 2505 et
2306 2454 2559 2504 Kalendis

1482 2535 1606 2588 Jan.
1633 2536 1885 2584 recitatae.
1951 2533 2154 2581 Morem
2183 2547 2332 2595 quem
2359 2545 2457 2580 non
2484 2532 2558 2580 ni-

1485 2615 1582 2673 mis
1628 2619 1806 2664 notum
1851 2611 2085 2675 suggerit
2134 2610 2258 2659 mihi
2312 2612 2420 2659 Dio
2465 2611 2560 2663 lib.
2620 2637 2624 2641 ·

1487 2691 1693 2741 ultimo:
1719 2690 1878 2739 ‘Cum
1900 2689 2137 2752 legerent
2159 2688 2209 2735 in
2225 2678 2419 2737 'senatu
2444 2703 2557 2736 ora-

1488 2769 1658 2819 tiones
1684 2767 1932 2833 quasdam
1955 2765 2181 2829 Augusti
2203 2772 2258 2815 et
2276 2766 2469 2815 'I'ibe'rii
2492 2779 2560 2814 ex

1490 2846 1726 2908 decreto,
1759 2845 1836 2894 ita
1865 2850 1925 2894 ut
1950 2843 2013 2893 ad
2039 2858 2306 2907 vesperam
2341 2844 2560 2893 Senatus

1490 2922 1846 2983 detineretur;
1882 2923 2119 2987 legentes
2151 2921 2397 2972 Claudius
2430 2921 2562 2970 inhi-

1491 3001 1626 3065 buit,
1647 3000 1886 3051 sufficere
1920 3001 2115 3061 dicens,
2137 2999 2273 3065 quod
2295 3015 2369 3049 eae
2395 2999 2446 3048 in
2471 3013 2559 3049 co-

1491 3081 1679 3129 lumnis
1704 3081 1878 3128 incisae
1902 3078 2110 3128 essent!

1556 3160 1748 3208 Lucem
1771 3158 1893 3206 hinc
1918 3156 1983 3205 do
2007 3154 2166 3204 Plinii
2207 3153 2564 3219 panegyrico:

1486 3236 1941 3287 ‘Acclamationes
1967 3234 2202 3297 nostra5,’
2236 3234 2425 3298 inquit,
2460 3235 2473 3261 ‘
2493 3248 2562 3283 ne

1487 3331 1591 3382 qua
1633 3315 1975 3379 interciperet
2006 3312 2218 3375 oblivio,
2266 3311 2331 3360 P.
2382 3312 2462 3372 (λ,
2507 3310 2561 3359 in

1488 3393 1698 3459 publica
1719 3399 1839 3442 acta
1863 3389 2160 3452 mittendas„
2180 3394 2235 3437 et
2257 3387 2562 3437 incidendas

1488 3472 1540 3520 in
1584 3485 1686 3518 aere
1726 3468 2015 3518 censuistis.
2102 3466 2262 3528 Ante,
2297 3466 2558 3515 orationes

1489 3548 1785 3612 principum
1826 3553 2025 3595 tantum
2072 3543 2324 3608 ejusmodi
2373 3557 2562 3608 genere

1490 3630 1939 3674 monumentorum
1987 3622 2219 3671 mandari
2272 3621 2562 3670 aeternitati

1489 3702 1747 3751 solebant:
1784 3699 2183 3750 acclamationes
2206 3699 2415 3764 quidem
2443 3714 2560 3749 nos-

1490 3790 1584 3832 trae
1613 3779 1899 3843 parietibus
1917 3779 2088 3828 Curiae
2113 3777 2528 3828 claudebantur!

1555 3860 1626 3908 Et
1652 3858 1718 3906 ab
1738 3858 1837 3907 hoc
1861 3858 1966 3905 ritu
2004 3863 2101 3919 est,
2138 3856 2271 3922 qnod
2298 3857 2365 3907 Q.
2393 3855 2560 3905 Hate-

1491 3936 1598 3984 rius
1623 3934 1761 3997 apud
1779 3933 2014 3983 Tacitum
2041 3934 2075 3981 l.
2094 3947 2180 3982 111.
2199 3939 2395 3994 censet,
2416 3935 2431 3960 ‘
2448 3933 2561 3996 ejus

1492 4012 1596 4061 diei
1620 4012 2077 4060 Senatusconsulta
2110 4011 2277 4059 aurcis
2311 4011 2481 4059 literis
2506 4011 2563 4060 iu

1493 4089 1651 4137 Curia
1687 4088 1925 4151 figenda!
2009 4089 2261 4152 Iugerunt
2306 4095 2360 4138 et
2397 4089 2562 4140 Juris-

1492 4166 1735 4227 consulti,
1760 4165 1899 4230 apud
1925 4180 2053 4228 quos
2077 4165 2204 4214 locis
2226 4166 2561 4230 aliquot-ora-

1493 4244 1660 4294 tiones
1681 4243 1761 4293 hae
1787 4243 2076 4308 principum
2100 4243 2341 4295 laudatae.
