3063 4952
465 376 646 446 1976
705 349 714 355 ’
1167 388 1251 437 «ο.
1298 385 1666 439 connum
1712 387 1971 439 'mern

471 533 603 627 que
627 538 1007 605 facundiam
1038 536 1308 603 tuendis
1338 537 1616 603 civibus¹
1662 536 2044 617 exercebat,
2085 525 2528 622 largitionem³
2571 539 2690 604 ad-

468 663 706 711 versus
753 644 1032 721 amicos»,
1084 646 1150 707 et
1193 642 1434 724 ignotis
1482 657 1751 724 quoque
1806 640 2014 704 comi*
2061 655 2360 706 sermone
2410 647 2480 707 et
2508 662 2690 707 'con-

2363 393 2458 458 [Α.
2478 394 2551 447 U.
2574 400 2693 448 sio.

469 767 725 832 gressu.
814 745 1114 810 Aderant
1158 745 1361 810 etiam
1398 743 1723 822 fortuita,¹·
1769 761 2016 827 corpus
2042 762 2418 826 procerum,
2446 743 2695 810 decora

470 850 704 916 facies,
795 849 927 915 Sed
968 847 1208 933 procul
1246 846 1542 932 gravitas
1568 864 1844 925 morum,
1876 849 1995 909 aut
2019 845 2443 929 voluptatum
2472 848 2694 931 parci-

471 955 738 1018 monia:
783 953 1041 1018 lenitati
1085 971 1166 1019 ac
1210 949 1713 1034 magnificentiae
1742 952 1811 1012 et
1835 948 2193 1032 aliquando
2220 948 2447 1012 luxui*
2473 948 2693 1013 indul-

472 1055 698 1139 gebat.
789 1053 1004 1139 quue
1050 1053 1354 1138 pluribus
1400 1051 1804 1137 probabatur
1822 1071 1843 1135 ;
1861 1095 1868 1103 -
1887 1051 2028 1135 qui,
2058 1052 2130 1115 in
2156 1057 2348 1116 tanta
2377 1052 2693 1116 vitiorum

471 1156 894 1237 dulcedine,W
936 1177 1268 1224 summum
1297 1156 1662 1242 Imperium
1705 1174 1839 1222 non
1881 1155 2251 1232 restrictum
2297 1174 2423 1221 nec
2470 1175 2696 1240 perse-

473 1280 707 1327 verum
733 1262 986 1328 volunt.

478 1437 664 1502 Quippe
706 1439 1012 1503 eloquentiam
1048 1436 1350 1498 defendendis
1386 1436 1566 1486 civibus
1586 1436 1859 1508 usurpabat,
1893 1436 2225 1487 liberalitatem
2241 1452 2375 1515 erga
2413 1437 2608 1500 amicos,
2647 1442 2697 1487 et

473 1504 656 1564 ignotis
675 1506 820 1554 etiam
838 1506 990 1553 civilis
992 1503 1270 1581 ,facilisque
1289 1501 1425 1552 aditu
1446 1507 1494 1551 et
1525 1503 1769 1566 colloqwio.
1837 1502 2032 1551 Inermtt
2061 1504 2207 1556 etiam
2240 1503 2340 1566 ipsi
2361 1505 2496 1551 dotes
2505 1503 2645 1564 forte
2664 1518 2694 1551 a

473 1574 650 1620 natura
686 1573 832 1633 dutoe,
853 1575 1037 1618 statura
1056 1570 1233 1619 eximia
1254 1572 1301 1617 et
1334 1565 1549 1630 dignitas
1567 1569 1682 1617 oris.
1747 1566 1843 1617 Sed
1864 1569 1999 1629 longe
2024 1568 2206 1617 aberat
2230 1570 2458 1617 severitas
2492 1583 2699 1629 morum,

472 1639 560 1683 aut
597 1635 1036 1685 oblectamentorum
1078 1634 1381 1684 abstinentia.
1449 1634 1740 1694 megaram,
1776 1632 2162 1698 mugmficentioe,
2198 1639 2246 1682 et
2280 1633 2524 1682 interdum
2559 1633 2699 1682 luxui

472 1712 574 1749 sese
589 1700 914 1764 permittebat.
981 1702 1131 1763 quue
1163 1699 1379 1763 pluribus
1406 1704 1605 1759 gratum
1626 1701 1747 1761 erat,
1767 1699 1848 1761 qui
1869 1699 1921 1746 in
1942 1699 2092 1747 tantis
2123 1699 2417 1761 voluptatum
2447 1697 2702 1762 illecebris,

475 1777 703 1815 nmmum
711 1765 982 1827 fortunam,
1002 1780 1146 1828 neque
1167 1769 1419 1829 austeram,
1439 1778 1584 1827 neque
1605 1763 1790 1812 omuino
1811 1763 2021 1826 rigidam
2041 1764 2254 1828 cupiunt.

1403 1907 1581 1928 ‘0000‘
1556 1905 1729 1926 ‘we
1704 1907 1761 1926 00

545 1987 576 2034 8
612 1984 716 2035 Ms.
751 1985 887 2049 Reg.
913 1986 1207 2049 largitiones.
1210 1991 1307 2036 —4
1341 1985 1564 2036 Italibri
1588 1999 1784 2035 omnes.

478 2048 783 2114 eleganter;
817 2052 954 2101 baud
979 2061 1153 2102 tamen
1175 2051 1485 2102 necessario.
1552 2050 1771 2101 Brotier.

1484 2186 1537 2237 N
1542 2184 1699 2236 01*AE

480 2296 704 2371 gravitas
727 2311 943 2362 morum,
967 2306 1056 2348 aut
1087 2300 1411 2364 voluptatum
1433 2314 1548 2363 par-

477 2376 716 2441 cimonia,
736 2382 783 2426 et
817 2377 1068 2441 aliquando
1092 2377 1215 2428 Piso
1236 2377 1372 2428 luxui
1395 2377 1549 2428 indul-

474 2453 777 2583 gebginfra
796 2536 879 2582 65.
919 2531 935 2559 ‘
961 2532 1099 2584 Quin
1122 2537 1176 2582 et
1197 2530 1360 2582 verba
1379 2529 1547 2581 Flavii

479 2610 845 2675 vulgabantnr,
866 2624 968 2659 non
992 2608 1190 2673 referre
1213 2607 1483 2672 dedecori,
1504 2607 1549 2656 si

480 2686 793 2738 citharoedus
816 2687 1184 2745 dimoveretur‚
1207 2692 1263 2736 et
1286 2684 1551 2749 tragoedus

1850 1984 2058 2051 Lipsius
2081 1985 2261 2036 mallet
2292 1984 2463 2035 comis.-
2500 1997 2602 2034 nec
2625 1982 2703 2032 in·

1627 2299 1681 2348 in
1702 2298 1783 2362 iis,
1808 2314 1923 2364 quae
1958 2298 2169 2349 minoris
2192 2304 2342 2349 erant
2366 2296 2703 2361 discriminis,

1626 2377 1863 2427 Sentium
1889 2378 2238 2441 Saturninum,
2255 2377 2473 2442 quitum
2497 2377 2701 2439 legatus

1628 2452 1793 2518 patris
1814 2452 1920 2518 ejus
1942 2454 1996 2503 in
2022 2453 2305 2504 Germania
2339 2451 2534 2518 fuerat,
2566 2467 2701 2518 prae·

1627 2530 1854 2595 fecisset,
1872 2530 2036 2581 virum
2058 2532 2401 2596 multiplicem
2424 2531 2478 2580 in
2497 2531 2703 2581 virtuti-

1628 2606 1745 2671 bus,
1765 2621 1976 2671 navum,
1999 2608 2208 2672 agilem,
2241 2608 2538 2672 providum,
2572 2608 2702 2657 mili-

1630 2685 1919 2751 tariumque
1964 2684 2248 2735 officiorum
2304 2686 2595 2750 patientem
2641 2700 2702 2736 ac

475 2765 814 2828 succederet3
852 2764 972 2830 quia
992 2770 1052 2813 ut
1075 2763 1217 2813 Nero
1239 2763 1452 2828 cithara,
1476 2762 1552 2812 ita

482 2842 613 2894 Piso
633 2843 833 2906 tragico
852 2848 1038 2892 ornatu
1060 2838 1321 2890 canebat!

545 2920 563 2954 ⁸
593 2920 889 2978 Facundiam
927 2919 1113 2969 tuendis
1158 2916 1363 2980 civibus]
1434 2915 1548 2968 Has

481 3009 660 3047 omnes
681 2995 858 3046 laudes
881 2996 993 3059 ejus
1013 2994 1221 3057 cecinit,
1238 2995 1548 3059 quicumque

479 3073 571 3125 iue
592 3071 891 3123 adolescens
914 3073 1100 3137 Poeta,
1132 3072 1187 3122 in
1219 3070 1547 3136 Panegyrico

483 3147 550 3199 ad
570 3148 834 3198 Pisonem.
898 3148 1108 3213 Lipsius.

481 3274 488 3283 ,
551 3232 575 3258 ¹¹
593 3225 843 3289 Fortuita]
866 3226 1035 3279 Dotes
1057 3225 1259 3290 babuit,
1281 3239 1396 3290 quae
1412 3222 1551 3275 forte

482 3317 516 3353 a
552 3308 740 3353 natura
775 3303 953 3353 inditae
988 3304 1089 3368 ipsi
1121 3309 1276 3368 atque
1298 3301 1549 3365 ingenitae

482 3386 650 3430 erant.
717 3379 947 3431 Fortuita
979 3380 1125 3445 dicit,
1160 3379 1281 3445 quia
1312 3392 1416 3428 non
1449 3391 1554 3428 om·

482 3457 634 3507 nibus
653 3456 836 3507 eadem
852 3457 1146 3522 promiscue
1164 3472 1426 3509 concessa.
1450 3460 1554 3527 Po-

479 3534 589 3584 tuit
622 3533 817 3584 habere
851 3535 976 3585 Piso
1007 3535 1353 3600 nobilitatem,
1384 3537 1548 3587 virtu-

481 3617 611 3672 tem,
631 3625 776 3675 opes,
794 3626 893 3662 nec
924 3618 1098 3663 tamen
1131 3612 1325 3664 habere
1347 3627 1435 3664 eas
1459 3614 1549 3665 do-

481 3694 563 3739 tes
585 3689 840 3754 corporis.

483 3818 491 3825 ,
549 3767 829 3817 For-taicum
848 3767 968 3828 fuit,
989 3768 1127 3833 quod
1146 3768 1350 3834 opibus,
1368 3769 1552 3821 nobili·

481 3845 605 3906 tati,
634 3844 861 3909 ingenio,
897 3860 960 3896 ac
994 3844 1277 3909 facundiae,
1311 3848 1552 3899 eximiam

483 3922 716 3985 corporis
740 3924 967 3986 speciem
998 3923 1355 3988 conjungeret.

548 4007 570 4029 V
589 3997 871 4062 ‚aliqnando
889 4001 1049 4065 hatti]
1080 4000 1167 4051 Sic
1185 4007 1305 4063 sunt
1318 4002 1554 4070 plerique

482 4074 715 4124 homines
756 4090 787 4124 a
821 4082 1010 4127 natura
1041 4079 1352 4143 comparati,
1380 4088 1556 4131 amant

482 4151 751 4215 virtutem,
773 4167 874 4202 non
898 4160 1073 4204 tamen
1091 4168 1323 4207 severam
1341 4164 1429 4207 aut
1444 4157 1557 4209 hor-

486 4225 669 4279 ridam.

553 4301 639 4383 Sic
661 4303 794 4353 Vell.
819 4320 879 4361 u.
903 4305 993 4358 ubi
1014 4307 1082 4358 de
1104 4307 1343 4361 Tiberio:
1377 4310 1392 4338 ‘
1419 4286 1549 4361 Cum

1627 2761 1854 2826 peritum
1880 2763 2097 2826 pariter,
2118 2762 2207 2813 sed
2230 2761 2453 2812 eundem
2489 2763 2580 2813 ubi
2618 2777 2705 2813 ne·

1630 2837 1775 2903 gotia
1794 2836 2043 2888 fecissent
2072 2838 2243 2888 locum
2267 2838 2393 2902 otio,
2414 2838 2705 2889 liberaliter

1628 2915 1874 2982 lauteque
1896 2929 1958 2965 eo
1982 2914 2307 2980 abutentem,
2335 2915 2414 2966 ita
2444 2924 2625 2967 tamen
2647 2922 2706 2966 ut

1629 3005 1748 3042 eum
1783 2991 2114 3057 splendidum
2153 3007 2215 3042 ac
2258 2992 2497 3059 hilarem,
2535 2995 2706 3060 potius

1629 3083 1782 3135 quam
1819 3071 2139 3121 luxuriosum
2173 3076 2266 3122 aut
2297 3070 2533 3123 desidem
2573 3068 2708 3123 dice·

1627 3144 1751 3196 res!

1695 3231 1730 3257 *Γ
1760 3224 1823 3275 In
1856 3230 1993 3277 tanta
2026 3227 2251 3278 vitiorum
2281 3227 2549 3292 dulcedine]
2577 3229 2711 3279 Seu·

1630 3316 1717 3351 sus
1740 3304 1952 3367 proprie
1973 3312 2053 3354 est
2076 3321 2089 3353 ε
2124 3306 2188 3354 In
2211 3305 2406 3356 saeculo
2423 3311 2507 3356 tot
2527 3306 2709 3355 tantis-

1632 3393 1736 3444 que
1754 3379 1995 3431 vitiorum
2017 3380 2276 3432 illecebris
2295 3388 2545 3446 corrupto
2566 3398 2580 3442 ;
2623 3382 2708 3432 vel

1633 3453 1690 3506 in
1712 3471 1775 3506 ea
1796 3456 2072 3509 dulcedine
2097 3460 2357 3521 vitiorum,
2391 3477 2511 3527 quae
2535 3476 2598 3512 eo
2618 3476 2712 3512 sse·

1634 3534 1754 3584 culo
1776 3535 2000 3585 omnium
2021 3535 2204 3585 animis
2228 3536 2533 3600 irrepserat.

1701 3611 1825 3660 Fuit
1847 3617 1997 3662 certe
2025 3611 2153 3661 illud
2190 3614 2439 3662 saeculum
2472 3614 2711 3665 omnibus

1631 3685 1847 3751 flagitiis
1871 3685 2364 3752 profligatissimum,
2379 3694 2435 3738 et
2453 3690 2593 3754 qnod
2610 3705 2711 3740 non

1631 3764 2029 3828 instaurabitur,
2042 3779 2073 3813 n
2082 3764 2144 3814 isi
2157 3779 2328 3814 rerum
2342 3765 2712 3830 potienteVes·

1632 3840 1870 3906 pasiano,
1892 3848 1949 3892 et
1972 3842 2213 3907 exemplo
2249 3843 2412 3907 ipsius
2440 3844 2712 3909 principis,

1631 3934 1738 3968 non
1781 3919 1958 3969 edicto
1978 3925 2088 3981 ¹aut
2123 3919 2361 3984 imperio,
2401 3925 2465 3985 ut
2515 3919 2714 3972 fatetur

1632 3996 1749 4060 ipse
1761 3995 1997 4046 Tacitus,
2051 3995 2154 4045 Vel
2175 3996 2229 4044 in
2248 4010 2458 4061 genere,
2476 4003 2536 4047 et
2553 3997 2715 4048 indis·

1634 4068 1799 4123 tincte
1821 4073 1888 4123 de
1911 4072 2158 4123 vitiorum
2186 4073 2468 4137 illecebris,
2499 4090 2564 4125 ac
2589 4075 2717 4126 deli·

1635 4150 1882 4202 nimentis
1905 4152 2255 4216 voluptatum,
2293 4151 2351 4200 id
2373 4150 2601 4217 intelligi
2629 4169 2715 4219 po-

1637 4234 1759 4278 test·

1697 4305 1758 4355 In
1778 4309 1915 4355 lanta
1927 4304 2157 4359 vitiorum
2174 4303 2440 4370 dulcedine]
2474 4306 2716 4374 Respicit
