3063 4952
396 414 451 467 J.
472 412 534 469 c.
555 413 665 480 sm

1096 404 1514 458 umanum
1561 404 1711 456 mn.
1758 405 1937 457 ¹111.

2313 475 2320 482 ,
2425 387 2601 460 ιωι

393 575 527 622 non
596 553 771 622 ansi*
825 554 1057 639 ignaro
1120 551 1464 636 Principe,
1522 553 1975 638 perscripsere
2030 557 2253 618 tamen
2327 571 2602 620 consen·

393 724 602 790 ingredi,
623 731 719 785 aut
739 724 1001 788 inchoare,
1036 721 1245 773 casare
1282 721 1465 785 inscio,
1501 721 1550 771 ei
1578 726 1736 773 tamen
1770 721 2047 772 uncam
2086 736 2359 772 conse-suas
2389 724 2603 788 pann,

1384 862 1606 916 NOTAE

385 976 539 1028 rent?
569 975 884 1028 Habuerunt
903 977 1047 1028 illum
1066 993 1369 1030 consensum
1391 994 1459 1031 ex

382 1054 664 1105 sententiis
688 1063 914 1118 patrum,
934 1057 1151 1120 quirem
1173 1057 1323 1106 istam
1343 1072 1460 1122 pro·

382 1139 689 1195 posuerant,
721 1139 777 1182 et
821 1136 1139 1195 argumentis
1174 1133 1227 1182 in
1267 1140 1460 1184 utram·

381 1224 486 1274 qne
529 1216 740 1273 partem
783 1210 1179 1269 stabiliverant3
1219 1218 1274 1259 et
1306 1210 1458 1273 pauci

381 1285 598 1350 quidem
643 1284 891 1334 adversus
929 1286 1142 1335 libertos
1180 1287 1349 1334 acrius
1382 1287 1456 1336 in·

380 1350 724 1424 recti'ermt,
767 1371 822 1412 et
848 1363 1146 1412 relationem
1190 1363 1456 1414 consulum

376 1440 735 1504 postularant,
775 1441 960 1506 quibus
1004 1440 1093 1490 alii
1154 1449 1329 1504 patres
1375 1455 1456 1491 re-

381 1516 732 1580 sponderant,
769 1524 826 1566 et
854 1531 1034 1567 eorum
1063 1517 1351 1567 sententias
1373 1532 1453 1567 re·

374 1592 630 1644 fellerant
650 1613 668 1656 ;
695 1594 930 1644 Breviter
952 1601 1141 1644 tamen.

441 1671 609 1724 Quod
652 1670 815 1721 tiebat
858 1685 1002 1734 saepe
1033 1670 1308 1721 silentibus
1333 1685 1454 1722 con·

372 1748 606 1811 nulibus,
646 1755 703 1798 et
744 1747 992 1798 audiente
1024 1754 1243 1797 senatu:
1278 1749 1355 1798 ita
1371 1756 1454 1798 ta-

371 1839 514 1887 men,
542 1831 605 1874 ut
623 1825 813 1876 relatio
834 1839 976 1889 saepe
997 1823 1331 1890 abnueretur,
1361 1831 1454 1876 aut

372 1899 710 1954 differretur.
920 1911 929 1915 ⁴

436 1979 771 2043 lupello-eat,
807 1976 862 2028 id
892 1975 1030 2028 forte
1067 1984 1168 2043 est,
1202 1985 1454 2042 augerent

363 2050 737 2121 mnam,
756 2054 910 2106 etiam
941 2070 1059 2105 cum
1101 2069 1219 2106 eam
1252 2055 1454 2106 dissua-

367 2131 599 2182 debant.
669 2131 959 2181 Censennia
984 2129 1222 2194 hiteilige
1259 2131 1324 2180 de
1342 2147 1453 2182 ma-

358 2210 465 2274 jori
486 2216 653 2275 parte
669 2217 874 2275 patrum
892 2224 910 2272 3
933 2209 1020 2262 cui
1048 2210 1209 2260 etiam
1230 2211 1454 2261 accessit

364 2287 647 2353 princeps.

430 2368 557 2418 Nec
574 2368 771 2417 deerant
790 2365 874 2431 qui
891 2357 1153 2428 censerent]
1192 2366 1350 2416 Forte
1371 2365 1448 2416 in-

360 2440 598 2495 definite
643 2443 841 2495 dictum
879 2441 939 2493 τὸ
969 2447 1227 2505 censer-m,
1259 2457 1448 2508 nempe

361 2521 416 2573 in
462 2527 751 2587 utramque
787 2528 1011 2586 partem.
1071 2521 1176 2572 Sed
1213 2524 1449 2573 consules

360 2596 583 2650 referre
614 2613 721 2648 non
756 2599 868 2649 ausi
888 2606 1026 2662 sunt,
1044 2598 1356 2664 pena-iper:
1372 2604 1447 2649 ta·

358 2688 471 2725 men
508 2689 792 2725 muman
834 2681 1045 2739 senalus,
1088 2677 1318 2742 quisquis
1358 2678 1449 2728 ille

357 2750 557 2803 fuerit.
623 2753 741 2803 Nec
763 2754 899 2803 enim
922 2769 1042 2804 eum
1063 2755 1212 2805 nobis
1233 2754 1309 2805 ibi
1329 2770 1450 2820 ape-

356 2829 434 2880 rit
446 2828 696 2880 Tacitus.
763 2830 868 2880 Sed
888 2832 941 2881 in
966 2832 1203 2896 ambiguo
1219 2840 1446 2884 mentem

356 2906 592 2969 retinet,
630 2914 793 2972 ns'que
816 2908 882 2958 ad
898 2908 1152 2972 judicium
1173 2910 1444 2975 principis.

418 2984 439 3016 ⁸
469 2983 712 3034 emula
744 2985 1020 3036 relationem
1039 2987 1245 3051 incipere
1259 3003 1350 3038 non
1364 3003 1444 3038 aa·

352 3058 425 3123 si]
460 3058 641 3125 Atqui
661 3068 838 3124 patres
858 3062 911 3111 in
934 3069 1119 3114 senatu
1130 3065 1244 3128 jam
1266 3065 1333 3114 de
1345 3066 1444 3115 bac

356 3150 419 3194 re
440 3145 789 3201 censuerant,
809 3153 938 3203 ergo
945 3141 1058 3203 jam
1075 3141 1297 3191 relatum
1314 3149 1446 3207 erat,

359 3214 484 3263 eum
509 3213 791 3264 sententiae
813 3222 1119 3279 promantur
1138 3223 1257 3281 post
1271 3218 1446 3268 relati·

360 3302 526 3340 anem
550 3291 839 3344 consulum.

423 3367 581 3420 Quid
606 3369 769 3431 ergo?
801 3384 924 3419 num
945 3370 1223 3435 legendum
1241 3371 1448 3424 incidere

352 3442 649 3495 mutinen
660 3442 687 3496 ,7
698 3459 819 3494 nam
835 3446 926 3497 ubi
944 3450 1444 3500 senatusconsultum

353 3519 567 3573 {sctum
610 3529 746 3585 erat,
768 3523 822 3573 in
858 3538 931 3574 aas
953 3525 1301 3576 incidebatur.
1366 3525 1443 3579 At

353 3599 448 3651 hie
516 3604 1029 3652 senatusconsultum
1095 3603 1390 3653 absolutum
1423 3621 1438 3654 ε

350 3689 505 3740 nam,
539 3675 637 3738 ait,
662 3677 980 3741 perscripsere
997 3684 1154 3729 tamen
1175 3694 1442 3730 consensum

351 3748 577 3816 matus,
601 3753 693 3803 sed
709 3769 740 3804 a
762 3754 1005 3821 principe
1024 3758 1361 3820 postulatum,
1384 3765 1443 3809 ut

355 3828 559 3882 a'uctor
615 3824 1002 3885 constitutionis
1042 3835 1210 3900 fieret.
1276 3833 1443 3887 Aure-

352 3907 490 3960 lius.

422 3985 599 4037 Certe
633 3992 794 4037 aetum
828 3987 885 4037 ia
903 3993 1071 4039 mutu
1100 3987 1442 4053 ἀείναιιάἰὺυ,

349 4070 414 4115 et
435 4063 513 4114 de
553 4064 897 4116 irreverentia
933 4066 1235 4117 libertorum
1269 4065 1322 4114 in
1348 4081 1439 4130 pa-

352 4144 583 4214 cronon
617 4156 704 4192 nec
740 4145 936 4193 demut
964 4142 1057 4207 qui
1091 4146 1353 4203 emeat,
1381 4141 1439 4195 id

349 4223 464 4279 με,
505 4217 596 4283 qni
627 4226 847 4270 censere
887 4220 1107 4282 vellent,
1136 4226 1195 4270 et
1215 4218 1306 4284 qui
1327 4232 1441 4270 sen-

351 4293 805 4369 tcntiam‘eontra
839 4295 1088 4362 libertos,
1106 4296 1192 4348 vel
1223 4294 1280 4346 in
1300 4292 1439 4347 favo·

1537 992 1648 1029 rem
1690 977 1930 1044 proferre
1963 977 2136 1045 parati
2174 983 2370 1040 esseut,
2398 975 2441 1027 si
2479 989 2604 1028 con-

1535 1057 1672 1107 sules
1693 1057 2000 1107 relationem
2018 1057 2328 1120 inciperent.

1600 1132 1707 1184 Sed
1728 1150 1789 1184 ea
1811 1148 1895 1183 res
1918 1133 2050 1184 tanti
2090 1133 2338 1182 momenti
2377 1131 2483 1181 visa
2502 1136 2605 1197 est,

1536 1217 1618 1272 nt,
1639 1212 1931 1261 inconsulto
1969 1211 2227 1275 principe,
2264 1225 2380 1259 eam
2404 1207 2603 1259 referre

1535 1288 1676 1353 apud
1698 1296 1896 1352 patres,
1917 1296 1973 1338 ct
1990 1289 2058 1338 de
2074 1303 2139 1338 ea
2161 1287 2427 1337 decretum
2448 1285 2603 1350 perfi-

1533 1379 1679 1429 cere,
1699 1379 1801 1414 non
1823 1367 1938 1415 ausi
1981 1366 2108 1427 sint,
2145 1372 2201 1414 et
2246 1363 2602 1428 perscripsere

1531 1456 1835 1493 consensum
1859 1450 2067 1493 senatus
2088 1441 2312 1506 principi
2331 1457 2347 1502 ;
2372 1440 2459 1506 qui
2481 1453 2605 1490 con-

1533 1533 1713 1569 sensus
1737 1528 1965 1584 patrum‚
1981 1535 2077 1584 pro
2097 1521 2389 1570 auctoritate
2409 1515 2529 1580 fuit,
2544 1523 2601 1570 et

1533 1597 1695 1647 veluti
1735 1597 2010 1648 decretum
2045 1603 2296 1657 senatus;
2340 1593 2480 1661 quod
2524 1600 2601 1645 ta-

1531 1688 1652 1723 men
1687 1688 1793 1724 non
1815 1675 1988 1738 potnit
2007 1674 2121 1725 fleri
2144 1680 2236 1724 aut
2253 1673 2454 1739 perfici,
2475 1673 2602 1739 quin

1533 1750 1680 1814 prius
1707 1749 1965 1802 referrent
2002 1752 2258 1815 consules,
2297 1750 2423 1816 quin
2460 1749 2602 1816 prius

1530 1836 1809 1879 censerent
1829 1837 2026 1894 patres,
2040 1834 2143 1880 &c-

1595 1902 1793 1955 Verum
1824 1909 1927 1970 est,
1947 1906 2365 1971 perscripserunt
2386 1918 2600 1956 consen·

1535 1993 1648 2030 sum
1669 1988 1896 2046 senatus,
1913 1981 2002 2047 qui
2022 1983 2200 2032 statim
2216 1980 2444 2032 innotuit
2464 1980 2517 2030 in
2540 1994 2600 2033 re

1533 2057 1681 2110 facili
1722 2074 1784 2112 ae
1824 2059 2117 2124 favorabili,
2149 2062 2329 2113 multis
2364 2060 2600 2127 patribus

1533 2135 1649 2200 ipso
1663 2145 1798 2188 nutu
1819 2140 2249 2203 approbantibus,
2276 2145 2334 2191 et
2368 2139 2489 2204 quia
2507 2152 2600 2188 ne·

1534 2228 1618 2263 mo
1636 2212 1750 2264 fere
1773 2214 2166 2279 adversabatur,
2195 2216 2262 2266 Ut
2289 2215 2602 2279 interpam

1531 2291 1580 2340 ei
1592 2291 1838 2342 sententia
1857 2295 2092 2357 adversos,
2112 2293 2280 2359 inquit
2297 2293 2534 2344 Tacitus.

1594 2369 1666 2420 Et
1687 2376 1862 2433 patres
1890 2371 1989 2436 ipsi
2010 2371 2320 2421 illustriores
2339 2368 2601 2434 urgebant

1527 2445 1979 2514 hortabanturque
2018 2449 2276 2512 consules,
2297 2454 2359 2498 ut
2379 2461 2486 2499 rem
2520 2459 2599 2496 re-

1523 2521 1763 2585 ferrent3
1826 2524 1964 2574 unde
2037 2524 2258 2589 patebat
2313 2522 2598 2573 communis

1526 2612 1842 2662 consensus;
1882 2607 1939 2650 et
1962 2616 2077 2666 quae
2100 2599 2242 2652 forte
2260 2601 2478 2651 duorum
2508 2600 2596 2650 vel

1524 2679 1685 2728 trium
1706 2685 1916 2743 patrum
1932 2680 2196 2729 sententia
2208 2677 2400 2741 fuerat,
2418 2690 2597 2728 omnes

1525 2756 1906 2822 approbavere,
1928 2764 1985 2809 et
2007 2757 2146 2824 quod
2169 2757 2258 2808 alii
2293 2757 2447 2823 pauci
2477 2771 2596 2822 pro-

1524 2842 1828 2898 posuerant,
1858 2849 2011 2885 nemo
2042 2833 2282 2885 firmabat
2300 2840 2497 2900 praeter
2518 2833 2598 2900 ip·

1525 2925 1610 2961 sos
1630 2925 1841 2977 paucos.

1590 2989 1727 3039 Sunt
1748 3003 1872 3039 sane
1907 2987 2123 3052 negotia
2158 2986 2401 3055 quaedam
2421 2985 2594 3037 istius·

1522 3065 1667 3113 modi
1704 3067 1862 3128 clara,
1896 3070 1952 3114 et
1983 3065 2063 3115 ita
2098 3065 2362 3129 exagitata
2394 3068 2518 3112 ante
2540 3063 2594 3112 in

1524 3142 1802 3205 conviviis,
1840 3141 1895 3191 in
1928 3142 2164 3205 coetibus,
2197 3142 2251 3190 in
2282 3140 2518 3203 circulis,
2532 3147 2593 3190 ut

1523 3217 1637 3267 fere
1680 3219 1841 3268 etiam
1896 3226 2173 3283 autequam
2232 3224 2593 3281 proponantur

1523 3294 1754 3358 publice,
1773 3294 2031 3344 sententia
2057 3301 2204 3345 certa
2226 3294 2316 3356 sit,
2337 3300 2394 3343 et
2426 3291 2594 3343 veluti

1524 3371 1700 3435 palam
1742 3377 2032 3436 comperta,
2081 3370 2137 3420 in
2173 3384 2328 3436 quam
2371 3369 2592 3423 inclinat

1521 3453 1753 3496 senatus.
2508 3447 2513 3454 ’

1587 3523 1726 3573 'Palis
1743 3530 1917 3573 autem
1939 3522 2043 3574 fuit
2076 3538 2141 3574 ea
2172 3523 2236 3573 lis
2266 3523 2592 3593 libertorum,

1523 3599 1615 3664 qui
1653 3607 1901 3664 patronos
1943 3614 2063 3650 suos
2107 3600 2257 3651 simul
2294 3608 2351 3649 et
2379 3598 2589 3664 judices

1512 3678 1782 3728 habuere:
1819 3676 1953 3728 forte
1984 3683 2043 3727 et
2085 3690 2390 3742 corrupere,
2430 3684 2490 3726 nt
2531 3675 2588 3727 in

1522 3768 1616 3806 sua
1638 3769 1808 3804 causa.
2120 3820 2124 3824 ,

1589 3832 1813 3881 Consules
1829 3831 2107 3881 relationem
2119 3829 2327 3895 incipere
2343 3845 2438 3880 aon
2453 3828 2587 3893 ansi]

1520 3906 1607 3956 Ad
1658 3906 1963 3957 firmandum
2017 3908 2156 3957 hunc
2208 3907 2375 3957 locum
2429 3903 2588 3956 affert

1519 3982 1724 4049 Lipsius
1765 3984 1985 4034 alterum
2036 3985 2205 4034 iocum
2259 3982 2452 4045 Taciti,
2493 3980 2585 4047 qui

1517 4073 1636 4113 xlv.
1669 4065 1753 4111 49.
1819 4059 2073 4111 Attamen
2112 4062 2275 4110 latum
2311 4057 2585 4109 discrimen

1518 4147 1605 4197 est
1635 4141 1774 4195 inter
1794 4141 1883 4191 illa
1906 4142 2010 4191 duo
2032 4143 2151 4192 loca
2172 4158 2189 4203 ;
2212 4157 2328 4192 nam
2349 4142 2449 4191 boe
2470 4153 2584 4190 nos·

1518 4222 1605 4267 tre
1631 4220 1751 4271 loco
1790 4220 1830 4269 l.
1868 4233 1996 4270 xm.
2027 4219 2256 4270 nondum
2279 4218 2581 4270 relationem

1516 4291 1823 4361 inceperant
1854 4294 2089 4347 eonsules
2103 4310 2123 4360 3
2160 4293 2321 4360 igitur
2337 4307 2439 4346 nec
2458 4293 2580 4344 dum
