3063 4952
2312 381 2531 497 ‘1969

301 590 696 679 provincias
748 588 1014 656 Acrato¹
1054 609 1136 654 ac
1191 589 1525 655 Secundo*
1574 589 1928 655 Carinate.³
2039 587 2165 655 Ille
2202 566 2521 672 'libertasg

306 696 714 779 cuicumque
741 694 998 777 flagitio
1021 699 1360 779 promtus3
1404 693 1539 772 hic,
1566 691 1811 760 Graeca
1836 693 2170 759 doctrina⁸
2188 714 2305 764 ore
2334 699 2527 763 tenus

306 799 709 876 exereitus,4
736 797 1030 876 animum
1057 795 1248 861 bonis
1279 796 1531 862 artibus
1577 815 1721 861 non]
1756 795 2147 863 induerat.⁵‘
2233 796 2521 866 Fereba-

305 904 409 965 tur
460 903 482 934 ‘
509 898 822 979 Seneca,⁶
850 918 986 984 quo
1031 896 1353 965 invidiam
1403 898 1776 981 sacrilegiiu
1826 919 1872 964 a
1913 903 2123 965 semet
2170 904 2517 980 averteret,

302 451 361 504 J.
386 451 449 503 e.
472 448 588 514 aa]
1018 440 1458 492 ANNAMUM
1497 441 1646 493 mn.
1693 437 1824 493 xv.

306 1083 494 1132 Acrato
516 1096 573 1131 ac
596 1081 811 1132 Secundo
838 1080 1082 1132 carimate.
1150 1081 1244 1130 Ille
1273 1080 1509 1131 libertus
1490 1098 1542 1131 m
1562 1083 1872 1147 quodcumque
1891 1083 2071 1132 crimen
2095 1096 2275 1145 monus
2302 1087 2525 1146 paratus·

306 1160 437 1209 que,-
468 1147 546 1196 hic
572 1146 746 1196 (ἔπεσα
765 1147 1001 1211 sapientia
1030 1145 1168 1196 verbo
1189 1151 1325 1196 tenus
1343 1149 1572 1208 eruditus,
1607 1148 1732 1197 haud
1753 1149 1908 1197 animo
1942 1147 2166 1197 virtudem
2194 1149 2389 1211 penitus
2407 1148 2526 1198 hau·

304 1216 455 1262 cerat.
505 1210 764 1275 Dicebant,
781 1211 1057 1276 Senecam,
1080 1227 1179 1279 quo
1202 1212 1465 1277 sacrilegii
1487 1213 1664 1279 odium
1686 1228 1718 1263 a
1738 1226 1793 1263 se
1816 1210 2148 1278 transferret,
2165 1213 2332 1277 procul
2352 1218 2524 1264 amota

1240 1353 1419 1377 ”9000
1421 1355 1599 1377 “Im

304 1437 404 1490 bat
418 1440 670 1490 Ernestus
674 1444 783 1490 .—-3
817 1440 963 1490 Male
980 1440 1110 1490 Mas.
1122 1440 1261 1490 Flor.
1274 1441 1426 1492 Harl.
1443 1442 1597 1491 Bodl.
1610 1441 1719 1493 JeS.
1734 1439 1911 1491 Guelf.
1932 1443 2078 1504 Capra
2067 1441 2206 1492 nate.
2241 1441 2346 1492 Ms.
2362 1440 2531 1493 Corb.'

311 1506 591 1569 Crapinate.
615 1505 842 1555 Brotier.
846 1510 942 1554 -4
967 1507 1111 1555 Bene
1126 1513 1180 1555 et
1196 1507 1480 1570 eleganter.
1513 1507 1647 1557 Haec
1666 1512 1860 1569 tamen,
1877 1456 2078 1571 quodpn
2034 1522 2085 1555 m
2104 1507 2207 1557 Ms.
2220 1506 2360 1555 Bud.
2373 1508 2524 1557 omis-

308 1581 388 1635 sa,
420 1571 601 1620 deleta
617 1571 825 1621 volebat
847 1570 1147 1622 Rhenanus.
1172 1572 1319 1623 Idem.
1322 1578 1414 1622 -5
1450 1572 1658 1637 Lipsius
1692 1578 1864 1622 tentat
1887 1572 2136 1623 imbuerat.
2138 1576 2236 1622 -6
2267 1572 2524 1624 Quaedam

1319 1704 1533 1757 No'rAE

307 1797 432 1849 Diis
474 1795 699 1871 reddita,
730 1804 786 1872 'et
822 1800 1054 1866 reposita
1089 1795 1141 1853 in
1182 1804 1380 1868 templo

307 1865 494 1925 Pacis
493 1890 525 1925 a
548 1865 868 1940 Vespasiano
890 1878 1150 1943 principe.

297 1968 305 1973 ·
376 1952 800 2004 Plin.xxx1v.8
862 1955 879 1984 ‘
901 1953 1082 2021 Atque
1113 1972 1182 2007 ex
1220 1958 1381 2008 omni-

304 2028 430 2090 bus,
452 2044 570 2095 quae
591 2030 766 2094 retuli,
788 2031 1071 2082 clarissima
1090 2049 1307 2099 quaeque
1325 2036 1378 2085 in

307 2104 442 2155 urbe
475 2106 590 2170 jam
628 2113 753 2158 sunt
791 2107 965 2158 dicata
1002 2124 1034 2159 a
1058 2110 1378 2176 Vespasiano

304 2182 569 2248 principe,
611 2184 664 2233 in
709 2187 908 2248 templo
966 2186 1131 2249 pacis,
1164 2188 1379 2253 aliisque

306 2260 424 2324 ejus
468 2259 731 2326 operibus,
772 2261 1021 2311 violentia
1062 2264 1283 2313 Neronis
1326 2264 1379 2313 in

305 2339 496 2390 urbem
521 2345 791 2403 convecta,
812 2346 868 2391 et
888 2340 943 2390 in
963 2341 1176 2392 sellariis
1199 2342 1394 2414 domus

307 2432 488 2467 aureae
511 2416 801 2484 disposita?

375 2501 397 2526 ¹·
414 2494 595 2544 Acrato
628 2510 685 2544 ac
707 2493 946 2560 Secundo]
1002 2495 1157 2545 Prior
1198 2497 1379 2547 horum

306 2569 606 2620 nominatus
640 2577 698 2620 et
721 2570 890 2620 ‚Dioni
921 2572 1302 2637 Chrysostomo‚
1324 2579 1381 2623 et

308 2652 428 2697 tota
442 2661 524 2697 res
544 2653 602 2697 et
617 2646 804 2712 rapina
819 2647 931 2697 haec
949 2649 1254 2699 denarrata:
1289 2650 1382 2699 sed

203 2776 206 2779 ,
307 2736 502 2775 nomen
522 2731 824 2789 corruptum
847 2731 931 2774 est
953 2726 1005 2774 in
1022 2725 1183 2776 libris.
1205 2726 1384 2776 Verba

305 2801 367 2852 in
389 2802 646 2866 oratione,
668 2817 820 2867 quam
845 2803 1136 2853 Rhodaicam
1166 2803 1384 2867 inscrip-

307 2879 399 2941 sit,
419 2879 475 2930 in
511 2881 708 2944 scripto
731 2880 913 2930 codice
935 2880 1083 2931 aiunt
1104 2896 1245 2931 esse:
1278 2882 1386 2932 ἴστε

310 2956 429 3022 γὰρ,
446 2955 685 3021 Ἀκρότων
708 2956 802 3006 {utel
833 2955 971 3016 μόνος
988 2957 1077 3016 τὴν
1099 2956 1386 3020 οἰκουμένην,

306 3051 417 3084 κατ.
428 3041 479 3085 λ.
497 3033 894 3099 Lego,''Aetpaws
902 3034 1091 3098 ἐκεῖνος,
1107 3053 1153 3084 κ.
1167 3053 1217 3086 τ.
1228 3044 1279 3086 λ.
1298 3037 1385 3087 Sic

306 3116 490 3160 verto:
525 3111 694 3160 Nostis
710 3111 854 3173 enim,
870 3111 1078 3161 Aer-aius
1094 3112 1191 3175 ine,
1206 3128 1387 3163 omnem

306 3185 471 3237 orbem
490 3186 603 3248 fere
619 3192 923 3252 pervagatus,
953 3189 1082 3238 illius
1103 3189 1177 3239 rei
1202 3191 1388 3256 gratia,

307 3263 537 3331 (statuas
561 3263 851 3328 auferendi,
876 3271 931 3314 et
954 3265 1081 3314 talia
1112 3279 1380 3315 ornamen-

308 3340 415 3408 ta‚)
437 3347 486 3392 et
515 3344 695 3392 nullum
727 3358 905 3407 pagum
943 3342 1090 3392 etiam
1109 3347 1194 3392 aut
1230 3344 1414 3393 vicum·

309 3420 554 3484 omittens,
571 3425 625 3470 at
646 3421 736 3470 huc
758 3421 902 3470 etiam
922 3421 1119 3471 venerit.

380 3495 624 3546 Rhodum
644 3511 851 3561 nempe.
906 3497 1040 3547 Haec
1065 3510 1188 3548 vera
1209 3497 1384 3562 leode,

310 3579 372 3624 et
392 3573 604 3624 Tacitus
626 3574 816 3638 firmat,
838 3574 975 3640 quod
1000 3573 1066 3623 ad
1096 3589 1282 3624 nomen
1306 3579 1383 3624 at-

309 3652 485 3702 tinet:
503 3638 576 3701 in
612 3667 665 3701 re
710 3658 902 3712 autem,
935 3653 1100 3702 lucem
1137 3667 1170 3702 a
1209 3652 1383 3703 Dione

309 3731 474 3781 etiam
508 3732 622 3795 ipse
660 3732 805 3796 capit
842 3732 1149 3798 capietque:
1211 3734 1384 3825 locum

311 3813 485 3857 totum
509 3807 644 3857 vide.
709 3808 919 3871 Lipssus.

380 3884 585 3948 Acrato]
618 3886 691 3935 Hi
723 3886 825 3936 duo
860 3887 1101 3936 scelerati
1132 3887 1267 3937 haud
1290 3887 1384 3937 du-

312 3961 404 4014 bie
426 3963 583 4026 periti
617 3964 929 4026 agnoscendi
952 3964 1144 4028 ingenii
1168 3964 1381 4013 tabella·
1449 3964 1547 4010 ⁵7.

310 4053 430 4088 rum
454 4039 714 4102 pictarum
734 4046 791 4089 et
811 4047 1118 4101 statuarum,
1149 4056 1275 4106 quas
1299 4056 1383 4092 ve-

311 4116 485 4166 tustas
502 4115 569 4165 ob
590 4118 943 4179 proestautiam
962 4119 1088 4168 artis
1105 4119 1384 4168 veneraba-

223 4188 240 4203 ’
311 4198 436 4244 tur:
470 4193 611 4242 haud
634 4193 785 4242 dubie
803 4195 1010 4245 eruditos
1030 4197 1103 4245 ilci
1124 4197 1278 4246 acidos
1295 4198 1384 4246 ha-

312 4268 497 4335 buere,
518 4275 575 4318 et
593 4282 690 4333 per
712 4278 895 4320 artem.
959 4271 1063 4322 Sed
1086 4273 1241 4337 longe
1265 4274 1386 4325 doc·

313 4344 478 4398 tiores
500 4359 696 4407 manus,
717 4352 773 4395 et
796 4346 1005 4396 Nerone
1026 4348 1217 4414 dignae.

451 4427 638 4493 Delpa.
658 4432 706 4479 et
733 4426 848 4483 Ver.
866 4424 995 4485 Clas.

1336 4428 1491 4487 raon.

1526 1801 1742 1856 Secundo
1771 1801 2021 1868 Carinate]
2055 1801 2321 1868 Suspicari
2342 1799 2528 1867 possis,

1460 1881 1748 1933 Rhetorem
1771 1882 1913 1932 illum
1937 1896 2071 1944 esse,
2093 1895 2245 1947 quem
2267 1880 2375 1931 Dio
2398 1878 2526 1930 scri·

1458 1959 1539 2009 bit
1574 1975 1606 2010 a
1644 1960 1774 2010 Caio
1815 1959 1868 2008 in
1908 1958 2119 2008 exilium
2156 1957 2384 2021 missum,
2405 1955 2529 2021 quia

1459 2041 1642 2084 contra
1719 2036 1983 2098 Tyrannos
2062 2033 2527 2093 declamitaverat3

1460 2124 1715 2177 quemque
1752 2110 2022 2162 ,luvenalis
2065 2109 2267 2173 tangit:
2322 2108 2338 2136 ‘
2376 2108 2530 2159 Sicut

1458 2186 1824 2250 Thrasymachi
1847 2186 2034 2250 probat
2049 2185 2237 2248 exitus,
2254 2190 2412 2249 atque
2434 2185 2528 2236 Se·

1460 2263 1617 2313 cundi
1640 2261 1934 2312 Carinatis.'
1985 2262 2227 2317 Tinctum
2266 2276 2381 2311 eum
2426 2262 2530 2313 elo-

1460 2338 1689 2405 quentiae
1724 2339 2095 2403 literarumque
2127 2338 2331 2401 studiis,
2357 2338 2529 2388 Taciti

1459 2430 1720 2483 consequa
1741 2415 1901 2466 verba
1921 2414 2171 2465 indicant.
2235 2413 2448 2480 Lipsius.

1521 2500 1542 2526 ⁸
1574 2493 1878 2557 Docet-inam]
1912 2493 2234 2557 Sapientiam
2252 2507 2343 2543 seu
2364 2493 2529 2558 philo-

1460 2572 1693 2637 sophiam
1715 2572 1957 2622 Graecam
1978 2571 2244 2635 intelligit,
2260 2586 2412 2638 quam
2437 2587 2530 2622 ore

1462 2656 1633 2711 tenus,
1656 2664 1757 2698 non
1775 2647 1997 2712 iugenio,
2013 2662 2116 2699 non
2136 2648 2303 2699 animo
2320 2648 2530 2713 penitus

1461 2726 1705 2776 induerat
1728 2726 1959 2776 Carinas.

1529 2804 1547 2836 ‘
1577 2803 1688 2852 Non
1711 2803 1956 2866 induerat]
1999 2801 2311 2867 Tentabam‚
2351 2800 2531 2854 imbue-

1462 2885 1560 2932 rat.
1624 2881 1781 2932 Nunc
1803 2880 1999 2931 affirmo
2021 2882 2283 2949 vulgatam
2305 2879 2531 2945 scriptu-

1464 2974 1574 3009 ram
1595 2976 1606 3009 :
1643 2966 1700 3009 et
1718 2959 1990 3023 perplacet
2010 2958 2330 3025 metaphorae
2352 2957 2534 3009 hones-

1466 3043 1563 3088 tas.

1533 3115 1650 3167 Qua
1671 3113 1787 3178 ipsa
1806 3127 1927 3162 usus
1949 3111 2182 3176 Agellius
2203 3110 2240 3162 1-.
2266 3124 2333 3162 ιι.
2358 3109 2425 3162 de
2443 3109 2531 3161 Ε-

1464 3205 1592 3255 sopo
1615 3190 1941 3241 fabulatore:
1975 3190 1991 3217 ‘
2015 3188 2140 3253 qui‚'
2176 3189 2365 3253 inquit,
2403 3188 2420 3214 ‘
2444 3203 2528 3238 res

1461 3267 1741 3317 salubriter
1750 3282 1810 3316 ac
1824 3265 2198 3332 perspicienter
2211 3265 2535 3317 animadver-

1462 3358 1565 3406 sas,
1600 3343 1655 3393 in
1693 3349 1892 3393 mentes
1936 3340 2233 3407 animosque
2265 3341 2531 3392 hominum

1462 3435 1581 3470 cum
1626 3419 1868 3469 audiendi
1907 3418 2127 3484 quadam
2169 3417 2416 3469 illecebra
2453 3419 2533 3469 in-

1464 3492 1627 3548 duit:’
1667 3512 1772 3548 non
1815 3504 1875 3546 ut
1917 3500 2273 3560 corrumpunt,
2312 3495 2531 3548 induxit.

1463 3574 1691 3640 Lipsius,

1531 3659 1555 3685 ¹¹
1587 3650 1825 3702 Invidiam
1840 3650 2108 3715 sacrilegii]
2157 3649 2350 3700 Mirum
2389 3648 2540 3719 quod·

1462 3743 1566 3779 non
1600 3735 1859 3779 metueret
1881 3730 2025 3779 Nero
2059 3729 2352 3792 exemplum
2376 3726 2535 3782 arun!

1381 3866 1388 3869 ,
1464 3806 1571 3855 culi
1617 3805 1748 3868 Caii,
1794 3805 1881 3873 qui
1922 3805 2156 3870 jusserat
2196 3806 2532 3870 simplaerunt

1461 3882 1609 3934 Jovis
1659 3881 1919 3947 Olympiae
1962 3883 2185 3934 detrahi.
2227 3882 2372 3945 Suet.
2420 3882 2533 3953 qu.

1593 3963 1608 3988 ‘
1635 3961 1844 4010 Futurae
1884 3960 2045 4011 caedis
2087 3961 2250 4010 multa
2291 3958 2534 4024 prodigia

1464 4037 1766 4087 extiterunt.
1805 4039 2067 4105 Olympiae
2091 4038 2418 4096 simulacrum
2441 4039 2535 4089 Jo-

1464 4117 1560 4178 vis‚
1596 4117 1731 4182 quod
1767 4116 1981 4167 dissolvi
2018 4114 2395 4180 transferrique
2426 4114 2531 4166 Ro-

1462 4208 1600 4243 mam
1643 4193 1929 4257 placuerat,
1966 4198 2169 4245 tantum
2220 4191 2531 4242 cachinnum

1463 4277 1681 4335 repente
1705 4271 1886 4334 edidit,
1899 4277 1960 4321 ut
1980 4269 2228 4322 machinis
2251 4266 2528 4322 labefactis

1465 4348 1681 4414 opifices
1723 4346 2047 4415 diffugerint.»
2103 4345 2527 4415 Supervenitque
