3063 4952
277 448 620 523 anoeqs

994 437 1416 489 sanabunt
1461 438 1609 489 un.
1656 439 1801 491 xm·

2327 418 2515 497 lm

359 593 484 660 242.
527 589 840 656 Ceterum
859 587 1054 653 Nero
1080 605 1245 653 usus
1293 593 1402 653 est
1444 588 1686 673 patriae
1732 586 1985 670 ruiniS,³
2034 591 2514 678 exstruxitque*

351 745 576 796 Ceterum
590 743 819 794 subversa*
837 741 969 793 urbis
982 742 1129 792 solum
1146 740 1391 804 occupavit
1406 741 1555 804 Nero,
1576 739 1916 807 aedificavitque
1930 740 2133 806 regiam,
2145 743 2195 792 in
2206 758 2296 807 qua
2308 743 2508 808 pretiosi

1220 870 1484 890 “O‘OmO
1488 871 1543 889 ‘O
1550 871 1578 889 O

281 971 391 1011 non
413 972 443 1007 a
465 957 681 1022 vulgata
701 956 859 1007 Urbis
883 955 1112 1007 conditae
1134 971 1258 1021 aera,
1295 954 1389 1006 sed
1411 955 1476 1005 ab
1502 955 1605 1004 alia
1636 954 1916 1005 remotiore
1955 960 2012 1004 et
2043 953 2381 1013 abstrusiore,
2403 955 2509 1004 Ro-

281 1023 452 1074 manis
468 1025 625 1087 vulgo
648 1023 989 1087 incomperta,
1011 1021 1412 1087 computationis
1432 1035 1540 1071 suae
1559 1020 1844 1084 primordia
1872 1020 2169 1084 repetiisse.
2233 1021 2317 1070 Sic
2338 1019 2513 1069 'rima-e

283 1088 377 1148 ris,
411 1087 636 1151 Siculus,
670 1087 810 1153 apud
849 1087 1163 1153 Dionysium
1203 1087 1738 1148 Halicarnassensem‚
1777 1085 1998 1135 Romam
2040 1085 2222 1136 eodem
2247 1100 2347 1151 quo
2384 1085 2512 1135 Car-

285 1153 551 1217 thaginem
575 1168 727 1217 anno,
749 1153 1011 1218 trigesimo
1034 1167 1220 1218 nempe
1245 1158 1430 1202 octavo
1449 1156 1571 1202 ante
1588 1151 1807 1216 primam
1833 1150 2223 1215 Olympiadem,
2244 1149 2510 1201 conditam

283 1218 429 1280 vult3
477 1234 540 1268 ac
571 1215 795 1283 'proinde
831 1219 945 1282 plus
980 1233 1134 1284 quam
1161 1219 1444 1283 sexaginta
1481 1217 1628 1267 annis
1669 1222 1790 1267 ante
1823 1216 1911 1267 vul
1951 1230 2091 1265 arem
2132 1217 2201 1266 U.
2223 1216 2286 1266 C.
2329 1230 2515 1265 aeram..

287 1282 713 1348 Antiquariorum
748 1284 866 1334 aliae
901 1284 1070 1334 adhuc
1105 1287 1389 1349 potuerunt
1421 1297 1538 1332 esse
1560 1281 1851 1333 sententiae.

286 1363 411 1398 num
436 1356 519 1399 cst
557 1350 882 1399 somniosum.
918 1350 1230 1399 Breuem-⁷
1264 1349 1353 1399 Ita
1395 1348 1516 1398 libri
1560 1347 1747 1412 scripti
1789 1351 1843 1396 et
1884 1345 2032 1396 editi.

285 1420 615 1465 numerarent.-
653 1429 750 1466 nec
772 1414 921 1466 nobis
946 1413 1211 1480 displicet.
1279 1414 1356 1464 At
1376 1429 1479 1463 non
1504 1419 1714 1479 peccat,
1736 1418 1996 1463 annuerent.
2061 1411 2225 1462 Idem.

1947 1280 1981 1329 d
2006 1282 2140 1331 enim
2164 1295 2325 1344 genus
2348 1279 2512 1330 horni-

2100 1346 2287 1396 Multis
2310 1347 2510 1410 placet,

1288 1519 1500 1571 NOTAE

288 1629 371 1666 co.
421 1616 734 1680 computem
755 1615 819 1667 eb
842 1616 968 1667 urbe
986 1614 1225 1667 condita?
1259 1615 1363 1665 dis-

289 1706 389 1756 par
427 1692 584 1743 ratio.
638 1691 689 1742 A
724 1693 884 1757 Troja
921 1693 1165 1744 incensa?
1211 1707 1361 1758 aeque

290 1767 488 1834 dispar.
552 1769 727 1820 Facile
750 1770 974 1820 collectu
999 1770 1108 1820 ‘tibi
1149 1785 1216 1820 ex
1238 1771 1363 1820 Fas·

291 1845 378 1895 tis.
448 1845 523 1896 Ut
546 1847 667 1896 mihi
689 1863 827 1898 nunc
851 1848 1110 1912 videntur,
1131 1850 1361 1901 tenebrae

291 1928 433 1981 sunt,
457 1938 584 1988 quas
606 1939 707 1974 non
728 1925 957 1977 illustret
978 1926 1092 1991 ipse
1115 1926 1361 1980 Phoebus.

292 1997 508 2062 Lipsius.

368 2077 435 2126 Ut
457 2077 655 2128 totidem
671 2095 817 2129 annos
835 2082 1121 2146 mensesque]
1145 2083 1366 2147 Collige·

292 2154 428 2204 bant
447 2154 607 2217 enim,
626 2162 707 2205 tot
727 2170 890 2207 annos
909 2157 1211 2210 interfuisse
1230 2159 1367 2209 inter

290 2230 440 2281 urbis
484 2231 914 2284 instaurationem
956 2241 1012 2285 et
1072 2234 1368 2286 incendium

291 2309 416 2372 hoc,
452 2320 700 2374 qnantum
733 2310 977 2362 interfuit
993 2310 1062 2361 ab
1094 2310 1223 2363 urbe
1245 2325 1370 2361 con·

292 2382 411 2434 dita
454 2385 745 2437 incendium
799 2386 909 2450 ejus
954 2386 1023 2436 ab
1076 2386 1369 2438 Senonibus

292 2458 516 2513 factum.
584 2463 829 2517 Ferretus.

358 2539 466 2590 Sed
504 2540 790 2605 Cephaloni
830 2540 1130 2606 Gergithio,
1171 2544 1369 2593 Dema·-

298 2616 781 2686 gorae,Agathyllo,
817 2619 1086 2669 Damasthi
1118 2620 1373 2685 Sigeensi,

297 2693 595 2758 Aristoteli,
630 2695 826 2757 Calliae,
864 2696 1165 2761 Agothocli,
1196 2697 1370 2747 Xena-

299 2771 754 2836 gom,‚1)ionysio
794 2771 1149 2835 Chalcidensi,
1186 2772 1371 2825 Antio-

300 2847 402 2898 cho
423 2848 760 2911 Syracusano,
776 2849 968 2898 Timaeo
987 2848 1182 2912 Siculo,
1218 2850 1375 2914 Poly·

302 2922 412 2985 bio,
448 2924 513 2974 Ia.
552 2922 753 2986 Cincio,
807 2925 884 2974 M.
929 2924 1113 2976 Portio
1168 2926 1373 2991 Catoni,

303 3000 494 3064 Crispo
533 3000 801 3063 Sallustio,
840 3001 1044 3051 Velleio
1088 3002 1376 3055 Paterculo

303 3078 371 3129 de
394 3079 555 3131 initiis
590 3082 734 3132 urbis
758 3083 936 3132 Romae
969 3097 1072 3133 non
1095 3083 1342 3135 convenit
1357 3100 1374 3134 ι

301 3171 426 3206 nam
458 3156 744 3224 antiquitas
780 3160 984 3210 creavit
1014 3167 1264 3224 errorem,
1297 3160 1376 3210 ait

305 3231 537 3283 Servius.

372 3310 459 3359 De
497 3310 586 3360 illo
607 3315 777 3361 tamen
811 3310 1197 3361 Halicarnassei
1218 3311 1311 3362 lib.
1333 3325 1377 3361 1.

308 3384 605 3450 Originum,
644 3394 905 3451 superstes
928 3395 1005 3438 est
1045 3388 1379 3454 diligentissi-

306 3474 394 3511 ma
412 3461 722 3528 disquisitio.
779 3464 973 3514 Verum
993 3464 1131 3529 apud
1155 3473 1210 3516 et
1232 3466 1378 3515 illum

308 3546 367 3589 et
396 3538 599 3589 Livium
639 3540 693 3589 in
729 3540 827 3597 hoc
851 3542 1184 3592 consentiunt
1202 3548 1380 3591 aucto·

309 3628 411 3677 res,
453 3630 522 3666 ne
575 3616 751 3681 plures
806 3617 1057 3667 trecentis
1111 3618 1381 3681 sexaginta

309 3691 541 3758 quinque
580 3693 730 3743 annis
768 3709 801 3742 a
839 3693 1056 3745 condita
1091 3694 1159 3744 ad
1210 3694 1382 3748 incen-

310 3781 420 3816 sam
438 3780 471 3816 a
486 3767 655 3818 Gallis
679 3769 881 3833 urbem,
894 3777 1253 3831 numerentur3
1278 3785 1382 3835 quo

312 3850 552 3907 tempore
590 3845 906 3896 reoedificata
939 3846 1106 3898 Roma
1142 3854 1256 3897 est:
1292 3863 1382 3896 ex-

313 3918 438 3971 inde
461 3935 586 3970 vero
607 3921 673 3970 ad
712 3921 1005 3973 incendium
1036 3923 1185 3986 jussu
1212 3922 1380 3974 Nero·

312 3997 396 4048 nis
437 3996 654 4059 sactum,
698 4015 854 4051 unum
897 4001 1270 4066 quinquaginta
1325 4008 1384 4052 et

314 4074 720 4141 quadringentos
742 4092 901 4127 anuos
924 4079 1169 4141 reperies.

312 4155 318 4159 '
384 4150 733 4203 Quamobrem
756 4154 822 4202 de
845 4154 1232 4216 vetustioribus,
1255 4161 1385 4218 quot

317 4235 601 4293 supersunt
638 4241 899 4294 auctores,
936 4237 1020 4282 tot
1055 4230 1243 4282 misere
1274 4231 1383 4296 lap-

318 4317 428 4371 sos,
445 4311 542 4357 aut
558 4319 772 4360 necesse
805 4314 892 4359 est
919 4306 1126 4374 dicere,
1150 4315 1246 4359 aut
1266 4323 1385 4375 pos-

1442 1616 1571 1666 teris
1610 1616 1877 1681 imponere
1902 1613 2142 1679 voluisse,
2166 1614 2254 1679 qui
2290 1612 2509 1664 totidem

1443 1707 1625 1755 annos,
1646 1706 1869 1756 meuses,
1893 1696 1949 1740 et
1971 1690 2101 1753 dies,
2133 1690 2272 1740 inter
2290 1696 2511 1755 utraque

1440 1769 1687 1820 incendia
1729 1783 1788 1819 se
1831 1768 2107 1834 reperisse,
2148 1767 2513 1832 prodiderunt.

1450 1846 1755 1897 Vertmnius.

1512 1926 1582 1975 Ut
1616 1925 1814 1976 totidem
1833 1925 2002 1989 mos]
2034 1926 2121 1976 Ne
2154 1939 2325 1975 sumas
2346 1924 2414 1974 de
2436 1938 2515 1974 ra·

1442 2001 1587 2053 tione
1628 2008 1921 2067 temporum
1960 2001 2115 2061 seria,
2139 2005 2232 2050 aut
2263 2008 2517 2065 suppetas

1445 2079 1592 2130 tione
1631 2087 1895 2130 accurata.
1974 2079 2242 2128 Vanitatis
2280 2077 2515 2127 homines

1447 2157 1645 2207 otiosos
1686 2157 1858 2222 arguit
1890 2157 2126 2217 Tacitus,
2148 2155 2237 2221 qui
2279 2168 2334 2205 eo
2370 2169 2519 2218 usque

1445 2246 1592 2295 cura,
1634 2247 1724 2283 sen
1770 2233 1945 2297 potius
1985 2246 2131 2281 vanae
2178 2230 2517 2294 curiositatis,

1448 2307 1619 2358 dicam
1672 2323 1880 2358 vesanae
1935 2305 2234 2370 imperitiae,
2277 2305 2520 2369 progressi

1449 2392 1591 2450 sunt,
1633 2391 1695 2436 ut
1729 2384 1855 2435 talia
1895 2383 2239 2449 inquirerent,
2275 2389 2333 2432 et
2370 2382 2518 2448 quasi

1445 2476 1573 2513 vera
1594 2463 1740 2515 credi
1762 2462 1980 2513 vellent.

1512 2540 1653 2590 Nam
1674 2539 1981 2605 prudentes,
2002 2537 2291 2602 prudenter
2306 2537 2521 2602 loquen-

1449 2621 1616 2680 tes,et
1638 2619 1823 2681 vulgus
1845 2624 2006 2681 atque
2031 2632 2059 2665 e
2085 2615 2245 2665 trivio
2267 2615 2522 2674 homines,

1448 2693 1629 2757 inepte
1673 2708 1814 2757 saepe
1853 2700 1912 2742 et
1957 2690 2182 2742 absurde
2226 2691 2429 2741 fabulas
2463 2696 2522 2741 et

1447 2770 1623 2821 inania
1643 2771 1957 2821 disserentes
1997 2762 2202 2819 inducit
2234 2768 2526 2832 Cornelius,

1451 2853 1508 2896 et
1534 2862 1628 2911 pro
1668 2862 1865 2898 summo
1882 2847 2087 2911 judicio
2123 2846 2373 2896 decorum
2406 2843 2522 2895 ubi-

1451 2940 1553 2991 que
1574 2932 1769 2975 servat.

1517 3001 1661 3053 Audi
1684 3002 1816 3052 tales
1839 3001 2067 3051 homines
2092 2999 2333 3050 similiter
2348 2995 2525 3047 inania

1453 3078 1853 3131 confabulantes
1890 3079 2027 3143 apud
2050 3078 2182 3128 Tac.
2204 3092 2244 3127 1.
2267 3081 2320 3126 9.
2350 3077 2367 3103 ‘
2392 3076 2531 3125 Mul·

1456 3164 1540 3206 tus
1561 3157 1683 3207 hinc
1704 3156 1816 3221 ipso
1834 3155 1903 3206 de
1918 3156 2156 3220 Augusto
2179 3170 2381 3206 sermo:
2419 3156 2531 3220 ple»

1455 3232 1631 3297 risque
1674 3247 1811 3282 vana
1843 3233 2168 3293 mirantibus,
2212 3232 2350 3297 quod
2387 3232 2526 3281 idem

1457 3309 1571 3359 dies
1606 3309 1816 3373 accepti
1839 3311 2096 3375 quondam
2133 3308 2342 3373 irnperii
2381 3307 2524 3373 prin·

1459 3401 1606 3451 ceps,
1625 3393 1684 3438 et
1703 3387 1827 3437 vitae
1861 3400 2165 3450 supremus:
2204 3380 2341 3452 quod
2374 3386 2528 3436 Nola

1458 3462 1511 3511 in
1556 3462 1709 3513 domo
1744 3469 1802 3512 et
1842 3461 2104 3523 cubiculo,
2140 3463 2194 3510 in
2230 3476 2333 3526 quo
2375 3467 2531 3525 pater

1457 3540 1578 3604 ejus
1596 3540 1869 3599 Octavius,
1891 3539 2051 3590 vitam
2074 3539 2345 3591 linivisset.

1524 3617 1669 3666 Nota
1686 3614 1746 3665 τὸ
1765 3632 1887 3666 ma
1910 3617 2213 3679 mirantibus,
2234 3616 2322 3681 qui
2350 3617 2530 3680 plnres

1457 3707 1674 3744 numero
1697 3701 1754 3743 et
1775 3709 1806 3743 e
1829 3694 2001 3756 vulgo.
2052 3694 2186 3742 Nam
2208 3692 2387 3742 statim
2409 3706 2534 3756 pru·

1459 3769 1645 3819 dentes
1668 3771 1823 3834 longe
1843 3769 2162 3834 sapientiora
2190 3769 2452 3818 disserunt
2468 3780 2533 3816 ac

1459 3847 1743 3910 loquuntur
1761 3846 2002 3909 sequenti
2018 3846 2195 3909 capite
2216 3845 2333 3894 libri
2357 3842 2532 3907 pn‘mi.

1461 3923 1651 3987 Itaque
1674 3923 1923 3972 vanitatis
1944 3924 2114 3987 arguit
2131 3922 2262 3972 tales
2284 3919 2535 3970 confabu-

1463 4002 1674 4062 latores,
1697 4002 1785 4065 qui
1821 4009 2093 4051 sectantur
2131 4001 2206 4050 sic
2227 4013 2383 4047 vanas
2415 4011 2535 4061 pro-

1462 4078 1730 4146 portiones
1755 4076 2005 4141 temporis
2038 4085 2094 4126 et
2113 4076 2234 4136 loci,
2257 4073 2531 4134 mensium,

1462 4153 1686 4216 dierum,
1708 4161 1765 4204 et
1787 4167 2054 4205 annorum.
2104 4152 2258 4202 Ridet
2282 4166 2409 4202 vana
2440 4150 2538 4200 illa

1461 4229 1672 4294 ingenia
1693 4230 1971 4293 homnem,
2000 4229 2088 4296 qui
2109 4227 2329 4280 fortuita
2347 4233 2404 4278 et
2424 4226 2536 4278 ine·

1462 4322 1554 4360 ma
1572 4324 1691 4370 cum
1723 4323 1921 4376 magna
1939 4322 2071 4360 cura
2099 4306 2391 4376 inquirunt,
2409 4318 2533 4373 qua
