3063 4952
341 421 406 476 J.
422 419 487 473 C.
507 417 636 483 oa]
675 430 682 439 '

1051 408 1466 483 Anxanum
1517 408 1665 458 ma.
1712 406 1855 458 κν.

2383 388 2567 465 194³

346 561 600 647 patalis
627 559 839 644 magis
866 558 1050 625 urbis
1093 557 1304 638 locis3
1348 574 1564 642 eoque
1610 562 1867 642 strages
1893 554 2240 621 hominum
2280 552 2494 621 minor
2509 561 2569 624 ι·

344 757 449 811 que
464 741 811 810 patentioribus
828 741 958 792 urbis
979 741 1091 791 locis
1100 757 1123 802 ,⁰
1154 739 1345 806 ideoque
1382 742 1543 792 clades
1580 741 1852 793 niortalium
1886 741 2068 793 minor.-
2100 743 2272 807 templa
2292 704 2571 808 numinibus

1280 869 1637 891 oeeneeeeeee

344 972 485 1023 liora
503 972 837 1038 melioraque,
858 977 917 1021 nt
938 971 1141 1035 opinor,
1160 985 1271 1022 sum
1289 978 1520 1024 secutus.
1566 973 1622 1023 Si
1646 972 1731 1023 cni
1755 977 1949 1034 tamen,
1971 978 2032 1021 ut
2051 973 2166 1036 plus
2184 971 2380 1023 veteris
2399 972 2570 1039 scrip·

348 1043 489 1088 turae
525 1040 792 1099 retineret,
822 1042 928 1100 poet
966 1041 1117 1085 metus
1152 1037 1517 1101 probarentur,
1554 1038 1691 1088 haud
1736 1053 2098 1101 repugnarem.
2166 1038 2350 1087 Placet
2390 1046 2564 1089 tamen

349 1103 537 1167 magis,
560 1102 720 1180 posito
739 1102 902 1151 metu!
966 1101 1052 1149 Sic.
1076 1102 1300 1152 Brotier.
1326 1104 1463 1153 Bud.
1488 1119 1519 1153 a
1544 1110 1592 1153 l.
1617 1119 1686 1153 m.
1706 1106 1901 1153 necdum

641 1168 679 1216 i.
745 1168 892 1215 Bene
933 1168 1098 1215 Rben.
1133 1166 1255 1215 inde
1291 1167 1440 1217 dedit
1477 1171 1675 1218 necdum

351 1183 621 1230 rursu-sgr.

1924 1109 2035 1167 post
2053 1107 2209 1152 metus
2238 1104 2425 1153 redibat
2456 1104 2573 1154 levin

1706 1170 1866 1233 posito
1884 1175 2030 1218 metu.
2099 1170 2245 1217 Beue
2268 1168 2390 1217 dein
2415 1169 2570 1220 Acid.

345 1231 485 1283 vidit
501 1231 777 1296 legendnm
796 1232 945 1280 levius
961 1232 1240 1293 pareatur
1221 1232 1370 1295 ignis,
1388 1234 1510 1297 quia
1528 1234 1641 1282 scil.
1655 1235 1838 1297 patulis
1858 1234 1972 1282 ioci-s
1986 1238 2036 1282 et
2053 1240 2240 1294 strages
2255 1233 2376 1284 hom.
2392 1235 2563 1287 minor.

350 1297 544 1363 Itaque
579 1312 698 1346 cum
738 1297 940 1346 Hillero
977 1298 1105 1346 Rac.
1127 1299 1212 1346 20.
1236 1311 1456 1362 repono:
1492 1301 1627 1348 need.

1654 1314 1760 1362 pos.
1783 1303 1929 1362 metu,
1960 1298 2148 1347 redibat
2182 1299 2330 1347 levius
2365 1313 2409 1349 r.
2427 1314 2547 1361 gni

350 1363 479 1427 Bip.
500 1363 704 1412 malunt
724 1364 860 1411 need.
891 1363 1061 1424 posito,
1094 1361 1301 1426 (sedato
1325 1364 1594 1425 incendio)
1625 1369 1777 1413 metus
1796 1363 1980 1413 redibat
2003 1364 2129 1412 haud
2152 1364 2268 1412 levis
2293 1363 2395 1426 vel,
2429 1335 2568 1428 quod

349 1428 511 1492 longe
533 1427 742 1477 nimium
763 1426 995 1491 aberrat,
1011 1428 1206 1476 necdum
1238 1429 1429 1492 penitus
1461 1428 1743 1479 deseviebat
1773 1429 1930 1478 clades
1951 1434 1998 1479 et
2018 1443 2064 1477 r.
2082 1443 2164 1490 gr.
2183 1430 2220 1479 i.
2258 1427 2497 1479 Oberlin.
2498 1455 2567 1467 -

1353 1584 1565 1636 NOTAE

355 1699 456 1749 bat.
520 1697 636 1761 Ego
671 1697 795 1747 nihil
825 1688 885 1746 in
920 1696 1093 1748 verbis
1112 1704 1312 1749 mutare
1338 1714 1426 1748 an·

356 1789 464 1838 sus,
504 1776 656 1824 aliam
682 1774 1070 1824 distinctionem
1105 1775 1169 1824 ad
1209 1790 1429 1840 quorun-

354 1851 477 1900 dam
522 1850 986 1916 manuscriptorum
1020 1852 1314 1915 exemplum
1349 1867 1427 1902 re-

350 1927 522 1992 posui,
576 1929 792 1977 Necdum
843 1928 994 1991 posito
1061 1934 1209 1993 metu,
1239 1929 1407 1979 rediba

357 2007 476 2057 levis
507 2021 696 2056 rursum
729 2012 973 2070 grassans
1007 2009 1151 2073 ignis,
1189 2023 1304 2074 quae
1328 2009 1427 2060 for·

354 2089 494 2134 tasse
513 2083 710 2150 aliquid
735 2099 912 2135 sensns
934 2086 1140 2137 habent.

418 2161 525 2210 Sed
571 2161 745 2225 potius
794 2163 994 2227 majora
1036 2164 1162 2213 vitia
1218 2164 1423 2215 subesse

1508 1698 1674 1750 adhuc
1696 1699 1820 1751 satis
1835 1698 2116 1764 fidebatur,
2138 1716 2242 1750 cum
2257 1702 2387 1766 levis,
2401 1706 2481 1766 ise.

1571 1779 1658 1828 Sic
1680 1779 1933 1844 intellige,
1963 1794 2047 1828 nec
2080 1781 2187 1828 dam
2207 1782 2387 1843 positus
2406 1788 2573 1847 metus,

1506 1873 1592 1907 nec
1610 1857 1730 1906 satis
1750 1856 2025 1906 credebatur
2055 1872 2255 1906 cessasse
2289 1858 2572 1924 incendium,

1506 1952 1611 1986 cum
1632 1935 1747 1986 levi-s
1765 1950 1950 1985 rursum·
1966 1940 2214 1997 grassum
2234 1935 2378 1997 ignis.

1574 2013 1749 2062 Facile
1796 2026 1973 2062 seusus
2011 2010 2208 2061 eruitur
2245 2027 2311 2060 ex
2350 2012 2575 2077 Veneto,

1474 2148 1477 2153 ᾗ
1504 2103 1588 2138 nec
1610 2091 1722 2138 dum
1738 2088 1895 2152 posito
1918 2094 2046 2137 metu
2075 2088 2194 2152 (pro
2228 2085 2415 2151 metui)
2454 2087 2578 2139 satis

1504 2164 1800 2226 credebatur,
1824 2180 1932 2214 cum
1965 2164 2082 2213 levis
2111 2178 2301 2213 rursum
2328 2168 2578 2226 grassatur

351 2238 698 2290 credioerim:
743 2253 860 2288 nam
903 2240 1032 2289 mire
1078 2240 1294 2290 turbant
1337 2242 1423 2292 hic
1501 2242 1652 2304 ignis.
1717 2242 1805 2291 Sic
1830 2242 1990 2291 etiam
2013 2241 2137 2291 satis
2173 2240 2440 2291 commode
2478 2256 2574 2307 pro

350 2318 468 2368 libri
492 2323 721 2368 veteres.
785 2317 1091 2367 Nostrorum
1126 2319 1293 2368 varias
1317 2320 1422 2370 lec-

351 2395 525 2446 tiones
546 2395 837 2460 subjiciam,
858 2395 902 2444 si
925 2395 1036 2460 quis
1058 2393 1197 2445 forte
1231 2395 1423 2446 elicere

349 2472 475 2523 inde
498 2473 663 2538 possit
684 2472 876 2522 certius
898 2471 1109 2536 aliquid.

424 2551 564 2600 Flor.
610 2548 1035 2612 corruptissime.
1086 2550 1190 2599 Nec
1229 2550 1343 2600 dum
1374 2546 1427 2615 ρ’

1505 2318 1656 2382 genio
1677 2317 1867 2368 Taciti.

1572 2395 1780 2445 Redibat
1802 2394 1831 2423 ‘¹
1852 2393 1989 2460 kris]
2052 2394 2220 2444 Inussi
2256 2400 2463 2444 notam:
2501 2401 2580 2446 ta·

1506 2487 1628 2523 men
1646 2472 1750 2537 legi
1775 2479 1969 2537 potest,
2000 2472 2264 2523 sententia
2296 2470 2576 2524 incolumi:

1451 2551 1669 2614 rediit,
1721 2557 1773 2600 at
1827 2552 1976 2600 levius
2026 2565 2215 2600 rursum
2266 2555 2575 2612 grassaturus

354 2632 610 2680 metusaut
630 2627 983 2677 rediebatlibis.
1000 2627 1038 2677 i.
1056 2641 1161 2676 sum
1177 2632 1427 2689 grassans
1503 2627 1653 2690 ignis.
1684 2628 1826 2692 Lips.

353 2706 505 2769 ignis.
596 2705 856 2754 Venetus.
894 2704 1107 2752 Necdum
1123 2704 1275 2766 posito
1303 2709 1429 2753 metu

355 2783 480 2833 satis
499 2782 796 2844 credebatur,
827 2796 932 2830 cum
953 2781 1068 2830 levis
1087 2796 1275 2830 rursum
1291 2795 1429 2843 gras-

354 2866 493 2911 satus
511 2860 660 2922 ignis.
695 2859 942 2910 Pichena.

425 2937 607 3000 Forte,
647 2937 770 2985 Cum
804 2935 921 2985 levis
956 2948 1151 2985 rursum
1182 2940 1432 2998 grassatur

355 3013 517 3076 ignis.-
548 3013 655 3073 vel,
696 3014 819 3062 Cum
851 3012 990 3061 sevit
1009 3027 1215 3076 sursum,
1245 3028 1432 3076 grasca-

358 3095 533 3154 turque
553 3089 701 3152 ignia.
763 3088 963 3137 Saltem
985 3103 1167 3139 sensus
1190 3098 1287 3140 est.
1315 3101 1319 3106 ’

425 3167 593 3217 Posito
612 3164 766 3227 metu]
833 3165 1008 3229 Magis
1038 3166 1213 3228 placet
1240 3167 1431 3218 Veneti

354 3244 547 3294 lectio:
585 3243 691 3292 Nec
711 3243 825 3291 dum
845 3241 1000 3304 posito
1035 3246 1162 3290 metu
1193 3245 1313 3292 satis
1333 3258 1431 3293 cre-

359 3320 563 3371 debatur
614 3334 721 3368 cum
773 3317 890 3366 levis
942 3331 1129 3366 mcum
1185 3323 1434 3379 gram

359 3395 588 3464 (scribo)
627 3401 879 3459 graman·
923 3394 1073 3456 ignis.
1161 3396 1313 3448 Quod
1356 3397 1432 3447 sic

362 3475 540 3539 capio,
555 3489 641 3524 nec
671 3476 787 3523 dum
804 3472 959 3537 potito
986 3476 1132 3536 metu,
1155 3475 1436 3537 seumetui,

363 3552 494 3602 satis
517 3551 849 3601 credebatur.

364 3625 382 3654 ³
430 3629 681 3680 Nondum
701 3627 827 3677 satis
851 3626 1078 3692 quietus,
1101 3630 1193 3676 aut
1223 3626 1434 3678 sedatus

359 3718 527 3772 pavor
547 3720 579 3754 a
612 3713 719 3754 tam
755 3703 986 3753 horribili
1019 3703 1279 3766 incendio,
1313 3718 1436 3755 non·

363 3784 490 3834 dum
537 3788 646 3831 tum
688 3779 814 3828 satis
865 3778 1163 3845 quiescebat
1215 3782 1436 3846 animus,

364 3875 485 3912 cum
507 3872 682 3909 rursus
698 3856 951 3919 erumpit,
986 3859 1043 3905 et
1076 3863 1339 3920 grassatur
1359 3856 1436 3921 ig.

363 3938 464 3990 nis.

433 4013 543 4063 Nec
578 4012 694 4059 dum
726 4007 905 4073 posito]
968 4009 1158 4059 Venet.
1195 4012 1300 4061 Nec
1327 4012 1438 4061 άιιιιι

364 4092 521 4159 posito
535 4092 671 4137 metu
701 4085 822 4134 satis
858 4085 1151 4147 credebatur,
1187 4102 1294 4137 cum
1325 4088 1440 4137 levia

366 4173 559 4219 rursum
572 4166 818 4225 ςναεσαειιο
837 4160 991 4223 igm's:
1012 4168 1141 4212 metu
1165 4162 1326 4226 forte,
1344 4178 1439 4228 pro

366 4243 552 4299 ...σείς
599 4253 698 4289 uec
739 4237 863 4287 dum
898 4239 1070 4299 posito
1108 4240 1271 4289 metui
1313 4241 1440 4291 satis

360 4322 666 4384 mmor,
697 4331 793 4369 seu
831 4316 1001 4383 posito
1035 4324 1181 4370 metu
1211 4320 1440 4382 nondum

1575 2705 1783 2755 Redibat
1820 2705 1960 2771 levis]
2021 2705 2200 2767 Sume,
2241 2704 2385 2770 qnasi
2417 2703 2582 2771 scrip·

1509 2784 1683 2847 sisset,
1707 2765 1917 2834 redibat
1954 2785 2083 2834 levis
2109 2798 2330 2848 rursum,
2351 2790 2408 2833 et
2443 2793 2583 2848 gras·

1512 2862 1756 2913 sabatur
1743 2877 1877 2927 ignis
1903 2861 2095 2927 patulis
2130 2861 2291 2925 magis
2327 2860 2468 2912 urbis
2506 2862 2582 2911 lo·

1513 2956 1610 2991 cis.

1527 3029 1533 3032 ·
1575 3024 1614 3051 ¹⁵
1649 3015 1934 3080 Gramtus]
2024 3017 2204 3079 Forte,
2239 3020 2573 3079 grassaturus.-

1510 3096 1595 3145 vel
1619 3094 1713 3158 sic,
1733 3094 1917 3144 redibat
1941 3095 2055 3144 levis
2074 3109 2285 3157 rursum,
2319 3100 2375 3144 et
2393 3108 2585 3156 graesa-

1511 3176 1591 3221 tas
1610 3177 1694 3221 est
1720 3171 1853 3233 ignia
1884 3172 2067 3235 patulis
2096 3172 2252 3233 magi-5
2288 3170 2420 3220 urbis
2455 3172 2585 3222 locis.

1513 3248 1654 3297 Nam
1677 3247 2069 3311 conjunctiones
2094 3248 2291 3296 omittit
2313 3246 2551 3297 Tacitus.

1580 3324 1793 3372 Rursum
1811 3322 2085 3386 grassatus]
2143 3324 2284 3386 Lego
2303 3326 2556 3385 grassatur
2563 3336 2585 3380 ,·

1514 3414 1633 3449 nam
1658 3413 1842 3449 revera
1863 3399 2058 3463 patulis
2090 3399 2216 3449 locis
2243 3414 2360 3451 mox
2386 3414 2590 3464 grassa·

1518 3481 1602 3526 tus
1626 3484 1726 3526 est.

1582 3557 1607 3583 ¹¹
1638 3551 1842 3615 Strages
1883 3552 2121 3602 hominum
2164 3551 2341 3616 minor]
2404 3541 2585 3603 Arctis

1514 3625 1809 3691 itineribus,
1842 3628 2073 3694 vicisque
2097 3628 2391 3680 enormibus
2430 3617 2591 3693 longe'

1516 3701 1721 3754 facilius
1747 3705 2127 3771 violentiusque
2162 3706 2496 3769 grassabatur
2515 3705 2591 3769 ig-

1516 3780 1626 3830 nis:
1662 3787 1720 3830 et
1760 3781 1990 3831 homiues
2036 3797 2093 3832 se
2138 3782 2300 3846 magis
2341 3781 2591 3846 impedie-

1521 3859 1669 3921 bant,
1690 3859 1829 3908 iuter
1866 3859 2056 3919 ruinas,
2090 3859 2231 3908 iuter
2263 3858 2493 3908 sarcinas
2529 3862 2588 3907 et

1519 3937 1773 3998 vehicula,
1786 3937 1925 3985 inter
1945 3936 2255 3999 pravitatem
2272 3933 2589 3984 obstantium

1521 4014 1742 4062 militum
1765 4019 1822 4063 et
1842 4019 2211 4077 grassatorum,
2245 4011 2338 4075 qui·
2355 4008 2588 4073 praedam

1519 4097 1578 4139 et
1616 4090 1817 4140 lucrum
1853 4104 1919 4139 ex
1952 4090 2249 4139 calamitate
2273 4087 2481 4152 publica
2502 4101 2593 4136 au·

1520 4165 1856 4229 cupabantur.

1586 4242 1737 4294 Inter
1773 4249 1831 4293 et
1866 4239 2090 4291 familias
2129 4241 2500 4306 operariorum,
2532 4244 2591 4290 et

1521 4320 1945 4386 architectorum,
1988 4318 2078 4384 qai
2116 4318 2369 4371 incendiis
2409 4316 2591 4369 restin-
2678 4345 2685 4377 5
