3063 4952
2364 397 2539 465 1928

319 568 585 628 satores
604 560 915 643 objicere,
946 560 968 591 ‘
986 557 1331 641 prodigum
1353 556 1859 640 largitionibus,³
1882 578 2100 643 neque
2120 560 2326 625 aliam
2348 581 2540 646 spem

323 683 532 748 quam
593 666 662 726 in
712 664 907 726 novis
965 663 1180 724 rebus'
1237 681 1420 724 aese:
1496 661 1656 744 quin
1698 680 1851 724 eum
1895 663 2193 726 homiues
2244 665 2542 741 habere‚⁴

323 766 517 849 quos‘
543 768 632 830 ab
657 765 963 849 epistolis
991 769 1058 826 et
1089 763 1334 825 libellis
1382 767 1449 825 et
1492 763 1869 827 rationibus
1899 764 2242 848 appellet‚⁵
2272 766 2542 831 nomina

317 419 604 486 aem]
1019 368 1430 462 summm«
1478 410 1628 460 mu.
1676 412 1808 462 xv.

321 965 635 1027 delatoribus,
656 970 712 1014 ut
733 966 805 1015 illi
840 965 1144 1027 objectarent,
1174 964 1553 1029 prodigentiam
1586 980 1739 1029 opum
1764 980 1825 1014 ac
1848 964 2115 1027 donorum,
2136 971 2193 1014 et
2222 965 2346 1015 nibil
2367 966 2440 1015 illi
2461 981 2542 1015 su·

325 1042 545 1094 peresse
567 1033 701 1093 spei,
721 1032 815 1079 nisi
835 1033 887 1079 in
912 1031 1061 1079 rebus
1085 1030 1338 1079 turbidis:
1377 1031 1530 1080 immo
1554 1038 1611 1080 et
1631 1031 1705 1079 illi
1727 1031 1927 1079 nobiles
1951 1031 2216 1091 inservire,
2276 1046 2367 1080 uos
2389 1037 2543 1080 vocet

327 1096 398 1144 ab
422 1097 678 1160 epistolis,
700 1112 733 1145 a
768 1097 974 1157 libellis,
996 1105 1054 1145 et
1086 1095 1393 1159 rationibus,
1424 1111 1542 1160 qum
1576 1103 1697 1145 sunt
1735 1095 1992 1145 vocabuia
2023 1097 2208 1145 summi
2304 1096 2467 1161 stigii,
2485 1101 2542 1144 et

1261 1228 1318 1246 00
1323 1229 1377 1247 κ
1381 1229 1407 1247 O
1412 1228 1618 1247 ‘Onu‘

326 1327 430 1373 —8
463 1308 714 1374 Heinsius
734 1325 946 1389 conjicit
965 1326 1353 1387 largitionis—4
1390 1326 1521 1381 Quis
1540 1325 2083 1387 aecignobileshsbm.
2146 1325 2235 1375 Sic
2268 1325 2543 1376 Brotierus

329 1403 455 1438 eum
495 1390 756 1439 Homero:
793 1398 851 1439 et
880 1392 966 1439 ille
1003 1392 1078 1441 sie
1113 1405 1222 1439 rem
1261 1391 1501 1440 disserit.
1536 1389 1640 1439 ‘In
1675 1392 1805 1440 Mss.
1844 1391 1997 1439 Bodl.
2017 1392 2131 1442 Jes.
2156 1392 2288 1453 Reg.
2308 1390 2463 1441 Corb.
2485 1396 2545 1440 et

328 1454 593 1504 editiones
617 1463 838 1516 veteres,
868 1457 982 1519 quia
1014 1471 1073 1504 ιι
1102 1456 1346 1517 ignobiles.
1415 1457 1517 1504 Μι.
1557 1456 1707 1505 Harl.
1742 1457 1855 1520 quin
1889 1456 2145 1517 ignobiles.-
2182 1456 2351 1505 alters
2387 1471 2545 1505 manu

327 1519 669 1575 additumne.
738 1521 849 1568 Viri
889 1520 1099 1581 eruditi,
1133 1529 1190 1569 ut
1227 1529 1530 1584 corruptum
1565 1522 1735 1570 locum
1780 1523 2139 1583 restituerent,
2174 1520 2341 1569 varias
2376 1521 2543 1569 iniere

328 1584 465 1633 vias.
537 1586 813 1634 Rhenanus
834 1586 1223 1646 emendaverat,
1258 1585 1695 1649 quiasunnobiles
1726 1586 1911 1634 habere.
1977 1586 2113 1647 Vox,
2143 1586 2335 1648 nobiles,
2371 1586 2546 1649 Lipsio

328 1650 525 1699 merito
559 1659 821 1712 suspecta,
853 1651 1020 1716 iisque
1061 1652 1381 1727 temporibus
1424 1652 1668 1700 insolens.
1730 1650 1973 1701 Tentavit
2007 1665 2133 1714 ergo
2175 1651 2397 1714 Lipsius,
2431 1650 2545 1713 quin

327 1729 439 1763 eum
460 1717 704 1764 maalon
721 1716 903 1765 babere.
971 1716 1215 1780 Ryckins,
1235 1717 1349 1780 qnia
1382 1731 1487 1765 eam
1524 1716 1733 1765 Ιιοιιιίιει
1765 1717 1949 1765 ubere.
2015 1717 2071 1767 J.
2096 1714 2410 1776 Gronovius,
2432 1716 2547 1777 quin

327 1790 438 1827 em
458 1779 517 1827 ob
537 1781 865 1830 innubere.
931 1782 1062 1833 Quae
1082 1795 1259 1830 omnes
1278 1767 1687 1845 conjeittationes
1719 1797 1751 1830 a
1788 1782 1934 1830 libris
1970 1781 2244 1845 plurimum
2276 1751 2548 1840 rece'duut,

327 1845 566 1909 nihilque
606 1846 988 1908 probabilitatis
1021 1846 1232 1896 babent.
1300 1846 1411 1910 Ego
1448 1861 1572 1895 vero
1607 1848 1725 1896 novi
1768 1862 1799 1896 a
1832 1846 2126 1909 Prisciano,
2156 1847 2192 1894 l.
2218 1859 2336 1895 ΧΠ.
2356 1843 2444 1894 fol.
2464 1850 2549 1894 88.

327 1909 601 1959 observari
622 1926 679 1959 ae
702 1911 896 1960 dictum
917 1926 1029 1960 esse
1054 1927 1150 1975 pro
1167 1927 1331 1975 aeque.
1394 1911 1473 1961 At
1507 1912 1796 1962 obsoletam
1827 1913 1957 1961 banc
1983 1912 2288 1987 particulam
2312 1926 2342 1959 a
2362 1911 2548 1960 Tacito

329 1972 498 2022 fuisse
521 1986 822 2039 usurpatam
844 1976 1051 2025 minime
1072 1977 1400 2027 crediderim.
1465 1978 1515 2026 N
1588 1993 1652 2026 ue
1685 1977 1807 2026 olim
1831 1978 2083 2040 scriptum
2107 1977 2310 2040 opinor,
2330 1991 2391 2025 ne
2412 1977 2550 2037 igno·

328 2038 672 2103 mquidem.
741 2041 925 2105 Itaque
946 2041 1106 2101 edidi,
1128 2057 1211 2090 aee
1235 2042 1475 2105 ignobiles,
1598 2057 1679 2091 em
1704 2057 1891 2102 sensu;
1925 2057 2022 2092 nec
2048 2058 2080 2092 a
2115 2041 2354 2091 codicum
2390 2040 2549 2105 scrip

330 2111 474 2165 tura,
496 2105 782 2169 horumque
805 2113 1093 2169 temporum
1116 2122 1210 2155 usu
1235 2107 1404 2155 aliena
1425 2106 1737 2157 emendatio.
1801 2109 1947 2156 Tunc
1970 2108 2110 2156 euim
2143 2109 2225 2156 vel
2248 2106 2377 2168 ipsis
2401 2106 2551 2155 Prin-

330 2169 540 2232 cipibus
563 2172 733 2219 liberti
755 2179 953 2220 tautum
977 2178 1129 2221 erant
1149 2171 1236 2219 ab'
1237 2172 1487 2234 epistolis,
1521 2187 1553 2220 a
1586 2172 1888 2234 rationibus,
1928 2187 1959 2220 a
1997 2172 2200 2221 libellis.
2269 2171 2456 2247 Neque
2495 2171 2548 2217 id

330 2241 598 2285 mutatum
619 2243 741 2283 ante
763 2236 964 2285 Vitellii
985 2242 1240 2299 tempora,
1254 2244 1391 2285 teste
1409 2237 1600 2285 Tacito
1620 2236 1758 2285 Hist.
1777 2250 1816 2285 1.
1839 2241 1922 2285 58.
1954 2236 2241 2285 ‘Vitellius
2260 2236 2552 2284 ministeria

332 2298 680 2375 principatus,
703 2315 796 2363 per
819 2301 1032 2375 libertos
1061 2301 1146 2362 agi
1181 2302 1351 2375 solita,
1381 2301 1432 2349 in
1466 2301 1670 2364 equites
1698 2302 1955 2349 Romanos
1976 2300 2238 2364 disponit!
2304 2299 2473 2348 Immo
2495 2301 2551 2347 iel

330 2363 424 2411 vix
443 2364 591 2413 brevi
620 2366 850 2414 Vitellii’
839 2365 1057 2429 imperio
1079 2365 1275 2413 valuit:
1309 2366 1353 2414 si
1390 2364 1597 2429 quidem
1632 2365 1951 2440 Spartianus
1974 2364 2040 2414 de
2081 2365 2346 2414 Hadriano
2369 2373 2553 2414 narrat

333 2442 385 2479 c.
408 2432 490 2478 22.
522 2430 629 2479 ‘ab
652 2431 888 2494 epistolis
911 2438 967 2480 et
990 2445 1022 2480 a
1043 2431 1226 2481 libellis
1246 2430 1441 2494 primus
1459 2428 1812 2495 (Hadrianus)
1834 2429 2038 2495 equites
2054 2431 2310 2480 Romanos
2347 2428 2552 2478 babuit.

330 2493 424 2543 Sic
449 2495 680 2545 Brotier.
750 2496 977 2545 Budeus.
1008 2496 1089 2559 qui
1111 2511 1169 2545 ae
1201 2496 1427 2545 innobiles
1461 2496 1647 2545 babere.
1711 2495 1843 2545 Inde
1866 2496 2031 2546 Rhea.
2055 2495 2272 2558 conjicit
2300 2494 2413 2571 quis
2446 2510 2552 2542 eum

331 2559 422 2609 vel
460 2575 576 2623 quui
613 2561 760 2609 etius·
789 2561 967 2609 nobiles
1000 2563 1183 2610 habere.
1252 2561 1438 2609 Heius.
1463 2575 1645 2624 parum
1680 2560 1881 2610 abludit
1920 2576 1951 2609 a
1986 2560 2201 2623 scripto,
2236 2559 2553 2623 conjectans,

329 2624 473 2702 qein-
476 2625 1036 2675 ammonam-bere.
1103 2625 1277 2688 Magis
1314 2627 1439 2675 inde
1473 2625 1731 2675 recedunt
1769 2626 1889 2688 Bip.
1913 2625 2132 2701 yestigia
2162 2625 2395 2687 legentes
2419 2625 2553 2673 Gro-

334 2690 495 2750 novii,
532 2691 617 2754 qui
653 2691 769 2752 quia
806 2706 912 2739 ειιιιι
945 2691 1121 2739 nobiles
1155 2691 1347 2750 babet;
1381 2698 1438 2740 et
1476 2691 1810 2755 recipientes,
1845 2690 1957 2753 quia
1999 2705 2105 2738 eun
2136 2690 2329 2738 libertos
2365 2689 2551 2738 habere.

333 2754 626 2817 vulgatum
648 2762 797 2804 tenet
817 2755 1101 2805 Gutberins
1125 2757 1188 2803 de
1214 2753 1322 2805 Off.
1346 2756 1484 2804 dom.
1511 2754 1645 2819 Aug.
1668 2769 1754 2806 ιιι.
1776 2761 1825 2804 5.
1856 2755 2035 2804 nobiles
2071 2756 2322 2819 ingenuos
2362 2754 2553 2803 iutelli-

333 2833 482 2883 gens‚
507 2834 723 2884 quorum
744 2835 826 2868 res
849 2820 1094 2868 arctiores
1116 2828 1307 2869 esseut.
1372 2821 1505 2869 Mibi
1529 2820 1715 2884 Ryckii
1739 2821 2039 2898 conjectura
2064 2818 2392 2883 praeferenda
2415 2818 2553 2866 vide-

334 2893 443 2945 tur,
480 2885 595 2947 quin
629 2900 734 2934 eum
765 2885 990 2946 homines,
1024 2884 1111 2932 ubi
1144 2884 1258 2949 quis
1293 2899 1386 2947 pro
1409 2886 1653 2948 glossam
1676 2886 1905 2949 margine
1930 2885 2175 2948 adjecerit
2197 2884 2390 2945 nobiles,
2415 2883 2552 2932 uude

334 2920 553 2998 tau’dem
589 2957 708 2999 orta
747 2950 958 3013 vulgata
996 2948 1171 2998 lectio.
1238 2949 1450 3000 Oberlia.
1452 2957 1549 3000 -5
1590 2951 1717 3002 Μιι.
1757 2948 1935 3000 Guelf.
1974 2951 2088 3005 Jes.
2123 2956 2181 3000 et
2217 2949 2556 3013 Puteolanus,

330 3016 616 3114 appellaret.
683 3014 746 3063 In
769 3015 872 3063 Ms.
895 3014 1046 3063 Harl.
1068 3016 1317 3079 appellite.

1346 3205 1561 3255 NOTAE

331 3315 410 3364 lis
432 3315 724 3379 proneptis,
745 3321 802 3364 et
823 3321 992 3364 mater
1024 3313 1184 3363 Silani
1220 3315 1413 3404 abnep-

334 3392 406 3442 tis
427 3392 670 3462 Augusti
680 3390 801 3441 fuit.

403 3469 485 3518 M.
508 3467 713 3517 Silanus
725 3473 867 3531 puter
885 3468 1031 3518 istius
1053 3469 1236 3518 Silani.
1284 3467 1411 3519 Juu.

1492 3317 1657 3365 nauti.
1724 3316 1826 3367 Qui
1849 3316 1988 3365 enim
2009 3314 2097 3364 isti
2133 3320 2239 3364 tam
2268 3314 2392 3362 viles
2415 3313 2557 3362 nobi-

1492 3393 1590 3456 les,
1611 3392 1700 3455 qui
1722 3391 1876 3441 alteri
1897 3406 2005 3440 suae
2038 3390 2192 3440 sortis
2224 3391 2291 3439 ad
2325 3390 2431 3438 tale
2451 3388 2559 3438 offi-

1492 3468 1630 3517 cium
1674 3482 1732 3518 se
1773 3465 2175 3517 submitterent?
2254 3467 2420 3515 Immo
2458 3480 2560 3516 nec

330 3543 546 3595 Silanus
568 3559 703 3607 avus,
726 3545 814 3609 qni
837 3545 1052 3594 maritus
1073 3544 1289 3593 AEmiliae
1315 3545 1413 3594 Le·

333 3622 497 3687 pidae.
564 3622 800 3671 AEmilius
836 3623 1030 3672 Paulus
1061 3636 1280 3685 ρτοιυιιο,
1322 3623 1413 3687 qui

333 3699 419 3748 vir
438 3698 597 3749 Juliae
619 3699 795 3762 neptis
820 3697 953 3762 Aug.
977 3699 1050 3749 Μ.
1072 3697 1313 3763 Agrippa
1332 3700 1414 3749 ab·

332 3783 474 3837 auus,
497 3776 589 3840 qui
612 3775 693 3823 vir
713 3775 869 3825 Juliae
889 3775 1011 3825 filiae
1043 3775 1283 3838 Augusti,
1306 3775 1413 3825 Au-

333 3858 524 3917 gustus
547 3855 735 3911 utum,
760 3853 848 3915 qui
873 3858 1024 3914 pater
1045 3852 1225 3904 Juliae.

403 3935 426 3959 ⁸
459 3928 522 3977 Ιιι
543 3929 679 3977 novis
698 3928 858 3992 rebus]
892 3928 977 3977 Ita
1001 3935 1059 3977 ut
1092 3929 1143 3976 ίιι
1179 3929 1317 3979 bello
1341 3929 1414 3978 ci·

335 4004 433 4055 vm
449 4005 617 4056 solum
637 4005 738 4066 ipsi
755 4019 875 4068 spes
893 4004 1077 4053 relicta
1093 4012 1251 4054 esset.
1275 4004 1412 4055 vide

335 4084 560 4133 Sueton-
590 4081 701 4131 Jnl.

406 4159 424 4191 ⁸
459 4158 692 4207 Homines
711 4155 897 4218 habere,
914 4154 1051 4218 quos]
1083 4154 1254 4219 Vulgo
1282 4155 1412 4205 nobi·

335 4238 407 4287 1ae
448 4235 630 4299 legunt
671 4247 768 4296 pro
805 4231 1039 4281 lton-ines.-
1073 4239 1130 4281 at
1167 4232 1414 4283 nobilium

337 4323 446 4362 vox
487 4309 613 4360 mibi
649 4314 912 4374 suspects,
935 4314 1092 4373 atque
1111 4307 1203 4358 alii
1221 4309 1416 4360 exami-

1493 3544 1760 3608 principes
1792 3544 1911 3607 ipsi,
1932 3544 2130 3594 nobiles
2151 3543 2217 3593 ad
2252 3558 2317 3592 ea
2344 3556 2558 3592 munera

1491 3620 1771 3684 habebant,
1789 3620 1882 3670 sed
1902 3621 2133 3671 libertos.

1560 3698 1764 3747 Primus
1826 3697 2069 3748 'Vitellius
2133 3697 2324 3764 (verba
2384 3696 2564 3747 Taciti

1493 3773 1638 3822 Hist.
1663 3771 1732 3837 ι.)
1763 3775 1779 3801 ⁴
1802 3773 2087 3823 ministeria
2110 3773 2432 3839 principatus
2466 3786 2562 3836 per

1494 3849 1710 3900 libertos
1745 3851 1828 3914 agi
1867 3851 2040 3913 solitu,
2062 3851 2113 3899 in
2136 3851 2337 3915 equites
2373 3851 2561 3899 Roma-

1495 3940 1590 3975 nos
1611 3925 1902 3989 disposuit.
1953 3925 2056 3975 Sed
2080 3941 2179 3976 nec
2202 3939 2265 3975 ea
2285 3926 2561 3989 dispositio

1493 4001 1655 4052 firma.
1706 4002 1808 4050 Vix
1826 4008 1999 4067 eoepta
2021 4002 2185 4051 abiit:
2221 4017 2385 4065 eoque
2409 4002 2561 4066 Spar-

1494 4080 1663 4130 tianus
1683 4079 2003 4129 Hadrianum
2019 4080 2155 4142 Imp.
2171 4080 2317 4144 quasi
2336 4079 2561 4142 primum·

1495 4165 1763 4209 auctorem
1785 4156 1895 4222 ejus
1915 4156 1995 4206 rei
2014 4156 2225 4206 laudat.
2261 4156 2326 4205 ab
2359 4157 2566 4220 Episto-

1494 4236 1579 4299 lis,
1613 4252 1645 4285 a
1669 4235 1902 4301 Libellis,
1922 4235 1939 4264 ‘
1962 4235 2159 4300 primus
2180 4234 2381 4300 equites
2409 4235 2559 4286 Rom-0

1494 4312 1711 4365 habuin’
