3063 4952
452 348 629 416 1396

1173 360 1243 409 G.
1287 356 1652 409 CORNELII
1698 357 1964 407 'racl'rt

2359 359 2450 428 [A.
2473 362 2541 412 υ.
2566 364 2680 412 sos.

451 509 817 595 Propalam
873 502 1126 614 taaemen‘¹
1179 526 1411 572 omnes
1467 507 1539 571 in
1592 525 1742 571 eam
1797 504 2081 572 honores
2138 505 2670 584 cumulabantur,

452 615 868 696 signumque,
897 631 1079 675 more
1124 612 1433 690 militiae:
1480 613 1730 696 petenti
1775 611 2074 675 Tribuno
2114 609 2319 690 dedit,
2367 624 2673 677 OPTIME

446 765 720 829 superabat,
738 765 812 815 sui
833 765 991 814 odiam
1008 764 1263 814 excitarat.
1328 763 1530 813 Publice
1563 768 1721 821 tamen
1743 762 1900 812 omniu
1919 763 1972 811 in
1992 767 2192 812 matrem
2210 765 2377 811 decora
2399 759 2678 823 congerebat

450 832 616 894 Nero,
652 831 928 894 signumque
977 830 1244 895 postulanti
1287 830 1477 880 tribuno
1518 829 1610 895 (ut
1653 829 1764 879 beni
1807 843 1907 878 mos
1948 827 2055 892 est)
2093 827 2321 891 prebuit,
2366 827 2678 877 OPTIMAE

1463 976 1677 1027 NOTAE

451 1090 599 1140 vultu
622 1086 712 1153 qui
737 1084 988 1151 praeferat
1008 1086 1158 1150 ipso.’

518 1163 790 1218 Quomodo
820 1177 923 1212 non
949 1176 1195 1226 arrogans
1215 1166 1522 1227 procurator

348 1270 355 1275 »
450 1244 558 1305 liic,
582 1242 670 1308 qui
691 1245 773 1290 22.
790 1239 1046 1289 milliones
1068 1239 1381 1304 possideret,
1399 1240 1415 1268 ‘
1436 1240 1523 1304 qui

451 1334 604 1385 pares
626 1318 856 1367 rationes
879 1332 995 1366 cum
1018 1316 1223 1381 Repub.
1244 1317 1465 1367 haberet
1484 1316 1520 1365 ?’

452 1396 699 1448 Nonnulli
739 1400 952 1444 vertunt
986 1395 1302 1456 severitatem,
1334 1409 1521 1458 perpe-

449 1486 579 1524 ram.
632 1472 753 1523 Non
779 1471 916 1521 enim
936 1486 1001 1520 ea
1020 1471 1304 1533 severitate
1323 1471 1521 1534 Pallas,

454 1568 570 1618 quae
595 1551 756 1601 virtus
797 1557 887 1600 aut
922 1551 1212 1600 constantia
1247 1550 1403 1599 animi
1434 1551 1522 1613 sit,

448 1629 541 1678 sed
576 1626 679 1678 fuit
719 1626 934 1677 tristitia
956 1640 1175 1689 morum,
1198 1627 1431 1690 pravitas
1465 1632 1520 1676 et

448 1705 833 1769 importunitas,
856 1704 991 1753 utin
1016 1704 1108 1752 tali
1129 1704 1351 1753 homine.

515 1782 539 1815 ‘¹
572 1783 827 1846 Propulam
849 1779 1032 1844 tamen]
1098 1780 1243 1830 Clam
1282 1780 1524 1831 retunde·

448 1860 605 1910 batur
663 1858 910 1923 superbia
952 1857 1281 1921 Agrippinae,
1325 1857 1523 1906 artibus

448 1935 782 2001 consiliisque
820 1935 1012 1984 Burrhi
1051 1949 1113 1983 ac
1151 1934 1382 1997 Senecas,
1405 1949 1521 1983 cum

449 2015 621 2077 palam
659 2019 837 2061 tamen
873 2025 1050 2060 omnes
1072 2011 1290 2060 honores
1322 2010 1375 2058 in
1409 2024 1520 2060 eam

448 2091 586 2140 filius
609 2090 755 2141 Nero
778 2089 1086 2152 cumularet,
1124 2094 1180 2137 et
1218 2087 1370 2137 initio
1401 2103 1522 2152 gau·

429 2171 644 2222 debant
698 2168 933 2231 magistri
986 2165 1372 2230 dominationis,
1433 2168 1522 2217 de-

449 2263 681 2313 pressam
726 2261 841 2297 esse
885 2245 1112 2296 foeminae
1151 2245 1519 2307 ambitionem3

450 2326 618 2392 neque
662 2326 798 2376 enim
843 2324 1149 2374 duraturum
1189 2323 1363 2374 odium
1409 2323 1523 2389 filii,

447 2421 613 2471 usque
650 2404 717 2454 ad
772 2418 956 2454 necem
991 2402 1188 2468 matris,
1223 2402 1300 2452 illi
1343 2403 1522 2452 crede-

449 2483 594 2532 bant.

513 2568 535 2594 ⁶
558 2559 869 2626 Signumque,
891 2575 1018 2610 more
1040 2559 1250 2624 militiae]
1289 2559 1520 2625 Signum,

444 2637 554 2688 sive
598 2644 814 2703 tessera,
853 2654 1058 2703 semper
1095 2638 1336 2701 Tribunis
1379 2639 1523 2702 data,

448 2717 608 2766 etiam
645 2715 853 2778 Repub.
894 2715 1125 2779 antiqua.
1208 2714 1388 2763 Livius
1427 2714 1521 2765 lib.

447 2797 654 2843 xxviii.
689 2795 704 2821 ‘
730 2794 918 2842 Forma
958 2800 1130 2842 tamen
1170 2792 1520 2842 Romanorum

446 2876 735 2919 castrorum
777 2868 1068 2931 constabat,
1103 2868 1240 2933 quod
1263 2868 1519 2918 Tribunos

446 2954 503 2996 et
517 2947 641 3011 jura
661 2947 878 2996 reddere
899 2948 950 2996 in
975 2945 1242 3012 principiis
1261 2945 1519 3010 sinebant,

444 3033 500 3075 et
534 3024 734 3089 signum
760 3025 911 3074 abiis
935 3025 1210 3088 petebant,
1233 3029 1288 3073 et
1327 3024 1380 3072 in
1417 3029 1519 3073 sta-

446 3101 615 3152 tiones
642 3117 702 3152 ac
728 3102 929 3166 vigilias
953 3102 1134 3151 ordine
1157 3100 1340 3150 ibant!

510 3179 757 3229 Dabatur
790 3195 821 3228 a
844 3180 1090 3241 Consule,
1113 3179 1369 3239 Praetorc,
1392 3191 1541 3244 eove⁴

447 3256 536 3322 qui
558 3257 815 3306 exercitui
841 3263 1085 3320 praeerat.
1135 3255 1283 3304 Idem
1306 3254 1517 3305 Livius:

441 3339 455 3362 ‘
484 3336 546 3384 In
589 3334 840 3399 praetorio
880 3334 1222 3384 tetenderunt
1242 3332 1429 3382 Albius
1463 3338 1520 3381 et

444 3411 646 3475 Atrius,
687 3411 961 3461 classicum
1004 3410 1141 3474 apud
1183 3424 1272 3458 eos
1312 3409 1521 3473 cecinit,

443 3488 648 3554 siguum
671 3489 737 3537 ab
763 3489 826 3536 iis
854 3488 1070 3552 petitum
1097 3486 1213 3537 est!
1416 3476 1421 3479 ⁴

508 3563 584 3614 At
608 3566 842 3629 praetorii
863 3566 1119 3615 Tribunus
1158 3580 1189 3614 a
1225 3567 1343 3620 solo*
1376 3565 1517 3630 prin-

442 3641 577 3705 cipe.
645 3642 774 3691 ldeo
811 3658 968 3705 supra
998 3642 1089 3691 lib.
1113 3658 1153 3692 1.
1196 3643 1335 3694 inter
1371 3645 1519 3708 signa

444 3720 653 3785 accepti
677 3720 880 3785 imperii
901 3722 1115 3771 Tacitus
1136 3722 1341 3786 posuit:
1378 3723 1392 3749 ‘
1410 3724 1517 3772 De-

441 3796 625 3848 functo
647 3798 903 3861 August0,
924 3799 1124 3862 signum
1148 3801 1409 3865 praetoriis
1433 3816 1517 3850 co-

438 3876 696 3939 hortibus,
751 3883 811 3925 ut
883 3877 1194 3941 Imperator,
1265 3878 1516 3928 dederat.'

438 3953 650 4017 Lipsius.

486 4032 726 4080 Formam
740 4030 924 4079 dandae
937 4038 1149 4081 tesserae
1163 4032 1515 4097 petendaeque

441 4118 507 4156 ex
549 4114 699 4171 parte
738 4108 997 4172 expressit
1035 4109 1304 4175 Appianus
1330 4125 1403 4159 lv.
1431 4110 1516 4159 Ci-

443 4183 654 4234 vilium:
688 4185 703 4211 ⁴
732 4187 953 4250 Lucius,'
985 4187 1173 4253 inquit,
1206 4193 1220 4217 ‘
1246 4188 1386 4237 misit
1406 4187 1516 4236 Tri-

441 4261 624 4329 bunos,
665 4265 752 4330 qui
785 4265 987 4332 signum
1025 4267 1278 4317 exercitui
1316 4267 1518 4333 accipe-

1604 1091 1720 1134 rent
1744 1099 1775 1133 a
1800 1083 2029 1134 Caesare.
2095 1081 2170 1131 Hi
2191 1086 2361 1131 autem
2385 1077 2681 1133 afferebant

1600 1162 1678 1212 illi
1699 1176 1967 1210 numerum
1991 1159 2275 1220 exercitus,
2305 1165 2365 1208 ut
2387 1165 2442 1208 et
2463 1173 2599 1207 nunc
2622 1158 2678 1208 in

1601 1253 1746 1289 more
1770 1246 1867 1300 est,
1886 1238 2196 1300 Tribunum,
2221 1235 2311 1300 qui
2335 1235 2537 1299 signum
2557 1248 2679 1299 pos·

1603 1319 1758 1380 tulat,
1782 1316 2003 1367 reddere
2024 1313 2340 1379 Imperatori
2372 1312 2563 1362 librum
2600 1311 2679 1361 di·

1603 1410 1807 1458 urnum,
1823 1411 1926 1461 quo
1958 1395 2261 1445 continetur
2277 1408 2522 1444 numerus
2544 1408 2679 1459 prae-

1603 1472 1862 1526 sentium?

1668 1550 1846 1616 Atque
1897 1548 2019 1600 olim
2064 1555 2268 1599 tessera
2302 1548 2425 1597 data
2467 1547 2680 1598 videtur

1601 1629 1711 1678 sine
1781 1642 1927 1690 voce,
1970 1627 2224 1690 inscripta
2278 1627 2363 1675 vel
2416 1625 2682 1691 insculpta

1602 1705 1752 1756 brevi
1791 1705 1973 1770 signo;
2028 1705 2165 1754 unde
2211 1711 2428 1753 tesserae
2470 1717 2679 1754 nomen.

1603 1783 1690 1831 De
1731 1797 1833 1847 quo
1875 1780 2151 1845 Polybium
2191 1779 2277 1829 adi
2312 1780 2346 1831 l.
2371 1794 2449 1830 vi.
2490 1785 2546 1830 at
2579 1779 2680 1830 sub

1605 1858 1779 1923 Impp.
1801 1859 1979 1908 vocale
2001 1858 2055 1906 id
2079 1858 2297 1922 signum.

1669 1935 1882 1985 Dabant
1921 1941 2095 1985 autem
2132 1936 2436 1999 plerumque
2470 1932 2679 1983 nomina

1603 2014 1840 2063 Deorum
1877 2020 1968 2064 aut
2007 2013 2247 2062 heroum:
2283 2012 2442 2061 etiam
2481 2011 2679 2074 Graeci,

1607 2091 1893 2141 Pausanias
1939 2092 1974 2142 l.
2019 2104 2075 2142 x.
2127 2092 2143 2119 ‘
2171 2091 2300 2141 Cum
2340 2089 2602 2154 utrimque
2648 2104 2680 2139 a

1604 2167 1824 2218 ducibus
1861 2169 1927 2218 de
1963 2182 2105 2218 more
2143 2167 2298 2216 militi
2335 2174 2547 2216 tesserae
2589 2164 2686 2214 da·

1603 2252 1804 2309 rentur,
1842 2244 2060 2296 fortuito
2083 2244 2150 2294 ad
2187 2243 2386 2293 oraculi
2408 2242 2574 2303 verba
2590 2257 2680 2306 ap-

1603 2323 1789 2386 positae
1814 2323 1951 2374 datae
1975 2328 2126 2384 sunt3
2159 2337 2190 2370 a
2210 2321 2485 2383 Thessalis,
2506 2320 2694 2379 Itonia,
2725 2355 2734 2359 -

1601 2401 1863 2465 Minerva,
1899 2418 1929 2451 a
1967 2399 2342 2463 Phocensibus,
2365 2399 2536 2463 gentis
2561 2413 2682 2449 auc-

1605 2488 1689 2531 tor
1713 2481 1955 2532 Phocus!

1669 2560 1842 2609 Etiam
1881 2560 2079 2622 Persae,
2115 2558 2159 2608 si
2183 2554 2521 2621 Xenophonti
2551 2553 2682 2608 fides

1601 2636 1638 2684 l.
1663 2650 1766 2686 vir.
1790 2643 1844 2686 et
1868 2650 1955 2685 m.
1978 2637 2107 2686 παιδ.
2141 2635 2229 2684 ubi
2271 2651 2302 2684 a
2338 2634 2477 2699 Cyro
2500 2632 2680 2683 datum

1602 2713 1823 2777 signum,
1846 2714 2045 2778 Jupiter
2072 2713 2337 2761 auxiliator
2358 2716 2406 2760 et
2429 2713 2545 2775 dux,
2567 2718 2678 2773 aut,

1601 2791 1800 2855 Jupiter
1817 2798 2043 2840 servator.
2110 2789 2346 2839 Suetonii
2368 2789 2470 2838 loci
2495 2787 2603 2838 bini
2624 2787 2676 2835 in

1600 2867 1698 2916 hac
1734 2883 1824 2928 re;
1861 2868 1996 2917 alter
2035 2856 2144 2918 Cal.
2185 2882 2232 2915 c.
2273 2871 2357 2916 58.
2389 2866 2404 2891 ‘
2431 2863 2676 2930 Signum,'

1603 2945 1696 3009 ait,
1730 2945 1747 2973 ‘
1770 2960 1916 2995 more
1958 2945 2160 2994 militiae
2195 2945 2426 3009 petisse3
2462 2951 2520 2994 et
2549 2944 2677 2996 Caio

1600 3021 1786 3073 Jovem
1830 3022 2005 3085 dante,
2030 3023 2299 3073 Cboeream
2344 3023 2678 3086 exclamasse,

1599 3098 1801 3166 Accipe
1824 3100 2031 3151 ratum!
2685 3147 2690 3156 .

1666 3180 1822 3229 Alter
1843 3196 1889 3230 c.
1915 3184 1996 3231 56.
2035 3184 2050 3208 ⁸
2073 3180 2267 3230 Solitus
2292 3180 2445 3229 modo
2471 3179 2676 3244 signum

1602 3258 1824 3324 petenti,
1847 3259 2093 3322 Priapum
2117 3265 2209 3307 aut
2228 3259 2490 3307 Venerem
2514 3258 2639 3306 dare
2661 3274 2676 3319 ;

1600 3335 1754 3384 modo
1778 3334 2107 3385 osculandam
2129 3349 2335 3383 manum
2366 3331 2556 3383 offerre
2579 3332 2681 3383 for-

1600 3420 1791 3462 matam
1828 3417 2243 3476 commotamque
2287 3410 2341 3459 in
2376 3409 2678 3460 obscoenum

1599 3488 1846 3539 modum!

1663 3567 1881 3615 Tessera
1918 3565 2112 3628 duplex
2142 3563 2278 3614 fuit:
2315 3579 2418 3612 una
2451 3580 2568 3629 quae
2611 3563 2678 3614 ad

1600 3646 1862 3711 excubias,
1893 3646 2057 3695 altera
2083 3660 2199 3709 quae
2223 3645 2286 3693 ad
2313 3659 2536 3708 pugnam
2558 3659 2678 3709 per·

1598 3723 1809 3773 tineret.
1875 3725 1963 3773 De
1994 3731 2260 3786 postrema
2280 3722 2492 3772 Tacitus
2515 3722 2551 3771 l.
2590 3735 2679 3771 tn.

1597 3801 1779 3850 histor.
1822 3803 1835 3828 ‘
1862 3801 2057 3849 Eadem
2101 3807 2320 3864 utraque
2360 3799 2473 3848 acie
2502 3814 2676 3849 arma:

1598 3877 1795 3926 crebris
1819 3877 2317 3941 interrogationibus
2343 3886 2523 3926 notum
2546 3890 2690 3941 pug-¹

1597 3972 1679 4006 nae
1706 3956 1940 4022 signum?

1664 4034 1984 4098 Signumque]
2005 4035 2219 4098 Signum
2245 4036 2403 4085 dabat
2427 4036 2676 4103 princeps

1598 4111 1710 4176 ipse
1735 4113 1996 4176 praetoriis
2018 4113 2337 4173 cohortibus,
2355 4128 2447 4162 seu
2467 4114 2684 4166 tribuno.

1600 4190 1865 4253 praetoriae
1891 4190 2141 4253 cohortis,
2164 4206 2281 4255 quae
2317 4206 2414 4255 per
2432 4181 2679 4243 excubia·

1600 4281 1714 4318 rum
1739 4265 1879 4317 vices
1912 4268 2196 4319 stationem
2233 4267 2415 4330 habuit
2436 4282 2531 4338 pro
2556 4267 2688 4321 fori·
