3063 4952
374 416 377 419 ·
434 387 608 452 1404
1127 398 1187 447 c.
1236 396 1601 446 conmuni
1649 396 1927 446 uerri·

433 556 740 632 gressus»,
767 550 836 611 ct
856 580 859 581 f
880 548 900 579 ‘
930 544 1013 608 dc
1043 543 1435 608 auctoritate
1463 542 1797 620 Patrum:¹
1840 546 1909 607 et
1953 561 2283 608 consensu
2318 539 2655 606 militum'‘

434 651 775 736 praefamS‚
805 653 827 683 ‘
859 648 1140 713 consilia
1170 647 1300 711 sibi
1331 650 1397 710 et
1425 641 1756 729 exempla‘
1773 646 2170 730 capessendi
2199 645 2482 728 egregie¹
2516 644 2657 709 Im-

434 744 622 836 perii’
650 752 1075 819 memoravit:
1123 756 1143 785 ‘
1174 769 1299 815 nec
1337 749 1687 834 juventam
1737 752 1942 814 armis
1973 750 2340 828 civilibus,⁸
2391 753 2508 813 aut
2535 746 2654 812 do-

2326 400 2417 466 [Α.
2443 401 2511 452 υ.
2540 404 2659 451 sos.

434 953 522 1002 que
544 937 610 988 de
633 937 848 988 decreto
869 937 1108 999 Petrum,
1146 942 1201 986 et
1225 934 1471 1000 suffragio
1493 936 1735 995 militum,
1764 934 1993 984 recensuit
2032 948 2149 998 quae
2189 931 2288 983 sibi
2328 926 2543 982 consilia
2578 943 2657 979 es·

434 1011 567 1069 sent,
587 1010 643 1055 et
665 1003 901 1069 exempla
925 1004 1057 1054 bene
1077 1002 1321 1068 gerendae
1337 1003 1490 1067 Reip.
1505 1016 1605 1051 nec
1629 1001 2034 1051 adolescentiam
2055 1014 2190 1049 suum
2212 999 2361 1050 bellis
2379 997 2658 1059 intestinis,

1365 1145 1726 1167 OOOOOOOOOOO

502 1236 530 1281 1
571 1232 658 1282 Sic
681 1230 815 1282 bene
836 1232 1128 1283 Rhenanus.
1195 1233 1257 1283 In
1283 1233 1411 1282 Mss.
1435 1237 1492 1281 et
1515 1229 1829 1280 editionibus
1853 1229 2131 1294 veteribus,
2155 1227 2359 1292 egregii.
2425 1221 2657 1279 Brotier‘.

1428 1419 1652 1473 NoTAE

1650 1543 1908 1609 Exempla]
1942 1544 2204 1594 Bonorum
2239 1541 2426 1607 nempe
2465 1542 2658 1606 princi-

2419 1619 2508 1669 Sic
2528 1619 2658 1670 Sue-

434 1715 503 1764 pe
538 1701 824 1750 amaritate
856 1701 1062 1751 firmata
1087 1701 1300 1765 adoptio
1320 1700 1502 1764 ipsius,
1585 1704 1693 1750 ton.
1734 1700 1864 1750 Ner.
1888 1704 1969 1750 10.
2020 1702 2036 1729 ‘
2061 1701 2236 1765 Atque
2277 1704 2337 1748 ut
2376 1697 2657 1748 certiorem

433 1545 639 1597 ridebat
660 1546 859 1597 histrio.

498 1620 524 1656 ‘²
554 1622 634 1673 De
654 1624 941 1673 auctoritate
964 1624 1192 1688 Pati-um]
1227 1624 1347 1675 Qua
1362 1636 1503 1671 nem·
1582 1633 1726 1685 pum,
1750 1628 1806 1671 et
1825 1622 2092 1687 praecipue
2115 1621 2354 1686 Augusti.

433 1794 537 1845 qua
576 1777 810 1828 firmatus
848 1778 949 1843 ipsi
987 1778 1329 1842 principatus,
1362 1783 1417 1826 et
1445 1780 1506 1825 ut

433 1855 508 1905 sic
531 1856 687 1905 ctiam
727 1856 922 1905 animos
960 1857 1173 1904 Pati-um
1208 1854 1305 1903 sibi
1331 1853 1502 1903 conci·

430 1930 584 1983 liaret
608 1931 772 1992 Nero,
796 1932 940 1996 quasi
973 1932 1074 1981 illis
1098 1930 1316 1981 deberet
1339 1931 1500 1995 impe-

430 2007 583 2068 rium,
621 2022 780 2072 seque
824 2008 1026 2057 senatui
1061 2008 1370 2057 obstrictum
1407 2006 1501 2056 tali

432 2086 616 2135 merito
640 2084 1007 2149 profiteretur:
1044 2091 1200 2150 atque
1221 2086 1333 2134 haec
1354 2083 1498 2147 inge·

429 2163 515 2212 nio
537 2168 593 2212 et
616 2163 831 2213 consilio
853 2165 1086 2212 Senecae.

495 2247 519 2274 θ
552 2241 622 2290 Et
666 2255 888 2290 consensu
928 2238 1156 2303 militum]
1214 2239 1326 2289 Hos
1363 2252 1500 2289 nunc

430 2317 698 2380 postponit
720 2316 923 2366 senatui
948 2317 1000 2365 in
1023 2322 1225 2378 senatu,
1247 2322 1302 2365 et
1325 2322 1501 2365 tamen

430 2393 574 2457 prins
611 2393 781 2442 iverat
818 2395 868 2442 in
907 2399 1098 2457 castra,
1137 2409 1290 2458 quam
1322 2393 1373 2442 in
1414 2408 1500 2441 cu·-

426 2470 575 2535 riam,
597 2478 656 2523 ut
678 2472 848 2537 potius
870 2472 1069 2522 electus
1090 2486 1122 2521 a
1156 2471 1320 2522 milite
1357 2471 1498 2521 vide·

430 2557 594 2602 retur.

496 2630 565 2678 Ee
587 2645 811 2680 consensu
833 2628 1060 2691 militum]
1104 2629 1380 2694 Praecipue
1420 2629 1498 2679 in·

428 2708 620 2771 telligit
662 2709 1032 2771 praetorianum
1076 2708 1315 2769 militem,
1359 2704 1495 2757 forte

429 2783 586 2834 etiam
624 2792 679 2834 et
715 2785 946 2849 legiones
983 2786 1138 2849 ipsas,
1181 2783 1319 2849 (haec
1359 2783 1497 2832 enim

430 2861 600 2911 oratio
630 2876 733 2913 non
768 2865 960 2928 statim,
987 2864 1079 2913 sed
1102 2877 1221 2912 mox
1244 2860 1420 2910 habita
1443 2860 1496 2908 in

430 2937 657 3004 senatu‚)
679 2942 1023 3001 consensisse,
1055 2953 1157 2989 non
1180 2937 1334 2988 modo
1357 2938 1497 2986 inter

430 3030 507 3078 sc,
552 3016 617 3065 de
662 3032 724 3067 eo
764 3018 1063 3068 asciscendo
1101 3018 1155 3066 in
1195 3015 1497 3080 principem,

429 3091 522 3141 sed
563 3100 619 3143 et
664 3110 781 3144 cum
826 3095 949 3159 ipsis
997 3092 1244 3143 Patribus
1287 3106 1500 3141 oensen·

426 3169 586 3222 sisse:
622 3187 780 3237 quare
816 3173 888 3221 ibi
913 3179 1187 3235 utrumque
1210 3170 1499 3230 connectit,

427 3254 484 3298 et
520 3251 848 3300 auctoritatem
886 3255 1100 3314 patrum,
1140 3257 1194 3298 et
1230 3263 1497 3297 consen-sum

424 3325 647 3376 militum.

426 3429 429 3434 ·
490 3401 513 3434 f
544 3406 753 3454 Consilia
787 3403 880 3454 sibi
911 3409 958 3452 et
986 3402 1222 3466 exempla]
1268 3401 1496 3452 Consilia

332 3521 336 3526 .
426 3491 538 3543 sua,
561 3496 748 3545 nempe
772 3483 836 3530 de
860 3482 1153 3544 principatu
1182 3480 1315 3529 bene
1350 3481 1495 3530 insti·

425 3557 655 3619 tuendo;
689 3558 902 3609 consilia
924 3571 1015 3605 sua
1038 3556 1103 3605 dc
1133 3557 1298 3606 forma
1331 3555 1495 3607 futuri

423 3635 747 3699 principatus
769 3651 782 3693 3
825 3634 967 3698 quasi
989 3640 1161 3682 certas
1187 3636 1392 3698 regulas
1414 3648 1494 3684 re·

422 3713 576 3778 gendi
612 3713 709 3761 sibi
748 3713 821 3761 sic
862 3711 1246 3775 praescriberet,
1281 3713 1333 3760 in
1369 3727 1493 3776 quas

421 3792 731 3848 intueretur,
771 3797 824 3837 et
868 3803 996 3854 quas
1035 3803 1173 3838 nunc
1216 3789 1490 3853 describit,

423 3867 697 3933 palamque
716 3866 976 3930 proponit,
994 3873 1052 3915 ut
1072 3866 1147 3914 sic
1171 3881 1256 3915 eas
1279 3881 1491 3932 sequen-

423 3944 499 4007 di,
519 3944 682 3992 veluti
706 3942 1070 3992 necessitatem
1105 3944 1204 3991 sibi
1240 3944 1490 4008 imponat.

420 4024 492 4072 Et
531 4028 678 4073 certe
709 4021 966 4069 orationes
1006 4021 1106 4070 illae
1153 4021 1374 4071 Neronis
1414 4022 1490 4071 in-

421 4098 641 4162 sculptae
667 4113 826 4147 aurea
848 4099 1108 4157 columna,
1131 4108 1189 4149 ut
1223 4107 1398 4149 essent
1435 4100 1489 4150 in

420 4174 734 4238 exemplum,
751 4190 852 4224 nou
877 4177 1026 4226 modo
1050 4179 1247 4227 Neroni
1265 4179 1382 4242 ipsi,
1398 4178 1489 4227 sed

421 4253 575 4302 etiam
599 4252 840 4302 omnibus
878 4253 1201 4320 principibus
1223 4269 1491 4305 successu·

420 4331 511 4394 ris,
534 4336 669 4382 teste
686 4329 887 4382 Dione.
1262 4355 1269 4362 -
1402 4359 1405 4362 ¹
1422 4355 1425 4362 >

1587 1776 1755 1826 adhuc
1778 1776 2005 1827 indolem
2029 1777 2349 1839 ostenderet,
2371 1789 2439 1825 ex
2455 1773 2660 1839 Angus-

1586 1854 1959 1919 ti·praescripto
1982 1855 2355 1919 imperaturum
2380 1867 2434 1903 se
2458 1852 2656 1916 profes-

1584 1947 1688 1996 sus,
1734 1946 1901 1997 neque
1943 1932 2292 1993 liberalitatis,
2337 1943 2507 1996 neque
2551 1931 2656 1979 cle-

1583 2010 1812 2071 mentioe,
1834 2025 1932 2060 nec
1970 2009 2230 2060 comitatis
2268 2008 2478 2074 quidem
2512 2006 2657 2057 exhi-

1582 2087 1786 2148 bendae‚
1806 2090 1961 2138 ullam
1980 2088 2301 2138 occasionem
2325 2085 2529 2136 omisit.’
2560 2085 2657 2133 Ta—

1581 2164 1652 2213 lia
1673 2180 1814 2228 saepe
1836 2164 1984 2214 initia
2012 2164 2320 2228 principum.
2386 2162 2491 2212 Sed
2529 2175 2655 2212 non-

1581 2242 1701 2291 dum
1722 2240 1852 2292 finis.

1646 2321 1727 2369 De
1753 2321 1846 2370 tali
1883 2319 2112 2370 oratione
2142 2319 2369 2370 Neronis
2400 2316 2477 2367 sic
2509 2317 2619 2367 Dio
2639 2320 2675 2366 τ’

1581 2396 2009 2461 ‘Septemdecim
2056 2411 2303 2445 annorum
2353 2393 2474 2458 fuit,
2533 2409 2650 2444 cum

1577 2472 1838 2538 imperare
1862 2475 2057 2539 coepit:
2096 2472 2217 2523 dein
2247 2479 2419 2522 castra
2455 2471 2653 2538 ingres·

1578 2567 1684 2615 suS,
1708 2552 1861 2603 lectis
1899 2552 1963 2602 iis
1987 2566 2102 2617 quae
2126 2552 2325 2600 Seneca
2348 2550 2654 2613 scripserat,

1579 2631 1849 2694 militibus,
1862 2635 2111 2696 quantum
2129 2629 2204 2679 eis
2225 2628 2475 2678 Claudius
2495 2627 2655 2677 dede—

1579 2715 1680 2771 rat,
1701 2709 1953 2772 promisit.
2020 2707 2174 2757 Talia
2192 2712 2248 2755 et
2269 2704 2435 2768 fuere,
2457 2720 2573 2769 quae
2599 2705 2654 2754 in

1577 2793 1763 2834 senatu
1786 2786 1868 2851 (et
1889 2785 2002 2847 ipsa
2023 2785 2135 2833 haec
2156 2799 2184 2833 a
2206 2783 2408 2832 Seneca
2430 2779 2656 2847 scripta)

1580 2863 1843 2924 recitavit,
1868 2868 1926 2911 ut
1963 2862 2181 2911 decreto
2217 2868 2427 2911 senatus
2463 2859 2656 2910 inscul-

1580 2946 1833 3003 perentur
1875 2939 1926 2987 in
1982 2940 2222 2989 columna
2273 2944 2544 3002 argentea,
2591 2943 2657 2988 ut

1578 3019 1869 3085 quotannis,
1904 3033 2021 3067 cum
2046 3019 2168 3068 novi
2191 3020 2430 3069 consules
2466 3018 2655 3083 magis·

1580 3102 1775 3147 tratum
1816 3096 2027 3160 inirent,
2069 3098 2385 3160 legerentur.
2468 3096 2539 3145 Et
2584 3108 2653 3158 ex

1579 3173 1660 3222 his
1698 3173 1907 3238 quidem
1952 3187 2007 3221 se
2044 3172 2417 3235 comparabant
2455 3177 2660 3236 patres,

1582 3259 1827 3315 tanquam
1872 3249 1993 3300 boni
2048 3248 2301 3313 principis
2359 3247 2655 3311 imperium,

1578 3330 1725 3377 velut
1761 3341 1827 3376 ex
1863 3325 2160 3391 syngrapha
2199 3324 2422 3389 quadam
2454 3323 2656 3374 habitu·

1577 3404 1657 3453 ri.⁹

1645 3483 1897 3534 Attamen
1938 3480 2213 3545 distinguit
2251 3480 2467 3529 Tacitus
2510 3480 2653 3530 inter

1581 3563 1868 3613 orationem
1894 3576 2069 3626 quam,
2109 3559 2284 3608 statim
2324 3565 2481 3622 atque
2517 3559 2654 3609 salu·

1575 3648 1715 3691 tatus
1750 3638 1853 3688 fuit
1883 3639 2199 3701 Imperator,
2221 3634 2401 3684 habuit
2425 3636 2477 3683 in
2501 3650 2651 3685 sena·

1575 3725 1654 3781 tu,
1677 3724 1731 3767 et
1751 3717 2093 3778 istam‚'quam
2120 3712 2300 3761 habuit
2334 3718 2455 3775 post
2478 3712 2653 3762 imita·

1573 3803 1751 3846 menta
1797 3793 2028 3843 tristitiae
2076 3795 2323 3854 peracta3
2381 3796 2438 3840 et
2483 3796 2653 3855 patet,

1573 3873 1802 3939 pluribus
1845 3868 2167 3919 orationibus
2205 3868 2401 3917 animos
2441 3875 2649 3932 patrum

1573 3950 1839 4015 plebisque
1862 3946 2179 3995 demeruisse
2203 3946 2484 4008 Neronem,
2524 3946 2649 3996 dum

1572 4027 1715 4075 illum
1739 4032 1948 4087 regeret
1969 4023 2185 4072 Seneca.

1637 4111 1662 4147 s
1703 4104 1800 4151 Nec
1811 4103 2061 4162 juventam
2077 4099 2225 4148 armis
2243 4097 2481 4161 civilibus]
2516 4097 2658 4149 obi-1·

1572 4186 1654 4229 ter
1678 4179 2038 4247 perstringere
2055 4175 2267 4223 videtur
2291 4175 2646 4238 principatum

1572 4255 1812 4320 Augusti,
1850 4253 1940 4318 qui
1981 4262 2127 4302 certe
2163 4254 2338 4301 attulit
2368 4251 2646 4316 juventam

1479 4351 1487 4362 ²
1571 4336 1813 4402 imperio,
1826 4334 1921 4386 sed
1939 4346 2130 4384 cruore
2145 4332 2344 4384 civium
2365 4332 2643 4385 etdomesa·
