3063 4952
847 366 873 373 -ρ

458 388 635 454 1394

1168 403 1232 452 G.
1284 401 1611 452 CORNELI
1624 403 1647 450 1
1696 402 1788 450 ΤΑ
1801 401 1950 451 cl'rl

2353 403 2446 467 [A.
2470 405 2538 455 U.
2562 408 2682 454 808.

457 570 755 633 morum;
801 532 1058 615 Seneca
1078 548 1434 633 praeceptis
1458 549 1857 633 eloquentiae
1891 551 1961 612 et
1990 546 2302 613 comitate
2325 547 2604 613 honesta
2625 554 2673 611 ε’

449 632 766 741 juvantes
794 653 1103 729 invicem,
1144 671 1278 736 quo
1321 650 1583 716 facilius
1607 653 1971 716 lubricam*
1996 650 2337 734 Principis
2370 655 2665 727 aetatem,

461 759 522 824 si
554 759 863 823 virtutem
891 762 1398 840 aspernaretur‚¹
1426 754 1886 838 voluptatibus
1909 754 2247 818 concessis
2275 753 2679 818 retinetene&

457 952 504 997 et
522 945 768 1008 gravitate
782 956 962 992 morum
980 959 1001 1001 ‚·
1048 941 1228 991 Seneca
1247 944 1353 991 arte
1372 940 1668 1005 eloquentia,
1683 945 1731 990 et
1750 941 1943 991 honesta
1965 940 2148 1003 ingenii
2168 940 2441 991 amoenitate
2456 956 2472 988 .·
2520 939 2678 1001 opitu-

457 1013 609 1062 lantes
623 1012 839 1074 invicem,
859 1024 947 1073 qno
969 1007 1135 1057 melius
1155 1005 1420 1058 cohiberent
1435 1006 1696 1068 juvenilem
1717 1011 1906 1057 etatem
1921 1006 2157 1071 principis
2172 1006 2418 1071 permissis
2437 1004 2674 1071 cupidini-

1420 1220 1431 1229 ,
1459 1155 1682 1207 No'rAE

524 1303 547 1328 V
585 1293 821 1343 Comitate
837 1290 1052 1354 honesta]
1082 1284 1528 1341 Quemadmodum
1609 1283 1780 1346 ουμένη
1800 1284 1961 1348 ῥοπάς.
2026 1286 2216 1336 Plotin.
2250 1300 2289 1335 ι.
2316 1285 2552 1336 Ennead.
2577 1250 2684 1346 apc-

461 1373 688 1438 gravitas
746 1368 1099 1431 severitasque
1141 1363 1337 1429 ingenii
1375 1363 1531 1412 decet
1609 1362 1699 1425 κρὰ
1737 1362 1858 1427 ῥοπὴ
1894 1362 2032 1428 ἀρκεῖ
2061 1361 2126 1413 εἷς
2170 1361 2367 1420 ἔκβασιν
2402 1364 2489 1412 τοῦ
2527 1361 2681 1437 ὀρθοῦ.

463 1452 630 1499 virum
654 1447 927 1497 militarem
947 1462 961 1506 3
1004 1445 1079 1494 ita
1100 1450 1156 1493 et
1178 1442 1396 1493 comitas
1420 1456 1531 1490 sua·

461 1527 707 1592 vitasque·
721 1538 919 1574 morum
952 1521 1173 1570 maxima
1211 1519 1388 1581 decuit
1420 1519 1533 1588 lite-

461 1609 632 1653 ratum
653 1600 927 1651 hominem.
993 1598 1063 1647 Et
1080 1596 1368 1646 humanitas
1391 1596 1534 1646 velut

461 1675 1004 1741 individua'insitaque
1026 1675 1192 1726 literis
1210 1681 1264 1724 et
1285 1676 1533 1741 eloquen-

464 1757 572 1809 tiae.

531 1832 770 1883 comitate
811 1829 1025 1892 honesta]
1088 1828 1312 1878 Videtur
1365 1831 1534 1895 major

463 1910 746 1961 auctoritas
771 1906 930 1957 fuisse
962 1921 1123 1971 penes
1158 1906 1432 1970 Burrhum‚
1453 1908 1533 1957 ita

460 1993 520 2037 ut
574 2000 670 2050 pro
725 1984 1019 2035 reverentia
1084 1999 1176 2033 sua
1227 1983 1531 2035 institueret

459 2063 746 2129 principem
796 2067 852 2112 et
894 2060 1178 2111 severitate
1229 2075 1340 2125 sua,
1386 2061 1531 2111 bonis

459 2140 725 2201 moribus3
780 2139 983 2189 Seneca
1021 2154 1145 2188 vero
1187 2139 1436 2190 comitate
1474 2146 1530 2189 et

459 2217 678 2267 lenitate
718 2230 916 2265 morum
961 2230 1018 2265 se
1062 2215 1349 2265 insinuaret
1387 2215 1529 2279 prin-

460 2295 584 2359 cipi,
609 2301 666 2345 et
699 2299 874 2343 tamen
899 2292 1109 2342 eosdem
1146 2291 1364 2344 affectus
1403 2293 1528 2343 inci-

462 2380 599 2439 taret
626 2372 746 2436 ipsi,
772 2386 898 2437 quos
923 2376 978 2420 et
1000 2370 1113 2434 ipse
1136 2371 1383 2421 Burrhus.
1440 2371 1542 2433 Sic,

460 2456 517 2503 et
573 2447 870 2510 Alexander
925 2447 1283 2513 Lysimachum
1346 2448 1530 2501 habuit

458 2535 717 2593 rectorem
730 2526 1022 2595 juventutis
1046 2543 1170 2592 suae,
1192 2535 1247 2578 et
1270 2527 1528 2580 Aristote-

456 2607 581 2670 lem,
615 2622 709 2658 seu
732 2606 1103 2657 Callisthenem
1131 2615 1529 2674 praeceptorem,

459 2686 549 2750 qui
572 2685 714 2735 illum
737 2685 1019 2748 praeceptis
1041 2686 1352 2750 eloquentiae
1376 2686 1529 2737 infor-

458 2768 644 2811 maret.

524 2837 772 2900 Nonnulli
807 2838 1094 2901 explicant,
1133 2839 1277 2902 quasi
1327 2838 1529 2890 Seneca

456 2914 643 2964 leniori
683 2913 905 2977 ingenio,
943 2916 1177 2965 Buri-hus
1219 2916 1435 2966 tristiori
1473 2924 1528 2967 et

457 2990 708 3040 severiori
728 2997 914 3041 natura
932 2989 1130 3043 fuisset.
1194 2992 1298 3041 Sed
1318 2993 1371 3043 id
1396 3008 1540 3056 prat-1

454 3071 540 3123 ter
579 3073 810 3117 mentem
847 3068 1037 3131 Taciti,
1080 3068 1168 3134 qui
1208 3083 1307 3118 nou
1347 3084 1527 3119 eorum

453 3142 715 3205 ingenium
751 3151 840 3193 aut
879 3151 1116 3194 naturam
1140 3146 1210 3195 ibi
1249 3148 1528 3210 expressit,

454 3220 548 3270 sed
572 3235 749 3271 eorum
772 3220 960 3285 officia,
981 3237 1072 3272 seu
1096 3238 1249 3274 curas
1286 3232 1341 3273 et
1373 3239 1526 3275 occu-

454 3299 713 3362 pationes.
764 3300 969 3349 Literas
993 3307 1049 3349 et
1072 3302 1371 3354 amoeniores
1386 3310 1540 3360 artes,

452 3375 656 3425 Seneca
699 3376 894 3440 docuit,
931 3377 1064 3426 alter
1105 3393 1226 3426 vero
1267 3393 1525 3430 armorum

454 3452 619 3516 gloria
638 3452 831 3504 floruit.
903 3453 1043 3503 Hinc
1067 3453 1344 3522 disciplina
1367 3463 1423 3506 et
1446 3472 1524 3507 se-

450 3531 649 3580 veritas
673 3531 859 3580 Burrhi
882 3545 948 3580 ex
972 3530 1163 3595 officie,
1199 3547 1301 3581 non
1342 3549 1409 3583 ex
1448 3534 1525 3584 in-

452 3607 606 3673 genio
629 3598 718 3659 aut
739 3609 914 3658 indole
955 3610 1174 3672 praecise
1210 3609 1295 3659 hic
1332 3611 1525 3662 descri-

450 3682 613 3736 bitur.

517 3768 550 3793 w
581 3762 859 3826 Lubricam]
925 3763 1168 3827 Intellige
1189 3762 1380 3815 flexum
1404 3781 1523 3818 eum

452 3839 645 3901 etatis,
669 3855 769 3904 quo
802 3840 1158 3890 adolescentes
1183 3842 1232 3891 in
1254 3842 1522 3894 libidinem

450 3920 508 3963 et
527 3916 822 3979 voluptates
846 3921 1068 3968 maxime
1093 3919 1243 3982 proni
1266 3927 1404 3983 sunt,
1421 3936 1522 3985 quo

450 3998 690 4056 tempore
712 3996 849 4045 vitiis
879 3995 1081 4049 facilius
1104 4000 1366 4062 corrumpi
1408 4014 1522 4062 pos·

448 4077 585 4128 sunt,
609 4078 664 4119 et
686 4087 786 4136 quo
812 4087 994 4123 cavere
1016 4076 1071 4125 in
1094 4087 1345 4127 aeternum
1386 4075 1521 4139 sapi-

451 4146 595 4196 entia
617 4146 701 4195 sit.
1240 4162 1249 4170 ⁶

511 4222 786 4290 Lubricum,
822 4229 903 4290 ᾂτ.
945 4227 1157 4291 ertatem]
1225 4228 1426 4279 Julian.
1467 4228 1519 4277 in

423 4315 428 4322 ·
451 4298 586 4351 Caes.
610 4296 642 4365 ἦ
667 4301 830 4369 νεότης
868 4306 940 4372 ἐφ’
964 4304 1164 4373 ἑκάτεροι
1183 4303 1402 4370 μεγάλας
1421 4324 1520 4356 ποι·

1615 1440 1962 1506 Hieronymus
1985 1442 2139 1506 epist.
2164 1442 2231 1491 ad
2267 1441 2533 1492 Gaudent.
2568 1444 2583 1468 ‘
2607 1442 2684 1490 Ut

1614 1519 1751 1567 enim
1776 1534 1911 1584 aqua
1933 1520 1986 1568 in
2008 1520 2182 1568 areola
2205 1519 2423 1583 digitum
2446 1518 2684 1583 sequitur

1614 1596 2022 1661 praecedentem,
2053 1597 2128 1646 ita
2162 1604 2289 1646 aetas
2312 1596 2481 1646 mollis
2516 1605 2571 1647 et
2607 1604 2694 1657 te-‚

1612 1688 1741 1722 nera
1780 1673 1835 1722 in
1887 1682 2160 1738 utramque
2198 1680 2403 1737 partem
2438 1672 2684 1725 flexibilis

1614 1756 1716 1812 est,
1739 1756 1794 1799 et
1814 1765 2136 1816 quocumque
2157 1750 2369 1800 duxeris
2391 1751 2651 1802 trahitur!

1676 1834 1703 1859 ¹
1755 1826 1814 1878 Si
1845 1828 2072 1878 virtutem
2103 1827 2464 1893 aspernaretur]
2529 1830 2605 1878 Ut
2639 1829 2684 1880 si

1613 1921 1715 1956 non
1740 1913 1941 1956 amaret
1964 1907 2211 1955 virtutem
2237 1906 2401 1968 Nero,
2420 1906 2606 1955 saltem
2629 1905 2682 1955 in

1611 1983 1747 2034 vitia
1764 1982 2067 2049 flagitiaque
2090 1982 2360 2035 libidinum
2384 1998 2487 2033 non
2512 1984 2683 2048 prola-

1612 2061 1843 2124 beretur,
1872 2061 1964 2111 sed
2002 2067 2199 2112 tantum
2222 2060 2376 2111 licitis
2401 2060 2681 2125 voluptati-

1610 2139 1708 2190 bus
1745 2140 2058 2204 indulgeret.
2125 2140 2211 2189 Sic
2249 2139 2383 2190 infra
2419 2142 2681 2191 Tac.‡11v'.

1612 2220 1694 2266 14.
1730 2218 1746 2245 ‘
1773 2218 1889 2267 Nec
1917 2218 2029 2281 jam
2054 2218 2165 2268 sisti
2190 2224 2417 2281 poterat,
2438 2233 2555 2267 cum
2591 2217 2685 2269 Se-

1610 2308 1755 2344 necae
1796 2309 1856 2344 ac
1900 2295 2067 2343 Burro
2113 2294 2296 2356 visum,
2343 2309 2409 2343 ne
2456 2303 2682 2361 utraque

1612 2369 1962 2434 pervinceret,
1984 2370 2200 2418 alterum
2226 2371 2553 2421 concedere!

1677 2446 1738 2497 Si
1758 2446 1987 2497 virtutem
2017 2446 2373 2511 aspernaretur]
2443 2447 2681 2500 Medium

1609 2523 1714 2574 iter
1737 2526 1904 2576 secuti
1926 2526 2019 2589 illi,
2042 2531 2102 2574 ut
2142 2525 2185 2574 si
2223 2540 2405 2590 puram
2430 2517 2683 2579 virtutem

1610 2604 1756 2669 sequi
1779 2604 1962 2666 nollet,
1996 2603 2179 2653 saltem
2218 2616 2481 2651 concessae
2509 2604 2686 2669 volup-

1612 2682 1710 2731 tati
1733 2682 2047 2745 indulgeret,
2068 2687 2124 2730 et
2147 2682 2237 2744 sic,
2273 2696 2340 2729 ne
2379 2681 2686 2745 illegitimis,

1528 2802 1539 2810 .
1610 2772 1676 2808 ne
1716 2758 2019 2822 perniciosis
2056 2757 2355 2807 libidinibus
2394 2774 2456 2808 se.
2498 2759 2684 2822 prosti-

1611 2842 1785 2885 tueret
1809 2851 1871 2886 ac
1894 2835 2257 2900 pessumdaret
2286 2837 2510 2900 juvenis,
2532 2850 2680 2885 cave-

1609 2912 1753 2963 bant.
1836 2911 1982 2964 qura
2000 2930 2015 2961 :
2062 2915 2075 2940 ‘
2096 2914 2557 2980 Metuebaturque‚
2613 2928 2680 2963 ne

1608 2988 1660 3038 in
1684 2997 1867 3054 stupra
1885 2989 2210 3041 foeminarum
2250 2992 2525 3042 illustrium
2565 3007 2683 3056 pro-

1610 3073 1897 3132 rumperet,
1921 3068 1964 3117 si
1999 3069 2090 3118 illa
2129 3070 2343 3120 libidine
2384 3069 2685 3133 prohibere·

1609 3144 1730 3192 tur.'
1797 3145 1878 3193 De
1900 3143 2034 3195 Acte
2059 3145 2250 3196 liberta
2271 3147 2515 3211 loquitur.

1660 3227 1682 3264 ἵ
1709 3222 2037 3285 Voluptatibus
2051 3225 2277 3272 concessis
2293 3224 2576 3289 retinerent]
2592 3224 2683 3275 Sic

1609 3296 1746 3347 infra
1768 3312 1884 3349 xxv.
1910 3304 1990 3350 14.
2013 3303 2027 3327 ‘
2051 3302 2164 3349 Nec
2180 3300 2293 3364 jam
2320 3301 2433 3350 sisti
2457 3306 2683 3368 poterat,

1608 3390 1727 3425 cum
1744 3377 1957 3428 Senecae
1980 3394 2041 3428 ac
2066 3380 2232 3427 Burro
2257 3380 2434 3440 visum,
2455 3395 2519 3429 ne
2544 3388 2685 3430 utra·

1607 3472 1706 3522 que
1730 3459 2080 3522 pervinceret,
2104 3460 2322 3509 alterum
2355 3461 2682 3511 concedere!

1609 3536 1679 3583 Et
1718 3537 1872 3600 paulo
1907 3534 2122 3586 inferius
2143 3554 2156 3585 ς
2207 3539 2223 3564 ‘
2247 3537 2495 3586 Ceterum
2537 3539 2683 3588 evul-

1608 3620 1759 3679 gatus
1784 3603 1970 3680 pudor,
2009 3629 2109 3663 non
2147 3614 2465 3678 satietatem,
2502 3622 2561 3664 ut
2602 3607 2692 3666 re-'

1609 3691 1814 3755 bantur,
1837 3693 1926 3743 sed
1950 3692 2344 3741 incitamentum
2369 3692 2588 3743 attulit.'
2691 3739 2694 3744 .

1672 3772 1739 3820 Et
1765 3771 1868 3819 Dio
1892 3770 1982 3821 lib.
2002 3782 2118 3818 Lxr.
2159 3769 2233 3817 sic
2274 3770 2340 3818 de
2387 3772 2589 3820 Burrho
2622 3777 2696 3823 et.

1604 3847 1836 3897 Seneca:
1885 3848 1901 3873 ‘
1929 3846 2299 3910 Voluptatibus
2344 3862 2462 3895 eum
2514 3848 2692 3912 indul·⁴

1606 3939 1728 3986 gere
1766 3924 2027 3985 sinebant,
2080 3930 2137 3972 ut
2195 3939 2313 3972 cum
2358 3925 2681 3987 explevisset

1602 4000 1921 4062 cupiditates
1941 4016 2057 4050 suas
2098 4001 2206 4049 sine
2243 4014 2430 4063 magno
2455 4001 2684 4065 Reipub.

1604 4075 1934 4140 detrimento,
1950 4078 2216 4125 consilium
2232 4084 2458 4126 mutaret
2479 4094 2492 4125 ;
2531 4078 2680 4142 quasi

1602 4154 1885 4215 nescirent,
1927 4152 2233 4221 praefractos
2273 4153 2527 4216 juvenum
2574 4156 2688 4214 ani·,

1600 4246 1727 4291 mos,
1751 4225 2104 4298 educatbsque
2139 4233 2190 4280 iu
2216 4232 2503 4295 voluptate,
2523 4247 2677 4298 quam

1598 4309 1768 4360 nullus
1803 4309 2173 4375 reprehendat,
2195 4315 2251 4358 et
2276 4308 2332 4358 in
2356 4309 2597 4361 absoluta
2618 4308 2679 4361 n-
