<?xml version="1.0" encoding="UTF-8"?>
<!DOCTYPE html PUBLIC "-//W3C//DTD XHTML 1.0 Transitional//EN"
    "http://www.w3.org/TR/xhtml1/DTD/xhtml1-transitional.dtd">
<html xmlns="http://www.w3.org/1999/xhtml" xml:lang="en" lang="en">
 <head>
  <title>
</title>
<meta http-equiv="Content-Type" content="text/html;charset=utf-8" />
  <meta name='ocr-system' content='tesseract 3.04.00' />
  <meta name='ocr-capabilities' content='ocr_page ocr_carea ocr_par ocr_line ocrx_word'/>
</head>
<body>
  <div class='ocr_page' id='page_1' title='image "./operaomniavolum00tacigoog_0156.png"; bbox 0 0 3063 4952; ppageno 0'>
   <div class='ocr_carea' id='block_1_1' title="bbox 457 353 645 430">
    <p class='ocr_par' dir='ltr' id='par_1_1' title="bbox 457 353 645 430">
     <span class='ocr_line' id='line_1_1' title="bbox 457 353 645 430; baseline -0.011 0"><span class='ocrx_word' id='word_1_1' title='bbox 457 353 645 430; x_wconf 25' lang='lat'>1580,</span> 
     </span>
    </p>
   </div>
   <div class='ocr_carea' id='block_1_2' title="bbox 1182 371 1976 425">
    <p class='ocr_par' dir='ltr' id='par_1_2' title="bbox 1182 371 1976 425">
     <span class='ocr_line' id='line_1_2' title="bbox 1182 371 1976 425; baseline -0.003 0"><span class='ocrx_word' id='word_1_2' title='bbox 1182 374 1248 425; x_wconf 77' lang='grc' dir='ltr'>Ο.</span> <span class='ocrx_word' id='word_1_3' title='bbox 1290 372 1656 424; x_wconf 73' lang='lat' dir='ltr'>CORNELII</span> <span class='ocrx_word' id='word_1_4' title='bbox 1702 371 1976 423; x_wconf 26' lang='lat' dir='ltr'>&#39;rAcl&#39;mff</span> 
     </span>
    </p>
   </div>
   <div class='ocr_carea' id='block_1_3' title="bbox 2323 361 2688 477">
    <p class='ocr_par' dir='ltr' id='par_1_3' title="bbox 2323 361 2688 477">
     <span class='ocr_line' id='line_1_3' title="bbox 2323 361 2688 477; baseline 0 -46"><span class='ocrx_word' id='word_1_5' title='bbox 2323 399 2328 414; x_wconf 62' lang='grc' dir='ltr'><em>ι</em></span> <span class='ocrx_word' id='word_1_6' title='bbox 2348 361 2535 477; x_wconf 34' lang='grc' dir='ltr'>[ΑΖῚ-ΰ.</span> <span class='ocrx_word' id='word_1_7' title='bbox 2555 384 2688 432; x_wconf 71' lang='lat' dir='ltr'>sto.-</span> 
     </span>
    </p>
   </div>
   <div class='ocr_carea' id='block_1_4' title="bbox 461 482 2679 606">
    <p class='ocr_par' dir='ltr' id='par_1_4' title="bbox 461 482 2679 606">
     <span class='ocr_line' id='line_1_4' title="bbox 461 482 2679 606; baseline -0.001 -16"><span class='ocrx_word' id='word_1_8' title='bbox 461 517 867 590; x_wconf 61' lang='lat' dir='ltr'>Sard&#39;iniamy</span> <span class='ocrx_word' id='word_1_9' title='bbox 885 482 1297 606; x_wconf 85' lang='lat' dir='ltr'>provinciam</span> <span class='ocrx_word' id='word_1_10' title='bbox 1331 542 1527 588; x_wconf 86' lang='lat' dir='ltr'>avare</span> <span class='ocrx_word' id='word_1_11' title='bbox 1555 511 1892 588; x_wconf 64' lang='lat' dir='ltr'>habitam?</span> <span class='ocrx_word' id='word_1_12' title='bbox 1932 529 1937 533; x_wconf 82' lang='grc'><strong>’</strong></span> <span class='ocrx_word' id='word_1_13' title='bbox 1982 505 2380 589; x_wconf 61' lang='lat' dir='ltr'>Absolutus*</span> <span class='ocrx_word' id='word_1_14' title='bbox 2399 482 2679 590; x_wconf 73' lang='lat' dir='ltr'>Cestius</span> 
     </span>
    </p>
   </div>
   <div class='ocr_carea' id='block_1_5' title="bbox 460 620 2431 710">
    <p class='ocr_par' dir='ltr' id='par_1_5' title="bbox 460 620 2431 710">
     <span class='ocr_line' id='line_1_5' title="bbox 460 620 2431 710; baseline -0.001 -18"><span class='ocrx_word' id='word_1_15' title='bbox 460 621 790 692; x_wconf 80' lang='lat' dir='ltr'>Proculus</span> <span class='ocrx_word' id='word_1_16' title='bbox 848 623 1378 710; x_wconf 81' lang='lat' dir='ltr'>repetundarum,</span> <span class='ocrx_word' id='word_1_17' title='bbox 1441 625 1830 691; x_wconf 79' lang='lat' dir='ltr'>cedentibus</span> <span class='ocrx_word' id='word_1_18' title='bbox 1878 620 2431 691; x_wconf 56' lang='lat' dir='ltr'>accusatoribus?</span> 
     </span>
    </p>
   </div>
   <div class='ocr_carea' id='block_1_6' title="bbox 2520 624 2678 692">
    <p class='ocr_par' dir='ltr' id='par_1_6' title="bbox 2520 624 2678 692">
     <span class='ocr_line' id='line_1_6' title="bbox 2520 624 2678 692; baseline 0.006 -1"><span class='ocrx_word' id='word_1_19' title='bbox 2520 624 2678 692; x_wconf 53' lang='lat' dir='ltr'>eina.</span> 
     </span>
    </p>
   </div>
   <div class='ocr_carea' id='block_1_7' title="bbox 462 714 2702 816">
    <p class='ocr_par' dir='ltr' id='par_1_7' title="bbox 462 714 2702 816">
     <span class='ocr_line' id='line_1_7' title="bbox 462 714 2702 816; baseline -0.004 -21"><span class='ocrx_word' id='word_1_20' title='bbox 462 730 613 796; x_wconf 87' lang='lat' dir='ltr'>dius</span> <span class='ocrx_word' id='word_1_21' title='bbox 648 727 1034 808; x_wconf 63' lang='lat' dir='ltr'>Quirinalis»,</span> <span class='ocrx_word' id='word_1_22' title='bbox 1093 732 1114 762; x_wconf 89' lang='lat'>‘</span> <span class='ocrx_word' id='word_1_23' title='bbox 1139 728 1320 812; x_wconf 85' lang='lat' dir='ltr'>quod</span> <span class='ocrx_word' id='word_1_24' title='bbox 1364 727 1734 810; x_wconf 77' lang='lat' dir='ltr'>Praefectus</span> <span class='ocrx_word' id='word_1_25' title='bbox 1763 727 2139 811; x_wconf 82' lang='lat' dir='ltr'>remigum,b</span> <span class='ocrx_word' id='word_1_26' title='bbox 2177 731 2294 816; x_wconf 89' lang='lat' dir='ltr'>qui</span> <span class='ocrx_word' id='word_1_27' title='bbox 2325 714 2702 804; x_wconf 41' lang='lat' dir='ltr'>Ravenna&amp;</span> 
     </span>
    </p>
   </div>
   <div class='ocr_carea' id='block_1_8' title="bbox 464 862 2671 962">
    <p class='ocr_par' dir='ltr' id='par_1_8' title="bbox 464 862 2671 962">
     <span class='ocr_line' id='line_1_8' title="bbox 464 862 2671 962; baseline 0 -17"><span class='ocrx_word' id='word_1_28' title='bbox 464 910 618 947; x_wconf 86' lang='lat' dir='ltr'>avare</span> <span class='ocrx_word' id='word_1_29' title='bbox 641 895 1070 946; x_wconf 78' lang='lat' dir='ltr'><strong>administrasset.</strong></span> <span class='ocrx_word' id='word_1_30' title='bbox 1141 898 1329 948; x_wconf 81' lang='lat' dir='ltr'>Cestius</span> <span class='ocrx_word' id='word_1_31' title='bbox 1353 899 1586 947; x_wconf 84' lang='lat' dir='ltr'>Proculus</span> <span class='ocrx_word' id='word_1_32' title='bbox 1604 900 1822 962; x_wconf 79' lang='lat' dir='ltr'><strong><em>peculatu</em></strong></span> <span class='ocrx_word' id='word_1_33' title='bbox 1858 898 2095 948; x_wconf 81' lang='lat' dir='ltr'>absolutus</span> <span class='ocrx_word' id='word_1_34' title='bbox 2126 902 2225 960; x_wconf 84' lang='lat' dir='ltr'>est,</span> <span class='ocrx_word' id='word_1_35' title='bbox 2242 899 2379 948; x_wconf 88' lang='lat' dir='ltr'>ultro</span> <span class='ocrx_word' id='word_1_36' title='bbox 2400 862 2671 948; x_wconf 72' lang='lat' dir='ltr'>absistenti-</span> 
     </span>
    </p>
   </div>
   <div class='ocr_carea' id='block_1_9' title="bbox 402 962 871 1033">
    <p class='ocr_par' dir='ltr' id='par_1_9' title="bbox 402 962 871 1033">
     <span class='ocr_line' id='line_1_9' title="bbox 402 962 871 1033; baseline -0.017 -15"><span class='ocrx_word' id='word_1_37' title='bbox 402 1025 411 1033; x_wconf 50' lang='grc'><strong>,</strong></span> <span class='ocrx_word' id='word_1_38' title='bbox 466 962 551 1018; x_wconf 61' lang='grc' dir='ltr'>Μ</span> <span class='ocrx_word' id='word_1_39' title='bbox 571 962 871 1012; x_wconf 76' lang='lat' dir='ltr'><strong><em>delatoribus.</em></strong></span> 
     </span>
    </p>
   </div>
   <div class='ocr_carea' id='block_1_10' title="bbox 940 962 2688 1033">
    <p class='ocr_par' dir='ltr' id='par_1_10' title="bbox 940 962 2688 1033">
     <span class='ocr_line' id='line_1_10' title="bbox 940 962 2688 1033; baseline 0.001 -22"><span class='ocrx_word' id='word_1_40' title='bbox 940 963 1132 1012; x_wconf 81' lang='lat' dir='ltr'>Clodius</span> <span class='ocrx_word' id='word_1_41' title='bbox 1164 964 1430 1019; x_wconf 77' lang='lat' dir='ltr'>Quirinalis</span> <span class='ocrx_word' id='word_1_42' title='bbox 1448 966 1760 1029; x_wconf 70' lang='lat' dir='ltr'><strong>postulatae,</strong></span> <span class='ocrx_word' id='word_1_43' title='bbox 1798 962 2237 1033; x_wconf 8' lang='lat' dir='ltr'>quodyimpositus</span> <span class='ocrx_word' id='word_1_44' title='bbox 2269 964 2562 1027; x_wconf 76' lang='lat' dir='ltr'>classiariis,</span> <span class='ocrx_word' id='word_1_45' title='bbox 2581 962 2688 1029; x_wconf 51' lang='lat' dir='ltr'>qui,</span> 
     </span>
    </p>
   </div>
   <div class='ocr_carea' id='block_1_11' title="bbox 1458 1140 1674 1192">
    <p class='ocr_par' dir='ltr' id='par_1_11' title="bbox 1458 1140 1674 1192">
     <span class='ocr_line' id='line_1_11' title="bbox 1458 1140 1674 1192; baseline -0.005 0"><span class='ocrx_word' id='word_1_46' title='bbox 1458 1140 1674 1192; x_wconf 77' lang='lat' dir='ltr'>NOTAE</span> 
     </span>
    </p>
   </div>
   <div class='ocr_carea' id='block_1_12' title="bbox 478 1265 1560 1339">
    <p class='ocr_par' dir='ltr' id='par_1_12' title="bbox 478 1265 1560 1339">
     <span class='ocr_line' id='line_1_12' title="bbox 478 1265 1560 1339; baseline 0 -23"><span class='ocrx_word' id='word_1_47' title='bbox 478 1305 481 1310; x_wconf 90' lang='lat'>.</span> <span class='ocrx_word' id='word_1_48' title='bbox 532 1273 556 1310; x_wconf 67' lang='lat'><em>5</em></span> <span class='ocrx_word' id='word_1_49' title='bbox 589 1265 882 1330; x_wconf 79' lang='lat' dir='ltr'>Sardiniam]</span> <span class='ocrx_word' id='word_1_50' title='bbox 915 1266 1148 1317; x_wconf 80' lang='lat' dir='ltr'>Sardinia</span> <span class='ocrx_word' id='word_1_51' title='bbox 1171 1266 1339 1317; x_wconf 88' lang='lat' dir='ltr'>insula</span> <span class='ocrx_word' id='word_1_52' title='bbox 1365 1267 1560 1339; x_wconf 30' lang='lat' dir='ltr'>Italiae-</span> 
     </span>
    </p>
   </div>
   <div class='ocr_carea' id='block_1_13' title="bbox 462 1340 1537 1485">
    <p class='ocr_par' dir='ltr' id='par_1_13' title="bbox 462 1340 1537 1485">
     <span class='ocr_line' id='line_1_13' title="bbox 462 1340 1537 1396; baseline 0.003 -5"><span class='ocrx_word' id='word_1_53' title='bbox 462 1340 525 1396; x_wconf 80' lang='lat' dir='ltr'>in</span> <span class='ocrx_word' id='word_1_54' title='bbox 574 1344 702 1394; x_wconf 87' lang='lat' dir='ltr'>mari</span> <span class='ocrx_word' id='word_1_55' title='bbox 750 1344 1178 1395; x_wconf 87' lang='lat' dir='ltr'>Mediterraneo:</span> <span class='ocrx_word' id='word_1_56' title='bbox 1237 1345 1389 1395; x_wconf 92' lang='lat' dir='ltr'>hodie</span> <span class='ocrx_word' id='word_1_57' title='bbox 1421 1344 1537 1395; x_wconf 81' lang='lat' dir='ltr'>Sar-</span> 
     </span>
     <span class='ocr_line' id='line_1_14' title="bbox 469 1421 1536 1485; baseline 0.002 -16"><span class='ocrx_word' id='word_1_58' title='bbox 469 1421 624 1484; x_wconf 81' lang='lat' dir='ltr'>degna</span> <span class='ocrx_word' id='word_1_59' title='bbox 666 1421 836 1483; x_wconf 82' lang='lat' dir='ltr'>Italis,</span> <span class='ocrx_word' id='word_1_60' title='bbox 877 1429 930 1472; x_wconf 90' lang='lat' dir='ltr'>et</span> <span class='ocrx_word' id='word_1_61' title='bbox 976 1422 1245 1485; x_wconf 63' lang='lat' dir='ltr'>Sardaigvae</span> <span class='ocrx_word' id='word_1_62' title='bbox 1290 1422 1536 1472; x_wconf 84' lang='lat' dir='ltr'>Francis:</span> 
     </span>
    </p>
   </div>
   <div class='ocr_carea' id='block_1_14' title="bbox 471 1500 1541 1626">
    <p class='ocr_par' dir='ltr' id='par_1_14' title="bbox 471 1500 1541 1626">
     <span class='ocr_line' id='line_1_15' title="bbox 471 1500 1541 1603; baseline 0.002 -54"><span class='ocrx_word' id='word_1_63' title='bbox 471 1502 644 1563; x_wconf 89' lang='lat' dir='ltr'>paret</span> <span class='ocrx_word' id='word_1_64' title='bbox 658 1501 771 1565; x_wconf 85' lang='lat' dir='ltr'>regi</span> <span class='ocrx_word' id='word_1_65' title='bbox 792 1501 1083 1566; x_wconf 90' lang='lat' dir='ltr'>Catholico,</span> <span class='ocrx_word' id='word_1_66' title='bbox 1107 1502 1233 1552; x_wconf 86' lang='lat' dir='ltr'>sive</span> <span class='ocrx_word' id='word_1_67' title='bbox 1257 1500 1541 1603; x_wconf 65' lang='lat' dir='ltr'>Hispaniae.</span> 
     </span>
     <span class='ocr_line' id='line_1_16' title="bbox 479 1576 724 1626; baseline 0 0"><span class='ocrx_word' id='word_1_68' title='bbox 479 1576 724 1626; x_wconf 68' lang='lat' dir='ltr'>Wlemon.</span> 
     </span>
    </p>
   </div>
   <div class='ocr_carea' id='block_1_15' title="bbox 448 1652 1553 3189">
    <p class='ocr_par' dir='ltr' id='par_1_15' title="bbox 448 1652 1553 3189">
     <span class='ocr_line' id='line_1_17' title="bbox 534 1652 1539 1719; baseline 0.002 -17.109"><span class='ocrx_word' id='word_1_69' title='bbox 534 1652 866 1715; x_wconf 66' lang='lat' dir='ltr'>²Absolutus]</span> <span class='ocrx_word' id='word_1_70' title='bbox 920 1654 1079 1703; x_wconf 85' lang='lat' dir='ltr'>Forte</span> <span class='ocrx_word' id='word_1_71' title='bbox 1134 1668 1252 1703; x_wconf 88' lang='lat' dir='ltr'>eum</span> <span class='ocrx_word' id='word_1_72' title='bbox 1295 1654 1539 1719; x_wconf 85' lang='lat' dir='ltr'>princeps</span> 
     </span>
     <span class='ocr_line' id='line_1_18' title="bbox 471 1728 1541 1795; baseline 0.004 -18"><span class='ocrx_word' id='word_1_73' title='bbox 471 1728 713 1793; x_wconf 88' lang='lat' dir='ltr'>absolvit,</span> <span class='ocrx_word' id='word_1_74' title='bbox 752 1736 813 1779; x_wconf 90' lang='lat' dir='ltr'>ut</span> <span class='ocrx_word' id='word_1_75' title='bbox 845 1730 1063 1780; x_wconf 84' lang='lat' dir='ltr'>ministri</span> <span class='ocrx_word' id='word_1_76' title='bbox 1101 1731 1174 1781; x_wconf 90' lang='lat' dir='ltr'>sui</span> <span class='ocrx_word' id='word_1_77' title='bbox 1209 1730 1451 1795; x_wconf 83' lang='lat' dir='ltr'>dignitati</span> <span class='ocrx_word' id='word_1_78' title='bbox 1483 1738 1541 1782; x_wconf 89' lang='lat' dir='ltr'>et</span> 
     </span>
     <span class='ocr_line' id='line_1_19' title="bbox 476 1804 1542 1872; baseline 0.005 -20"><span class='ocrx_word' id='word_1_79' title='bbox 476 1805 703 1867; x_wconf 83' lang='lat' dir='ltr'>propriae</span> <span class='ocrx_word' id='word_1_80' title='bbox 742 1804 891 1855; x_wconf 81' lang='lat' dir='ltr'>famae</span> <span class='ocrx_word' id='word_1_81' title='bbox 915 1821 1018 1855; x_wconf 78' lang='lat' dir='ltr'>suae</span> <span class='ocrx_word' id='word_1_82' title='bbox 1042 1806 1369 1872; x_wconf 88' lang='lat' dir='ltr'>indulgeret;</span> <span class='ocrx_word' id='word_1_83' title='bbox 1414 1822 1542 1857; x_wconf 89' lang='lat' dir='ltr'>non-</span> 
     </span>
     <span class='ocr_line' id='line_1_20' title="bbox 475 1880 1541 1948; baseline 0.006 -20"><span class='ocrx_word' id='word_1_84' title='bbox 475 1880 604 1929; x_wconf 87' lang='lat' dir='ltr'>nulli</span> <span class='ocrx_word' id='word_1_85' title='bbox 627 1880 763 1930; x_wconf 89' lang='lat' dir='ltr'>enim</span> <span class='ocrx_word' id='word_1_86' title='bbox 796 1882 1019 1946; x_wconf 88' lang='lat' dir='ltr'>puniunt</span> <span class='ocrx_word' id='word_1_87' title='bbox 1052 1898 1232 1934; x_wconf 88' lang='lat' dir='ltr'>severe</span> <span class='ocrx_word' id='word_1_88' title='bbox 1256 1891 1311 1934; x_wconf 89' lang='lat' dir='ltr'>et</span> <span class='ocrx_word' id='word_1_89' title='bbox 1332 1885 1541 1948; x_wconf 90' lang='lat' dir='ltr'>publice</span> 
     </span>
     <span class='ocr_line' id='line_1_21' title="bbox 475 1958 1541 2024; baseline 0.004 -18"><span class='ocrx_word' id='word_1_90' title='bbox 475 1971 564 2007; x_wconf 89' lang='lat' dir='ltr'>eos</span> <span class='ocrx_word' id='word_1_91' title='bbox 609 1958 698 2022; x_wconf 88' lang='lat' dir='ltr'>qui</span> <span class='ocrx_word' id='word_1_92' title='bbox 722 1997 725 2002; x_wconf 92' lang='lat'><em>.</em></span> <span class='ocrx_word' id='word_1_93' title='bbox 751 1959 932 2009; x_wconf 67' lang='lat' dir='ltr'>aerario</span> <span class='ocrx_word' id='word_1_94' title='bbox 973 1967 1064 2009; x_wconf 90' lang='lat' dir='ltr'>aut</span> <span class='ocrx_word' id='word_1_95' title='bbox 1104 1959 1229 2010; x_wconf 89' lang='lat' dir='ltr'>fisco</span> <span class='ocrx_word' id='word_1_96' title='bbox 1277 1969 1541 2024; x_wconf 76' lang='lat' dir='ltr'>praesiint3</span> 
     </span>
     <span class='ocr_line' id='line_1_22' title="bbox 474 2033 1546 2102; baseline 0.005 -20"><span class='ocrx_word' id='word_1_97' title='bbox 474 2033 591 2090; x_wconf 88' lang='lat' dir='ltr'>illos</span> <span class='ocrx_word' id='word_1_98' title='bbox 614 2049 753 2099; x_wconf 82' lang='lat' dir='ltr'>vero,</span> <span class='ocrx_word' id='word_1_99' title='bbox 777 2037 864 2101; x_wconf 90' lang='lat' dir='ltr'>qui</span> <span class='ocrx_word' id='word_1_100' title='bbox 884 2036 1143 2100; x_wconf 37' lang='lat' dir='ltr'>‘iustitiam</span> <span class='ocrx_word' id='word_1_101' title='bbox 1163 2037 1546 2102; x_wconf 87' lang='lat' dir='ltr'>administrant,</span> 
     </span>
     <span class='ocr_line' id='line_1_23' title="bbox 475 2113 1546 2179; baseline 0 -15"><span class='ocrx_word' id='word_1_102' title='bbox 475 2119 688 2164; x_wconf 75' lang='lat' dir='ltr'>servant</span> <span class='ocrx_word' id='word_1_103' title='bbox 711 2113 1010 2176; x_wconf 74' lang='lat' dir='ltr'>incolumes,</span> <span class='ocrx_word' id='word_1_104' title='bbox 1051 2121 1110 2162; x_wconf 91' lang='lat' dir='ltr'>ut</span> <span class='ocrx_word' id='word_1_105' title='bbox 1146 2114 1221 2163; x_wconf 88' lang='lat' dir='ltr'>sic</span> <span class='ocrx_word' id='word_1_106' title='bbox 1256 2114 1355 2178; x_wconf 89' lang='lat' dir='ltr'>ipsi</span> <span class='ocrx_word' id='word_1_107' title='bbox 1378 2114 1546 2179; x_wconf 85' lang='lat' dir='ltr'>digni·</span> 
     </span>
     <span class='ocr_line' id='line_1_24' title="bbox 477 2190 1545 2257; baseline 0.003 -17"><span class='ocrx_word' id='word_1_108' title='bbox 477 2190 573 2240; x_wconf 85' lang='lat' dir='ltr'>tati</span> <span class='ocrx_word' id='word_1_109' title='bbox 600 2191 763 2241; x_wconf 87' lang='lat' dir='ltr'>honor</span> <span class='ocrx_word' id='word_1_110' title='bbox 802 2199 857 2241; x_wconf 90' lang='lat' dir='ltr'>et</span> <span class='ocrx_word' id='word_1_111' title='bbox 894 2191 1191 2242; x_wconf 88' lang='lat' dir='ltr'>reverentia</span> <span class='ocrx_word' id='word_1_112' title='bbox 1220 2208 1322 2243; x_wconf 92' lang='lat' dir='ltr'>non</span> <span class='ocrx_word' id='word_1_113' title='bbox 1345 2200 1545 2257; x_wconf 86' lang='lat' dir='ltr'>pereat.</span> 
     </span>
     <span class='ocr_line' id='line_1_25' title="bbox 545 2266 1548 2334; baseline 0.005 -19"><span class='ocrx_word' id='word_1_114' title='bbox 545 2268 646 2316; x_wconf 86' lang='lat' dir='ltr'>Vel</span> <span class='ocrx_word' id='word_1_115' title='bbox 668 2266 803 2321; x_wconf 87' lang='lat' dir='ltr'>forte</span> <span class='ocrx_word' id='word_1_116' title='bbox 823 2268 1042 2318; x_wconf 84' lang='lat' dir='ltr'>maxima</span> <span class='ocrx_word' id='word_1_117' title='bbox 1065 2283 1216 2332; x_wconf 87' lang='lat' dir='ltr'>poena</span> <span class='ocrx_word' id='word_1_118' title='bbox 1238 2278 1320 2319; x_wconf 89' lang='lat' dir='ltr'>est</span> <span class='ocrx_word' id='word_1_119' title='bbox 1333 2283 1548 2334; x_wconf 88' lang='lat' dir='ltr'>genero·</span> 
     </span>
     <span class='ocr_line' id='line_1_26' title="bbox 483 2344 1549 2405; baseline 0.003 -10"><span class='ocrx_word' id='word_1_120' title='bbox 483 2345 552 2395; x_wconf 87' lang='lat' dir='ltr'>sis</span> <span class='ocrx_word' id='word_1_121' title='bbox 591 2344 753 2405; x_wconf 71' lang='lat' dir='ltr'>viris,</span> <span class='ocrx_word' id='word_1_122' title='bbox 777 2346 1155 2397; x_wconf 82' lang='lat' dir='ltr'>accusationem</span> <span class='ocrx_word' id='word_1_123' title='bbox 1191 2348 1549 2398; x_wconf 85' lang='lat' dir='ltr'>vehementem</span> 
     </span>
     <span class='ocr_line' id='line_1_27' title="bbox 477 2424 1549 2490; baseline 0.002 -19"><span class='ocrx_word' id='word_1_124' title='bbox 477 2424 801 2474; x_wconf 74' lang='lat' dir='ltr'>sustinuisse.</span> <span class='ocrx_word' id='word_1_125' title='bbox 869 2425 1087 2475; x_wconf 85' lang='lat' dir='ltr'>cessere</span> <span class='ocrx_word' id='word_1_126' title='bbox 1141 2424 1301 2490; x_wconf 84' lang='lat' dir='ltr'>igitur</span> <span class='ocrx_word' id='word_1_127' title='bbox 1335 2439 1549 2475; x_wconf 88' lang='lat' dir='ltr'>accusa-</span> 
     </span>
     <span class='ocr_line' id='line_1_28' title="bbox 481 2500 1552 2567; baseline 0.003 -17"><span class='ocrx_word' id='word_1_128' title='bbox 481 2507 637 2567; x_wconf 82' lang='lat' dir='ltr'>tores,</span> <span class='ocrx_word' id='word_1_129' title='bbox 672 2503 757 2552; x_wconf 85' lang='lat' dir='ltr'>vel</span> <span class='ocrx_word' id='word_1_130' title='bbox 796 2500 997 2567; x_wconf 84' lang='lat' dir='ltr'>favore,</span> <span class='ocrx_word' id='word_1_131' title='bbox 1022 2503 1103 2553; x_wconf 86' lang='lat' dir='ltr'>vel</span> <span class='ocrx_word' id='word_1_132' title='bbox 1124 2510 1288 2566; x_wconf 84' lang='lat' dir='ltr'>metu,</span> <span class='ocrx_word' id='word_1_133' title='bbox 1326 2518 1393 2553; x_wconf 91' lang='lat' dir='ltr'>ne</span> <span class='ocrx_word' id='word_1_134' title='bbox 1451 2502 1552 2567; x_wconf 85' lang='lat' dir='ltr'>ipsi</span> 
     </span>
     <span class='ocr_line' id='line_1_29' title="bbox 476 2580 1553 2646; baseline 0.004 -21"><span class='ocrx_word' id='word_1_135' title='bbox 476 2582 491 2625; x_wconf 63' lang='grc' dir='ltr'>ἔ</span> <span class='ocrx_word' id='word_1_136' title='bbox 512 2580 669 2631; x_wconf 87' lang='lat' dir='ltr'>exilio</span> <span class='ocrx_word' id='word_1_137' title='bbox 686 2580 1078 2641; x_wconf 83' lang='lat' dir='ltr'>mulctarentur,</span> <span class='ocrx_word' id='word_1_138' title='bbox 1092 2585 1339 2646; x_wconf 86' lang='lat' dir='ltr'>tanquam</span> <span class='ocrx_word' id='word_1_139' title='bbox 1362 2580 1553 2630; x_wconf 84' lang='lat' dir='ltr'>insonti</span> 
     </span>
     <span class='ocr_line' id='line_1_30' title="bbox 448 2648 1482 2727; baseline -0.004 -16"><span class='ocrx_word' id='word_1_140' title='bbox 448 2705 455 2711; x_wconf 91' lang='lat'>.</span> <span class='ocrx_word' id='word_1_141' title='bbox 477 2657 766 2722; x_wconf 80' lang='lat' dir='ltr'>periculum</span> <span class='ocrx_word' id='word_1_142' title='bbox 789 2656 1074 2720; x_wconf 85' lang='lat' dir='ltr'>fecissent,’</span> <span class='ocrx_word' id='word_1_143' title='bbox 1099 2664 1159 2708; x_wconf 92' lang='lat' dir='ltr'>ut</span> <span class='ocrx_word' id='word_1_144' title='bbox 1177 2657 1309 2727; x_wconf 75' lang='lat' dir='ltr'>infra</span> <span class='ocrx_word' id='word_1_145' title='bbox 1331 2673 1377 2708; x_wconf 90' lang='lat' dir='ltr'>c.</span> <span class='ocrx_word' id='word_1_146' title='bbox 1398 2648 1482 2719; x_wconf 11' lang='lat' dir='ltr'>¹33ss</span> 
     </span>
     <span class='ocr_line' id='line_1_31' title="bbox 544 2735 1553 2799; baseline 0 -15"><span class='ocrx_word' id='word_1_147' title='bbox 544 2742 570 2768; x_wconf 79' lang='lat'>²</span> <span class='ocrx_word' id='word_1_148' title='bbox 605 2735 890 2797; x_wconf 74' lang='lat' dir='ltr'>cedentibus</span> <span class='ocrx_word' id='word_1_149' title='bbox 909 2735 1277 2798; x_wconf 79' lang='lat' dir='ltr'>accusatoribus]</span> <span class='ocrx_word' id='word_1_150' title='bbox 1295 2737 1412 2788; x_wconf 84' lang='lat' dir='ltr'>Quo</span> <span class='ocrx_word' id='word_1_151' title='bbox 1432 2749 1553 2799; x_wconf 89' lang='lat' dir='ltr'>pac-</span> 
     </span>
     <span class='ocr_line' id='line_1_32' title="bbox 480 2812 1550 2879; baseline 0.005 -20"><span class='ocrx_word' id='word_1_152' title='bbox 480 2817 540 2860; x_wconf 82' lang='lat' dir='ltr'>to</span> <span class='ocrx_word' id='word_1_153' title='bbox 569 2826 710 2875; x_wconf 78' lang='lat' dir='ltr'>saepe</span> <span class='ocrx_word' id='word_1_154' title='bbox 734 2812 1064 2876; x_wconf 75' lang='lat' dir='ltr'>praevaricati</span> <span class='ocrx_word' id='word_1_155' title='bbox 1090 2820 1439 2878; x_wconf 82' lang='lat' dir='ltr'>accusatores,</span> <span class='ocrx_word' id='word_1_156' title='bbox 1460 2815 1550 2879; x_wconf 90' lang='lat' dir='ltr'>qui</span> 
     </span>
     <span class='ocr_line' id='line_1_33' title="bbox 482 2888 1549 2957; baseline 0.004 -20"><span class='ocrx_word' id='word_1_157' title='bbox 482 2888 834 2957; x_wconf 74' lang='lat' dir='ltr'>suscipiebant</span> <span class='ocrx_word' id='word_1_158' title='bbox 855 2889 1187 2954; x_wconf 80' lang='lat' dir='ltr'>delationem,</span> <span class='ocrx_word' id='word_1_159' title='bbox 1230 2898 1287 2941; x_wconf 89' lang='lat' dir='ltr'>et</span> <span class='ocrx_word' id='word_1_160' title='bbox 1319 2891 1439 2941; x_wconf 90' lang='lat' dir='ltr'>dein</span> <span class='ocrx_word' id='word_1_161' title='bbox 1464 2906 1549 2941; x_wconf 88' lang='lat' dir='ltr'>ac</span> 
     </span>
     <span class='ocr_line' id='line_1_34' title="bbox 482 2969 1549 3034; baseline 0.005 -18"><span class='ocrx_word' id='word_1_162' title='bbox 482 2972 640 3030; x_wconf 87' lang='lat' dir='ltr'>cepta</span> <span class='ocrx_word' id='word_1_163' title='bbox 680 2969 903 3032; x_wconf 88' lang='lat' dir='ltr'>pecunia</span> <span class='ocrx_word' id='word_1_164' title='bbox 925 2969 1266 3034; x_wconf 84' lang='lat' dir='ltr'>absistebant,</span> <span class='ocrx_word' id='word_1_165' title='bbox 1303 2976 1361 3020; x_wconf 84' lang='lat' dir='ltr'>et</span> <span class='ocrx_word' id='word_1_166' title='bbox 1381 2971 1454 3021; x_wconf 90' lang='lat' dir='ltr'>sic</span> <span class='ocrx_word' id='word_1_167' title='bbox 1491 2972 1549 3021; x_wconf 89' lang='lat' dir='ltr'>in</span> 
     </span>
     <span class='ocr_line' id='line_1_35' title="bbox 483 3042 1552 3112; baseline 0.005 -20"><span class='ocrx_word' id='word_1_168' title='bbox 483 3042 675 3106; x_wconf 80' lang='lat' dir='ltr'>praedae</span> <span class='ocrx_word' id='word_1_169' title='bbox 704 3050 905 3107; x_wconf 87' lang='lat' dir='ltr'>partem</span> <span class='ocrx_word' id='word_1_170' title='bbox 934 3045 1212 3097; x_wconf 88' lang='lat' dir='ltr'>veniebant</span> <span class='ocrx_word' id='word_1_171' title='bbox 1237 3064 1249 3096; x_wconf 73' lang='grc' dir='ltr'><strong><em>ε</em></strong></span> <span class='ocrx_word' id='word_1_172' title='bbox 1275 3061 1432 3112; x_wconf 88' lang='lat' dir='ltr'>qnare</span> <span class='ocrx_word' id='word_1_173' title='bbox 1455 3048 1552 3099; x_wconf 89' lang='lat' dir='ltr'>eti-</span> 
     </span>
     <span class='ocr_line' id='line_1_36' title="bbox 485 3121 1552 3189; baseline 0.004 -19"><span class='ocrx_word' id='word_1_174' title='bbox 485 3136 568 3170; x_wconf 87' lang='lat' dir='ltr'>am</span> <span class='ocrx_word' id='word_1_175' title='bbox 592 3129 648 3170; x_wconf 89' lang='lat' dir='ltr'>et</span> <span class='ocrx_word' id='word_1_176' title='bbox 671 3121 1112 3184; x_wconf 82' lang='lat' dir='ltr'>praevaricationis</span> <span class='ocrx_word' id='word_1_177' title='bbox 1134 3138 1340 3187; x_wconf 82' lang='lat' dir='ltr'>poenam</span> <span class='ocrx_word' id='word_1_178' title='bbox 1362 3123 1552 3189; x_wconf 91' lang='lat' dir='ltr'>meriti,</span> 
     </span>
    </p>
   </div>
   <div class='ocr_carea' id='block_1_16' title="bbox 389 3198 1335 3265">
    <p class='ocr_par' dir='ltr' id='par_1_16' title="bbox 389 3198 1335 3265">
     <span class='ocr_line' id='line_1_37' title="bbox 389 3198 1335 3265; baseline 0.011 -23"><span class='ocrx_word' id='word_1_179' title='bbox 389 3237 393 3242; x_wconf 92' lang='lat'><em>.</em></span> <span class='ocrx_word' id='word_1_180' title='bbox 486 3198 792 3265; x_wconf 90' lang='lat' dir='ltr'>quandoque</span> <span class='ocrx_word' id='word_1_181' title='bbox 812 3198 910 3262; x_wconf 91' lang='lat' dir='ltr'>ipsi</span> <span class='ocrx_word' id='word_1_182' title='bbox 934 3198 1335 3254; x_wconf 82' lang='lat' dir='ltr'>damnabantur.</span> 
     </span>
    </p>
   </div>
   <div class='ocr_carea' id='block_1_17' title="bbox 484 3273 1565 4268">
    <p class='ocr_par' dir='ltr' id='par_1_17' title="bbox 484 3273 1553 3649">
     <span class='ocr_line' id='line_1_38' title="bbox 548 3273 1553 3343; baseline 0.004 -19"><span class='ocrx_word' id='word_1_183' title='bbox 548 3273 573 3311; x_wconf 69' lang='lat' dir='ltr'>b</span> <span class='ocrx_word' id='word_1_184' title='bbox 606 3275 871 3343; x_wconf 76' lang='lat' dir='ltr'>Proesectus</span> <span class='ocrx_word' id='word_1_185' title='bbox 884 3276 1138 3340; x_wconf 78' lang='lat' dir='ltr'>remigum]</span> <span class='ocrx_word' id='word_1_186' title='bbox 1159 3277 1317 3341; x_wconf 89' lang='lat' dir='ltr'>Puto,</span> <span class='ocrx_word' id='word_1_187' title='bbox 1330 3275 1553 3343; x_wconf 79' lang='lat' dir='ltr'>praefec·</span> 
     </span>
     <span class='ocr_line' id='line_1_39' title="bbox 485 3353 1549 3418; baseline 0 -15"><span class='ocrx_word' id='word_1_188' title='bbox 485 3360 570 3403; x_wconf 88' lang='lat' dir='ltr'>tus</span> <span class='ocrx_word' id='word_1_189' title='bbox 612 3359 729 3403; x_wconf 90' lang='lat' dir='ltr'>erat</span> <span class='ocrx_word' id='word_1_190' title='bbox 760 3354 939 3404; x_wconf 85' lang='lat' dir='ltr'>classis</span> <span class='ocrx_word' id='word_1_191' title='bbox 962 3354 1317 3418; x_wconf 63' lang='lat' dir='ltr'>Ravennatis,</span> <span class='ocrx_word' id='word_1_192' title='bbox 1368 3353 1443 3403; x_wconf 91' lang='lat' dir='ltr'>ita</span> <span class='ocrx_word' id='word_1_193' title='bbox 1487 3358 1549 3403; x_wconf 86' lang='lat' dir='ltr'>ut</span> 
     </span>
     <span class='ocr_line' id='line_1_40' title="bbox 484 3430 1552 3495; baseline 0 -15"><span class='ocrx_word' id='word_1_194' title='bbox 484 3430 765 3495; x_wconf 85' lang='lat' dir='ltr'>imperaret</span> <span class='ocrx_word' id='word_1_195' title='bbox 803 3431 954 3480; x_wconf 88' lang='lat' dir='ltr'>simul</span> <span class='ocrx_word' id='word_1_196' title='bbox 976 3437 1033 3481; x_wconf 89' lang='lat' dir='ltr'>et</span> <span class='ocrx_word' id='word_1_197' title='bbox 1056 3431 1358 3495; x_wconf 88' lang='lat' dir='ltr'>remigibus,</span> <span class='ocrx_word' id='word_1_198' title='bbox 1381 3437 1437 3482; x_wconf 89' lang='lat' dir='ltr'>et</span> <span class='ocrx_word' id='word_1_199' title='bbox 1457 3432 1552 3481; x_wconf 90' lang='lat' dir='ltr'>mi·-</span> 
     </span>
     <span class='ocr_line' id='line_1_41' title="bbox 485 3500 1553 3579; baseline 0.002 -22"><span class='ocrx_word' id='word_1_200' title='bbox 485 3509 667 3579; x_wconf 82' lang='lat' dir='ltr'>litibus</span> <span class='ocrx_word' id='word_1_201' title='bbox 711 3500 986 3559; x_wconf 81' lang='lat' dir='ltr'>classiariis</span> <span class='ocrx_word' id='word_1_202' title='bbox 1011 3525 1026 3557; x_wconf 88' lang='lat'><strong>:</strong></span> <span class='ocrx_word' id='word_1_203' title='bbox 1082 3509 1196 3573; x_wconf 90' lang='lat' dir='ltr'>quis</span> <span class='ocrx_word' id='word_1_204' title='bbox 1249 3508 1388 3559; x_wconf 87' lang='lat' dir='ltr'>enim</span> <span class='ocrx_word' id='word_1_205' title='bbox 1427 3508 1553 3559; x_wconf 87' lang='lat' dir='ltr'>talia</span> 
     </span>
     <span class='ocr_line' id='line_1_42' title="bbox 489 3587 732 3649; baseline -0.004 -13"><span class='ocrx_word' id='word_1_206' title='bbox 489 3592 698 3649; x_wconf 85' lang='lat' dir='ltr'>separet</span> <span class='ocrx_word' id='word_1_207' title='bbox 713 3587 732 3635; x_wconf 76' lang='grc' dir='ltr'><strong><em>ἓ</em></strong></span> 
     </span>
    </p>

    <p class='ocr_par' dir='ltr' id='par_1_18' title="bbox 485 3661 1565 4268">
     <span class='ocr_line' id='line_1_43' title="bbox 548 3661 1555 3714; baseline 0.002 -3"><span class='ocrx_word' id='word_1_208' title='bbox 548 3661 753 3712; x_wconf 84' lang='lat' dir='ltr'>Sufficit</span> <span class='ocrx_word' id='word_1_209' title='bbox 795 3662 941 3712; x_wconf 90' lang='lat' dir='ltr'>illum</span> <span class='ocrx_word' id='word_1_210' title='bbox 976 3663 1334 3713; x_wconf 86' lang='lat' dir='ltr'>denominasse</span> <span class='ocrx_word' id='word_1_211' title='bbox 1355 3678 1387 3712; x_wconf 89' lang='lat' dir='ltr'>a</span> <span class='ocrx_word' id='word_1_212' title='bbox 1410 3668 1555 3714; x_wconf 86' lang='lat' dir='ltr'>nota-</span> 
     </span>
     <span class='ocr_line' id='line_1_44' title="bbox 485 3739 1556 3806; baseline 0.002 -16"><span class='ocrx_word' id='word_1_213' title='bbox 485 3739 851 3804; x_wconf 64' lang='lat' dir='ltr'>biliori&#39;parte,</span> <span class='ocrx_word' id='word_1_214' title='bbox 873 3741 1106 3803; x_wconf 78' lang='lat' dir='ltr'>remigum</span> <span class='ocrx_word' id='word_1_215' title='bbox 1121 3755 1337 3806; x_wconf 87' lang='lat' dir='ltr'>nempe;</span> <span class='ocrx_word' id='word_1_216' title='bbox 1383 3743 1458 3792; x_wconf 88' lang='lat' dir='ltr'>ita</span> <span class='ocrx_word' id='word_1_217' title='bbox 1477 3748 1556 3791; x_wconf 82' lang='lat' dir='ltr'>ta·</span> 
     </span>
     <span class='ocr_line' id='line_1_45' title="bbox 486 3817 1560 3887; baseline 0 -21"><span class='ocrx_word' id='word_1_218' title='bbox 486 3832 608 3887; x_wconf 83' lang='lat' dir='ltr'>men</span> <span class='ocrx_word' id='word_1_219' title='bbox 626 3821 687 3865; x_wconf 84' lang='lat' dir='ltr'>ut</span> <span class='ocrx_word' id='word_1_220' title='bbox 715 3817 876 3866; x_wconf 89' lang='lat' dir='ltr'>etiam</span> <span class='ocrx_word' id='word_1_221' title='bbox 897 3817 1180 3881; x_wconf 85' lang='lat' dir='ltr'>chiliarchi,</span> <span class='ocrx_word' id='word_1_222' title='bbox 1202 3817 1470 3883; x_wconf 79' lang='lat' dir='ltr'>trierarchi</span> <span class='ocrx_word' id='word_1_223' title='bbox 1503 3824 1560 3867; x_wconf 89' lang='lat' dir='ltr'>et</span> 
     </span>
     <span class='ocr_line' id='line_1_46' title="bbox 491 3893 1560 3959; baseline 0.002 -17"><span class='ocrx_word' id='word_1_224' title='bbox 491 3893 579 3942; x_wconf 90' lang='lat' dir='ltr'>alii</span> <span class='ocrx_word' id='word_1_225' title='bbox 602 3894 871 3959; x_wconf 79' lang='lat' dir='ltr'>praepositi</span> <span class='ocrx_word' id='word_1_226' title='bbox 893 3894 1292 3958; x_wconf 84' lang='lat' dir='ltr'>classiariorum,</span> <span class='ocrx_word' id='word_1_227' title='bbox 1321 3902 1378 3945; x_wconf 88' lang='lat' dir='ltr'>et</span> <span class='ocrx_word' id='word_1_228' title='bbox 1399 3895 1560 3945; x_wconf 90' lang='lat' dir='ltr'>etiam</span> 
     </span>
     <span class='ocr_line' id='line_1_47' title="bbox 491 3970 1562 4036; baseline -0.001 -14"><span class='ocrx_word' id='word_1_229' title='bbox 491 3973 694 4036; x_wconf 87' lang='lat' dir='ltr'>legatus</span> <span class='ocrx_word' id='word_1_230' title='bbox 714 3971 930 4035; x_wconf 84' lang='lat' dir='ltr'>legionis</span> <span class='ocrx_word' id='word_1_231' title='bbox 963 3970 1060 4020; x_wconf 87' lang='lat' dir='ltr'>sub</span> <span class='ocrx_word' id='word_1_232' title='bbox 1092 3971 1180 4021; x_wconf 90' lang='lat' dir='ltr'>illo</span> <span class='ocrx_word' id='word_1_233' title='bbox 1204 3971 1337 4022; x_wconf 88' lang='lat' dir='ltr'>duce</span> <span class='ocrx_word' id='word_1_234' title='bbox 1356 3972 1562 4022; x_wconf 88' lang='lat' dir='ltr'>classia-</span> 
     </span>
     <span class='ocr_line' id='line_1_48' title="bbox 492 4047 1560 4119; baseline 0 -21"><span class='ocrx_word' id='word_1_235' title='bbox 492 4050 584 4098; x_wconf 77' lang='lat' dir='ltr'>riis</span> <span class='ocrx_word' id='word_1_236' title='bbox 622 4047 822 4119; x_wconf 88' lang='lat' dir='ltr'>copiis</span> <span class='ocrx_word' id='word_1_237' title='bbox 835 4056 1161 4113; x_wconf 67' lang='lat' dir='ltr'>pra-essent.</span> <span class='ocrx_word' id='word_1_238' title='bbox 1211 4051 1283 4099; x_wconf 88' lang='lat' dir='ltr'>Et</span> <span class='ocrx_word' id='word_1_239' title='bbox 1307 4047 1560 4099; x_wconf 88' lang='lat' dir='ltr'>Anicetus</span> 
     </span>
     <span class='ocr_line' id='line_1_49' title="bbox 495 4126 1563 4215; baseline 0.002 -39"><span class='ocrx_word' id='word_1_240' title='bbox 495 4126 776 4191; x_wconf 69' lang='lat' dir='ltr'>praefectus</span> <span class='ocrx_word' id='word_1_241' title='bbox 797 4127 950 4191; x_wconf 83' lang='lat' dir='ltr'>hujus</span> <span class='ocrx_word' id='word_1_242' title='bbox 971 4127 1152 4215; x_wconf 64' lang='lat' dir='ltr'>classis</span> <span class='ocrx_word' id='word_1_243' title='bbox 1164 4127 1416 4178; x_wconf 86' lang='lat' dir='ltr'>videtur</span> <span class='ocrx_word' id='word_1_244' title='bbox 1403 4144 1563 4193; x_wconf 77' lang='lat' dir='ltr'>impe-</span> 
     </span>
     <span class='ocr_line' id='line_1_50' title="bbox 496 4203 1565 4268; baseline 0.004 -16"><span class='ocrx_word' id='word_1_245' title='bbox 496 4217 638 4254; x_wconf 81' lang='lat' dir='ltr'>rasse</span> <span class='ocrx_word' id='word_1_246' title='bbox 662 4217 764 4254; x_wconf 88' lang='lat' dir='ltr'>non</span> <span class='ocrx_word' id='word_1_247' title='bbox 783 4204 948 4254; x_wconf 84' lang='lat' dir='ltr'>solum</span> <span class='ocrx_word' id='word_1_248' title='bbox 967 4203 1274 4268; x_wconf 85' lang='lat' dir='ltr'>remigibus,</span> <span class='ocrx_word' id='word_1_249' title='bbox 1294 4205 1386 4255; x_wconf 89' lang='lat' dir='ltr'>sed</span> <span class='ocrx_word' id='word_1_250' title='bbox 1407 4206 1565 4256; x_wconf 89' lang='lat' dir='ltr'>etiam</span> 
     </span>
    </p>
   </div>
   <div class='ocr_carea' id='block_1_18' title="bbox 494 4279 1539 4357">
    <p class='ocr_par' dir='ltr' id='par_1_19' title="bbox 494 4279 1539 4357">
     <span class='ocr_line' id='line_1_51' title="bbox 494 4279 1539 4357; baseline 0.009 -27"><span class='ocrx_word' id='word_1_251' title='bbox 494 4279 768 4357; x_wconf 78' lang='lat' dir='ltr'>militibus,</span> <span class='ocrx_word' id='word_1_252' title='bbox 780 4280 868 4346; x_wconf 89' lang='lat' dir='ltr'>qui</span> <span class='ocrx_word' id='word_1_253' title='bbox 889 4280 953 4332; x_wconf 88' lang='lat' dir='ltr'>ad</span> <span class='ocrx_word' id='word_1_254' title='bbox 972 4281 1191 4343; x_wconf 80' lang='lat' dir='ltr'>classem</span> <span class='ocrx_word' id='word_1_255' title='bbox 1207 4282 1539 4339; x_wconf 52' lang='lat' dir='ltr'>merenas&amp;</span> 
     </span>
    </p>
   </div>
   <div class='ocr_carea' id='block_1_19' title="bbox 1618 1263 2726 3420">
    <p class='ocr_par' dir='ltr' id='par_1_20' title="bbox 1618 1263 2702 1791">
     <span class='ocr_line' id='line_1_52' title="bbox 1683 1263 2694 1329; baseline -0.003 -13"><span class='ocrx_word' id='word_1_256' title='bbox 1683 1266 1954 1329; x_wconf 83' lang='lat' dir='ltr'>Remigum,</span> <span class='ocrx_word' id='word_1_257' title='bbox 1977 1266 2059 1329; x_wconf 81' lang='lat' dir='ltr'>qui</span> <span class='ocrx_word' id='word_1_258' title='bbox 2085 1264 2347 1329; x_wconf 76' lang='lat' dir='ltr'>Ravenuoe]</span> <span class='ocrx_word' id='word_1_259' title='bbox 2381 1264 2445 1314; x_wconf 90' lang='lat' dir='ltr'>Id</span> <span class='ocrx_word' id='word_1_260' title='bbox 2473 1263 2694 1324; x_wconf 71' lang='lat' dir='ltr'>institu-‚</span> 
     </span>
     <span class='ocr_line' id='line_1_53' title="bbox 1619 1341 2685 1406; baseline -0.001 -14"><span class='ocrx_word' id='word_1_261' title='bbox 1619 1349 1730 1402; x_wconf 84' lang='lat' dir='ltr'>tum</span> <span class='ocrx_word' id='word_1_262' title='bbox 1752 1341 1991 1405; x_wconf 86' lang='lat' dir='ltr'>Augusto</span> <span class='ocrx_word' id='word_1_263' title='bbox 2007 1341 2145 1406; x_wconf 88' lang='lat' dir='ltr'>apud</span> <span class='ocrx_word' id='word_1_264' title='bbox 2168 1343 2396 1396; x_wconf 66' lang='lat' dir='ltr'>Sueton„</span> <span class='ocrx_word' id='word_1_265' title='bbox 2415 1343 2431 1371; x_wconf 89' lang='lat'>‘</span> <span class='ocrx_word' id='word_1_266' title='bbox 2452 1342 2685 1392; x_wconf 85' lang='lat' dir='ltr'>Classem</span> 
     </span>
     <span class='ocr_line' id='line_1_54' title="bbox 1618 1419 2692 1482; baseline 0.002 -14"><span class='ocrx_word' id='word_1_267' title='bbox 1618 1419 1808 1468; x_wconf 89' lang='lat' dir='ltr'>Miseni</span> <span class='ocrx_word' id='word_1_268' title='bbox 1830 1426 1888 1469; x_wconf 90' lang='lat' dir='ltr'>et</span> <span class='ocrx_word' id='word_1_269' title='bbox 1908 1420 2125 1469; x_wconf 85' lang='lat' dir='ltr'>alteram</span> <span class='ocrx_word' id='word_1_270' title='bbox 2147 1419 2436 1482; x_wconf 81' lang='lat' dir='ltr'>Ravennae,</span> <span class='ocrx_word' id='word_1_271' title='bbox 2459 1420 2524 1469; x_wconf 90' lang='lat' dir='ltr'>ad</span> <span class='ocrx_word' id='word_1_272' title='bbox 2548 1425 2692 1470; x_wconf 87' lang='lat' dir='ltr'>tute-</span> 
     </span>
     <span class='ocr_line' id='line_1_55' title="bbox 1620 1495 2689 1560; baseline 0.002 -15"><span class='ocrx_word' id='word_1_273' title='bbox 1620 1497 1724 1546; x_wconf 88' lang='lat' dir='ltr'>lam</span> <span class='ocrx_word' id='word_1_274' title='bbox 1749 1496 1923 1560; x_wconf 85' lang='lat' dir='ltr'>superi</span> <span class='ocrx_word' id='word_1_275' title='bbox 1948 1502 2005 1546; x_wconf 90' lang='lat' dir='ltr'>et</span> <span class='ocrx_word' id='word_1_276' title='bbox 2025 1495 2358 1547; x_wconf 84' lang='lat' dir='ltr'>inferi-maris</span> <span class='ocrx_word' id='word_1_277' title='bbox 2375 1497 2689 1547; x_wconf 63' lang='lat' dir='ltr'>collocavit!</span> 
     </span>
     <span class='ocr_line' id='line_1_56' title="bbox 1618 1574 2687 1640; baseline 0.002 -18"><span class='ocrx_word' id='word_1_278' title='bbox 1618 1574 2111 1625; x_wconf 82' lang='lat' dir='ltr'>Tac.1v.‘1taliam</span> <span class='ocrx_word' id='word_1_279' title='bbox 2150 1580 2368 1640; x_wconf 88' lang='lat' dir='ltr'>utroque</span> <span class='ocrx_word' id='word_1_280' title='bbox 2398 1575 2531 1624; x_wconf 88' lang='lat' dir='ltr'>mari</span> <span class='ocrx_word' id='word_1_281' title='bbox 2565 1574 2687 1624; x_wconf 81' lang='lat' dir='ltr'>duae</span> 
     </span>
     <span class='ocr_line' id='line_1_57' title="bbox 1619 1652 2690 1717; baseline 0.001 -17"><span class='ocrx_word' id='word_1_282' title='bbox 1619 1653 1830 1714; x_wconf 89' lang='lat' dir='ltr'>classes,</span> <span class='ocrx_word' id='word_1_283' title='bbox 1855 1652 2114 1702; x_wconf 89' lang='lat' dir='ltr'>Misenum</span> <span class='ocrx_word' id='word_1_284' title='bbox 2146 1652 2285 1717; x_wconf 88' lang='lat' dir='ltr'>apud</span> <span class='ocrx_word' id='word_1_285' title='bbox 2306 1659 2363 1702; x_wconf 89' lang='lat' dir='ltr'>et</span> <span class='ocrx_word' id='word_1_286' title='bbox 2384 1653 2690 1702; x_wconf 83' lang='lat' dir='ltr'>Ravennam</span> 
     </span>
     <span class='ocr_line' id='line_1_58' title="bbox 1620 1727 2702 1794; baseline 0.003 -17"><span class='ocrx_word' id='word_1_287' title='bbox 1620 1727 2009 1794; x_wconf 59' lang='lat' dir='ltr'>praesidebant?</span> <span class='ocrx_word' id='word_1_288' title='bbox 2316 1746 2320 1750; x_wconf 92' lang='lat'><em>·</em></span> <span class='ocrx_word' id='word_1_289' title='bbox 2695 1773 2702 1780; x_wconf 83' lang='lat'>.</span> 
     </span>
    </p>

    <p class='ocr_par' dir='ltr' id='par_1_21' title="bbox 1622 1806 2726 2940">
     <span class='ocr_line' id='line_1_59' title="bbox 1684 1806 2693 1874; baseline -0.004 -16"><span class='ocrx_word' id='word_1_290' title='bbox 1684 1808 1772 1858; x_wconf 90' lang='lat' dir='ltr'>Sic</span> <span class='ocrx_word' id='word_1_291' title='bbox 1812 1816 1867 1858; x_wconf 90' lang='lat' dir='ltr'>et</span> <span class='ocrx_word' id='word_1_292' title='bbox 1909 1810 2098 1874; x_wconf 82' lang='lat' dir='ltr'>V.eget</span> <span class='ocrx_word' id='word_1_293' title='bbox 2121 1809 2259 1859; x_wconf 81' lang='lat' dir='ltr'>l.v1.</span> <span class='ocrx_word' id='word_1_294' title='bbox 2296 1806 2493 1872; x_wconf 86' lang='lat' dir='ltr'>‘Apud</span> <span class='ocrx_word' id='word_1_295' title='bbox 2533 1806 2693 1855; x_wconf 89' lang='lat' dir='ltr'>Mise-</span> 
     </span>
     <span class='ocr_line' id='line_1_60' title="bbox 1622 1883 2696 1949; baseline -0.001 -15"><span class='ocrx_word' id='word_1_296' title='bbox 1622 1900 1763 1948; x_wconf 79' lang='lat' dir='ltr'>num,</span> <span class='ocrx_word' id='word_1_297' title='bbox 1786 1893 1842 1936; x_wconf 89' lang='lat' dir='ltr'>et</span> <span class='ocrx_word' id='word_1_298' title='bbox 1874 1887 2174 1936; x_wconf 84' lang='lat' dir='ltr'>Ravennam</span> <span class='ocrx_word' id='word_1_299' title='bbox 2213 1885 2426 1949; x_wconf 71' lang='lat' dir='ltr'>singulte</span> <span class='ocrx_word' id='word_1_300' title='bbox 2457 1883 2696 1947; x_wconf 81' lang='lat' dir='ltr'>legiones</span> 
     </span>
     <span class='ocr_line' id='line_1_61' title="bbox 1625 1959 2693 2034; baseline 0.001 -21"><span class='ocrx_word' id='word_1_301' title='bbox 1625 1978 1742 2013; x_wconf 90' lang='lat' dir='ltr'>cum</span> <span class='ocrx_word' id='word_1_302' title='bbox 1787 1961 2033 2012; x_wconf 82' lang='lat' dir='ltr'>classibus</span> <span class='ocrx_word' id='word_1_303' title='bbox 2075 1962 2304 2024; x_wconf 87' lang='lat' dir='ltr'>stabant,</span> <span class='ocrx_word' id='word_1_304' title='bbox 2336 1976 2402 2011; x_wconf 92' lang='lat' dir='ltr'>ne</span> <span class='ocrx_word' id='word_1_305' title='bbox 2432 1959 2634 2034; x_wconf 82' lang='lat' dir='ltr'>lougius</span> <span class='ocrx_word' id='word_1_306' title='bbox 2658 1976 2693 2014; x_wconf 73' lang='lat' dir='ltr'>a</span> 
     </span>
     <span class='ocr_line' id='line_1_62' title="bbox 1626 2033 2696 2100; baseline -0.005 -10"><span class='ocrx_word' id='word_1_307' title='bbox 1626 2037 1801 2090; x_wconf 89' lang='lat' dir='ltr'>tutela</span> <span class='ocrx_word' id='word_1_308' title='bbox 1816 2040 1955 2090; x_wconf 89' lang='lat' dir='ltr'>urbis</span> <span class='ocrx_word' id='word_1_309' title='bbox 1978 2033 2350 2100; x_wconf 76' lang='lat' dir='ltr'>abscederent3</span> <span class='ocrx_word' id='word_1_310' title='bbox 2397 2044 2452 2087; x_wconf 85' lang='lat' dir='ltr'>et</span> <span class='ocrx_word' id='word_1_311' title='bbox 2473 2052 2592 2087; x_wconf 88' lang='lat' dir='ltr'>cum</span> <span class='ocrx_word' id='word_1_312' title='bbox 2616 2051 2696 2086; x_wconf 85' lang='lat' dir='ltr'>ra·-</span> 
     </span>
     <span class='ocr_line' id='line_1_63' title="bbox 1627 2114 2696 2194; baseline -0.005 -26"><span class='ocrx_word' id='word_1_313' title='bbox 1627 2118 1702 2168; x_wconf 85' lang='lat' dir='ltr'>tio</span> <span class='ocrx_word' id='word_1_314' title='bbox 1746 2118 2077 2194; x_wconf 84' lang='lat' dir='ltr'>postulasset,</span> <span class='ocrx_word' id='word_1_315' title='bbox 2116 2118 2227 2167; x_wconf 89' lang='lat' dir='ltr'>sine</span> <span class='ocrx_word' id='word_1_316' title='bbox 2258 2131 2425 2180; x_wconf 87' lang='lat' dir='ltr'>mora,</span> <span class='ocrx_word' id='word_1_317' title='bbox 2461 2116 2572 2165; x_wconf 89' lang='lat' dir='ltr'>sine</span> <span class='ocrx_word' id='word_1_318' title='bbox 2594 2114 2696 2165; x_wconf 88' lang='lat' dir='ltr'>cir-</span> 
     </span>
     <span class='ocr_line' id='line_1_64' title="bbox 1627 2195 2701 2257; baseline -0.004 -12"><span class='ocrx_word' id='word_1_319' title='bbox 1627 2195 1769 2245; x_wconf 91' lang='lat' dir='ltr'>cuitu</span> <span class='ocrx_word' id='word_1_320' title='bbox 1807 2195 1872 2243; x_wconf 89' lang='lat' dir='ltr'>ad</span> <span class='ocrx_word' id='word_1_321' title='bbox 1907 2209 2084 2245; x_wconf 90' lang='lat' dir='ltr'>omnes</span> <span class='ocrx_word' id='word_1_322' title='bbox 2112 2195 2289 2244; x_wconf 90' lang='lat' dir='ltr'>mundi</span> <span class='ocrx_word' id='word_1_323' title='bbox 2312 2200 2487 2257; x_wconf 84' lang='lat' dir='ltr'>partes</span> <span class='ocrx_word' id='word_1_324' title='bbox 2511 2206 2701 2257; x_wconf 82' lang='lat' dir='ltr'>perve-</span> 
     </span>
     <span class='ocr_line' id='line_1_65' title="bbox 1627 2268 2699 2331; baseline -0.005 -9"><span class='ocrx_word' id='word_1_325' title='bbox 1627 2272 1817 2322; x_wconf 79' lang='lat' dir='ltr'>nirent.</span> <span class='ocrx_word' id='word_1_326' title='bbox 1840 2272 1976 2321; x_wconf 84' lang='lat' dir='ltr'>Nam</span> <span class='ocrx_word' id='word_1_327' title='bbox 1994 2270 2330 2320; x_wconf 89' lang='lat' dir='ltr'>Misenatium</span> <span class='ocrx_word' id='word_1_328' title='bbox 2350 2270 2549 2331; x_wconf 89' lang='lat' dir='ltr'>classis,</span> <span class='ocrx_word' id='word_1_329' title='bbox 2568 2268 2699 2318; x_wconf 76' lang='lat' dir='ltr'>Gal-</span> 
     </span>
     <span class='ocr_line' id='line_1_66' title="bbox 1626 2344 2698 2411; baseline -0.004 -14"><span class='ocrx_word' id='word_1_330' title='bbox 1626 2348 1768 2411; x_wconf 90' lang='lat' dir='ltr'>liam,</span> <span class='ocrx_word' id='word_1_331' title='bbox 1790 2348 2091 2411; x_wconf 70' lang='lat' dir='ltr'>HispaniaS,</span> <span class='ocrx_word' id='word_1_332' title='bbox 2120 2347 2520 2410; x_wconf 85' lang='lat' dir='ltr'>Mauretaniam,</span> <span class='ocrx_word' id='word_1_333' title='bbox 2558 2344 2698 2395; x_wconf 84' lang='lat' dir='ltr'>Afri·</span> 
     </span>
     <span class='ocr_line' id='line_1_67' title="bbox 1630 2419 2700 2490; baseline 0.001 -15"><span class='ocrx_word' id='word_1_334' title='bbox 1630 2440 1763 2489; x_wconf 87' lang='lat' dir='ltr'>cam,</span> <span class='ocrx_word' id='word_1_335' title='bbox 1813 2425 2116 2490; x_wconf 85' lang='lat' dir='ltr'>AEgyptum‚</span> <span class='ocrx_word' id='word_1_336' title='bbox 2177 2425 2489 2488; x_wconf 81' lang='lat' dir='ltr'>Sardiniam,</span> <span class='ocrx_word' id='word_1_337' title='bbox 2533 2419 2700 2490; x_wconf 79' lang='lat' dir='ltr'>atque</span> 
     </span>
     <span class='ocr_line' id='line_1_68' title="bbox 1629 2501 2699 2566; baseline -0.002 -13"><span class='ocrx_word' id='word_1_338' title='bbox 1629 2502 1857 2553; x_wconf 88' lang='lat' dir='ltr'>Siciliam</span> <span class='ocrx_word' id='word_1_339' title='bbox 1884 2501 2182 2552; x_wconf 88' lang='lat' dir='ltr'>babebatin</span> <span class='ocrx_word' id='word_1_340' title='bbox 2201 2503 2470 2566; x_wconf 80' lang='lat' dir='ltr'>proxim03</span> <span class='ocrx_word' id='word_1_341' title='bbox 2512 2502 2699 2552; x_wconf 83' lang='lat' dir='ltr'>classis</span> 
     </span>
     <span class='ocr_line' id='line_1_69' title="bbox 1632 2578 2702 2645; baseline -0.001 -15"><span class='ocrx_word' id='word_1_342' title='bbox 1632 2585 1807 2631; x_wconf 87' lang='lat' dir='ltr'>autem</span> <span class='ocrx_word' id='word_1_343' title='bbox 1825 2579 2255 2645; x_wconf 82' lang='lat' dir='ltr'>Ravennensium,</span> <span class='ocrx_word' id='word_1_344' title='bbox 2277 2579 2495 2643; x_wconf 87' lang='lat' dir='ltr'>Epiron,</span> <span class='ocrx_word' id='word_1_345' title='bbox 2518 2578 2702 2629; x_wconf 52' lang='lat' dir='ltr'>Mace&lt;</span> 
     </span>
     <span class='ocr_line' id='line_1_70' title="bbox 1631 2655 2704 2729; baseline -0.003 -22"><span class='ocrx_word' id='word_1_346' title='bbox 1631 2659 1855 2723; x_wconf 88' lang='lat' dir='ltr'>doniam,</span> <span class='ocrx_word' id='word_1_347' title='bbox 1867 2656 2134 2719; x_wconf 86' lang='lat' dir='ltr'>Achaiam,</span> <span class='ocrx_word' id='word_1_348' title='bbox 2150 2655 2546 2729; x_wconf 84' lang='lat' dir='ltr'>Propontidem,</span> <span class='ocrx_word' id='word_1_349' title='bbox 2562 2656 2704 2705; x_wconf 90' lang='lat' dir='ltr'>Pon·</span> 
     </span>
     <span class='ocr_line' id='line_1_71' title="bbox 1632 2735 2726 2799; baseline -0.001 -13"><span class='ocrx_word' id='word_1_350' title='bbox 1632 2741 1764 2799; x_wconf 86' lang='lat' dir='ltr'>tum,</span> <span class='ocrx_word' id='word_1_351' title='bbox 1784 2735 2074 2798; x_wconf 89' lang='lat' dir='ltr'>Orientem,</span> <span class='ocrx_word' id='word_1_352' title='bbox 2095 2735 2325 2796; x_wconf 89' lang='lat' dir='ltr'>Cretam,</span> <span class='ocrx_word' id='word_1_353' title='bbox 2343 2736 2586 2799; x_wconf 64' lang='lat' dir='ltr'>Cyprum:</span> <span class='ocrx_word' id='word_1_354' title='bbox 2608 2748 2726 2797; x_wconf 51' lang='lat' dir='ltr'>pen</span> 
     </span>
     <span class='ocr_line' id='line_1_72' title="bbox 1631 2808 2706 2876; baseline -0.002 -14"><span class='ocrx_word' id='word_1_355' title='bbox 1631 2820 1745 2862; x_wconf 85' lang='lat' dir='ltr'>tere</span> <span class='ocrx_word' id='word_1_356' title='bbox 1797 2812 2000 2862; x_wconf 86' lang='lat' dir='ltr'>directa</span> <span class='ocrx_word' id='word_1_357' title='bbox 2039 2808 2370 2876; x_wconf 84' lang='lat' dir='ltr'>navigatione</span> <span class='ocrx_word' id='word_1_358' title='bbox 2421 2824 2706 2861; x_wconf 81' lang='lat' dir='ltr'>consueve-</span> 
     </span>
     <span class='ocr_line' id='line_1_73' title="bbox 1631 2889 1750 2940; baseline 0 -1"><span class='ocrx_word' id='word_1_359' title='bbox 1631 2889 1750 2940; x_wconf 67' lang='lat' dir='ltr'>rat!</span> 
     </span>
    </p>

    <p class='ocr_par' dir='ltr' id='par_1_22' title="bbox 1632 2965 2722 3420">
     <span class='ocr_line' id='line_1_74' title="bbox 1694 2965 2708 3032; baseline -0.001 -15"><span class='ocrx_word' id='word_1_360' title='bbox 1694 2966 1964 3028; x_wconf 79' lang='lat' dir='ltr'>Proefectus</span> <span class='ocrx_word' id='word_1_361' title='bbox 1982 2967 2239 3032; x_wconf 58' lang='lat' dir='ltr'>remigum]</span> <span class='ocrx_word' id='word_1_362' title='bbox 2283 2965 2578 3018; x_wconf 82' lang='lat' dir='ltr'>Praefectus</span> <span class='ocrx_word' id='word_1_363' title='bbox 2596 2965 2702 3016; x_wconf 83' lang='lat' dir='ltr'>for·</span> <span class='ocrx_word' id='word_1_364' title='bbox 2703 2970 2708 2975; x_wconf 62' lang='lat'><strong>⁴</strong></span> 
     </span>
     <span class='ocr_line' id='line_1_75' title="bbox 1632 3045 2710 3112; baseline 0.001 -17"><span class='ocrx_word' id='word_1_365' title='bbox 1632 3051 1686 3096; x_wconf 91' lang='lat' dir='ltr'>te</span> <span class='ocrx_word' id='word_1_366' title='bbox 1708 3045 1811 3097; x_wconf 82' lang='lat' dir='ltr'>fuit</span> <span class='ocrx_word' id='word_1_367' title='bbox 1857 3051 2057 3097; x_wconf 89' lang='lat' dir='ltr'>tantum</span> <span class='ocrx_word' id='word_1_368' title='bbox 2094 3047 2365 3112; x_wconf 86' lang='lat' dir='ltr'>remigum,</span> <span class='ocrx_word' id='word_1_369' title='bbox 2408 3061 2511 3096; x_wconf 88' lang='lat' dir='ltr'>non</span> <span class='ocrx_word' id='word_1_370' title='bbox 2554 3052 2701 3097; x_wconf 90' lang='lat' dir='ltr'>cete</span> <span class='ocrx_word' id='word_1_371' title='bbox 2707 3062 2710 3065; x_wconf 92' lang='lat'>·</span> 
     </span>
     <span class='ocr_line' id='line_1_76' title="bbox 1633 3123 2702 3187; baseline -0.002 -14"><span class='ocrx_word' id='word_1_372' title='bbox 1633 3139 1704 3174; x_wconf 78' lang='lat' dir='ltr'>rae</span> <span class='ocrx_word' id='word_1_373' title='bbox 1729 3123 1927 3173; x_wconf 88' lang='lat' dir='ltr'>classis.</span> <span class='ocrx_word' id='word_1_374' title='bbox 1995 3124 2201 3174; x_wconf 70' lang='lat' dir='ltr'>Praeter</span> <span class='ocrx_word' id='word_1_375' title='bbox 2236 3124 2456 3187; x_wconf 69' lang='lat' dir='ltr'>rennigxes,</span> <span class='ocrx_word' id='word_1_376' title='bbox 2479 3124 2531 3172; x_wconf 89' lang='lat' dir='ltr'>in</span> <span class='ocrx_word' id='word_1_377' title='bbox 2552 3123 2702 3174; x_wconf 87' lang='lat' dir='ltr'>stati-</span> 
     </span>
     <span class='ocr_line' id='line_1_77' title="bbox 1632 3199 2703 3266; baseline 0 -16"><span class='ocrx_word' id='word_1_378' title='bbox 1632 3215 1728 3251; x_wconf 88' lang='lat' dir='ltr'>one</span> <span class='ocrx_word' id='word_1_379' title='bbox 1751 3199 1848 3250; x_wconf 79' lang='lat' dir='ltr'>fuit</span> <span class='ocrx_word' id='word_1_380' title='bbox 1887 3201 2024 3266; x_wconf 87' lang='lat' dir='ltr'>legio</span> <span class='ocrx_word' id='word_1_381' title='bbox 2062 3201 2469 3250; x_wconf 85' lang='lat' dir='ltr'>classiariorum:</span> <span class='ocrx_word' id='word_1_382' title='bbox 2504 3207 2703 3265; x_wconf 78' lang='lat' dir='ltr'>quaeet</span> 
     </span>
     <span class='ocr_line' id='line_1_78' title="bbox 1632 3277 2705 3343; baseline -0.003 -14"><span class='ocrx_word' id='word_1_383' title='bbox 1632 3294 1779 3329; x_wconf 90' lang='lat' dir='ltr'>suum</span> <span class='ocrx_word' id='word_1_384' title='bbox 1841 3280 2068 3343; x_wconf 83' lang='lat' dir='ltr'>legatum</span> <span class='ocrx_word' id='word_1_385' title='bbox 2114 3278 2250 3328; x_wconf 89' lang='lat' dir='ltr'>haud</span> <span class='ocrx_word' id='word_1_386' title='bbox 2305 3279 2470 3335; x_wconf 66' lang='lat' dir='ltr'>dubie,</span> <span class='ocrx_word' id='word_1_387' title='bbox 2501 3277 2705 3339; x_wconf 85' lang='lat' dir='ltr'>habuit,</span> 
     </span>
     <span class='ocr_line' id='line_1_79' title="bbox 1633 3355 2722 3420; baseline -0.004 -13"><span class='ocrx_word' id='word_1_388' title='bbox 1633 3363 1691 3407; x_wconf 89' lang='lat' dir='ltr'>et</span> <span class='ocrx_word' id='word_1_389' title='bbox 1732 3370 1889 3420; x_wconf 86' lang='lat' dir='ltr'>supra</span> <span class='ocrx_word' id='word_1_390' title='bbox 1929 3356 2055 3405; x_wconf 89' lang='lat' dir='ltr'>istos</span> <span class='ocrx_word' id='word_1_391' title='bbox 2100 3355 2206 3405; x_wconf 85' lang='lat' dir='ltr'>fuit</span> <span class='ocrx_word' id='word_1_392' title='bbox 2241 3355 2519 3420; x_wconf 77' lang='lat' dir='ltr'>praefectus</span> <span class='ocrx_word' id='word_1_393' title='bbox 2542 3355 2722 3405; x_wconf 79' lang='lat' dir='ltr'>totius.</span> 
     </span>
    </p>
   </div>
   <div class='ocr_carea' id='block_1_20' title="bbox 1634 3418 2850 3499">
    <p class='ocr_par' dir='ltr' id='par_1_23' title="bbox 1634 3418 2850 3499">
     <span class='ocr_line' id='line_1_80' title="bbox 1634 3418 2850 3499; baseline -0.001 -15"><span class='ocrx_word' id='word_1_394' title='bbox 1634 3433 1829 3495; x_wconf 85' lang='lat' dir='ltr'>classis,</span> <span class='ocrx_word' id='word_1_395' title='bbox 1875 3433 1963 3498; x_wconf 87' lang='lat' dir='ltr'>qui</span> <span class='ocrx_word' id='word_1_396' title='bbox 2004 3432 2241 3484; x_wconf 89' lang='lat' dir='ltr'>omnibus</span> <span class='ocrx_word' id='word_1_397' title='bbox 2263 3440 2319 3484; x_wconf 90' lang='lat' dir='ltr'>et</span> <span class='ocrx_word' id='word_1_398' title='bbox 2339 3433 2623 3499; x_wconf 82' lang='lat' dir='ltr'>remigibus</span> <span class='ocrx_word' id='word_1_399' title='bbox 2645 3439 2704 3483; x_wconf 64' lang='lat' dir='ltr'>et</span> <span class='ocrx_word' id='word_1_400' title='bbox 2781 3478 2789 3483; x_wconf 91' lang='lat'><em>.</em></span> <span class='ocrx_word' id='word_1_401' title='bbox 2844 3418 2850 3419; x_wconf 34' lang='lat'><em>⁷</em></span> 
     </span>
    </p>
   </div>
   <div class='ocr_carea' id='block_1_21' title="bbox 1634 3509 2714 4270">
    <p class='ocr_par' dir='ltr' id='par_1_24' title="bbox 1634 3509 2282 3572">
     <span class='ocr_line' id='line_1_81' title="bbox 1634 3509 2282 3572; baseline 0 -13"><span class='ocrx_word' id='word_1_402' title='bbox 1634 3509 1908 3560; x_wconf 87' lang='lat' dir='ltr'>classiariis</span> <span class='ocrx_word' id='word_1_403' title='bbox 1933 3515 2201 3572; x_wconf 87' lang='lat' dir='ltr'>praeesset.</span> <span class='ocrx_word' id='word_1_404' title='bbox 2279 3542 2282 3543; x_wconf 25' lang='grc' dir='ltr'><em>ν</em></span> 
     </span>
    </p>

    <p class='ocr_par' dir='ltr' id='par_1_25' title="bbox 1637 3584 2714 3882">
     <span class='ocr_line' id='line_1_82' title="bbox 1697 3584 2705 3649; baseline -0.002 -12"><span class='ocrx_word' id='word_1_405' title='bbox 1697 3586 1784 3637; x_wconf 90' lang='lat' dir='ltr'>Sic</span> <span class='ocrx_word' id='word_1_406' title='bbox 1829 3584 1968 3635; x_wconf 86' lang='lat' dir='ltr'>infra</span> <span class='ocrx_word' id='word_1_407' title='bbox 2005 3599 2122 3635; x_wconf 75' lang='lat' dir='ltr'><strong>xlv·</strong></span> <span class='ocrx_word' id='word_1_408' title='bbox 2149 3589 2200 3649; x_wconf 60' lang='lat'>3,</span> <span class='ocrx_word' id='word_1_409' title='bbox 2232 3584 2486 3636; x_wconf 87' lang='lat' dir='ltr'>Anicetus</span> <span class='ocrx_word' id='word_1_410' title='bbox 2507 3584 2705 3635; x_wconf 85' lang='lat' dir='ltr'>dicitur</span> 
     </span>
     <span class='ocr_line' id='line_1_83' title="bbox 1637 3660 2705 3727; baseline 0.002 -16"><span class='ocrx_word' id='word_1_411' title='bbox 1637 3663 1653 3691; x_wconf 89' lang='lat'>‘</span> <span class='ocrx_word' id='word_1_412' title='bbox 1674 3661 1855 3712; x_wconf 87' lang='lat' dir='ltr'>classis</span> <span class='ocrx_word' id='word_1_413' title='bbox 1895 3660 2034 3724; x_wconf 88' lang='lat' dir='ltr'>apud</span> <span class='ocrx_word' id='word_1_414' title='bbox 2078 3660 2339 3711; x_wconf 88' lang='lat' dir='ltr'>Misenum</span> <span class='ocrx_word' id='word_1_415' title='bbox 2386 3660 2705 3727; x_wconf 67' lang='lat' dir='ltr'>praefectus!</span> 
     </span>
     <span class='ocr_line' id='line_1_84' title="bbox 1639 3738 2714 3804; baseline 0.002 -15"><span class='ocrx_word' id='word_1_416' title='bbox 1639 3739 1743 3789; x_wconf 90' lang='lat' dir='ltr'>Alii</span> <span class='ocrx_word' id='word_1_417' title='bbox 1767 3745 1939 3789; x_wconf 84' lang='lat' dir='ltr'>tamen</span> <span class='ocrx_word' id='word_1_418' title='bbox 1960 3745 2172 3788; x_wconf 89' lang='lat' dir='ltr'>sumunt</span> <span class='ocrx_word' id='word_1_419' title='bbox 2192 3738 2277 3788; x_wconf 88' lang='lat' dir='ltr'>hic</span> <span class='ocrx_word' id='word_1_420' title='bbox 2312 3754 2408 3804; x_wconf 84' lang='lat' dir='ltr'>pro</span> <span class='ocrx_word' id='word_1_421' title='bbox 2448 3738 2714 3803; x_wconf 77' lang='lat' dir='ltr'>praefecto‘</span> 
     </span>
     <span class='ocr_line' id='line_1_85' title="bbox 1640 3816 2574 3882; baseline -0.003 -15"><span class='ocrx_word' id='word_1_422' title='bbox 1640 3816 1838 3879; x_wconf 88' lang='lat' dir='ltr'>classis,</span> <span class='ocrx_word' id='word_1_423' title='bbox 1859 3831 1956 3866; x_wconf 90' lang='lat' dir='ltr'>nec</span> <span class='ocrx_word' id='word_1_424' title='bbox 1972 3830 2068 3881; x_wconf 86' lang='lat' dir='ltr'>ego</span> <span class='ocrx_word' id='word_1_425' title='bbox 2090 3818 2514 3882; x_wconf 67' lang='lat' dir='ltr'>repugnaverim.-</span> <span class='ocrx_word' id='word_1_426' title='bbox 2563 3826 2574 3864; x_wconf 51' lang='grc' dir='ltr'><em>Α</em></span> 
     </span>
    </p>

    <p class='ocr_par' dir='ltr' id='par_1_26' title="bbox 1641 3893 2713 4270">
     <span class='ocr_line' id='line_1_86' title="bbox 1707 3893 2706 3956; baseline 0 -12"><span class='ocrx_word' id='word_1_427' title='bbox 1707 3893 1970 3956; x_wconf 69' lang='lat' dir='ltr'>Ravomoe]</span> <span class='ocrx_word' id='word_1_428' title='bbox 2021 3895 2269 3944; x_wconf 86' lang='lat' dir='ltr'>Ravenna</span> <span class='ocrx_word' id='word_1_429' title='bbox 2303 3895 2423 3945; x_wconf 89' lang='lat' dir='ltr'>urbs</span> <span class='ocrx_word' id='word_1_430' title='bbox 2444 3895 2706 3945; x_wconf 85' lang='lat' dir='ltr'>Senonum</span> 
     </span>
     <span class='ocr_line' id='line_1_87' title="bbox 1642 3971 2711 4037; baseline 0 -14"><span class='ocrx_word' id='word_1_431' title='bbox 1642 3974 1968 4037; x_wconf 87' lang='lat' dir='ltr'>populorum,</span> <span class='ocrx_word' id='word_1_432' title='bbox 1982 3971 2049 4021; x_wconf 87' lang='lat' dir='ltr'>ad</span> <span class='ocrx_word' id='word_1_433' title='bbox 2071 3987 2214 4021; x_wconf 85' lang='lat' dir='ltr'>oram</span> <span class='ocrx_word' id='word_1_434' title='bbox 2238 3973 2396 4022; x_wconf 89' lang='lat' dir='ltr'>maris</span> <span class='ocrx_word' id='word_1_435' title='bbox 2430 3971 2711 4036; x_wconf 80' lang='lat' dir='ltr'>Adriatici,</span> 
     </span>
     <span class='ocr_line' id='line_1_88' title="bbox 1641 4049 2712 4114; baseline 0.001 -15"><span class='ocrx_word' id='word_1_436' title='bbox 1641 4050 1693 4099; x_wconf 90' lang='lat' dir='ltr'>in</span> <span class='ocrx_word' id='word_1_437' title='bbox 1717 4050 1893 4100; x_wconf 86' lang='lat' dir='ltr'>Gallia</span> <span class='ocrx_word' id='word_1_438' title='bbox 1931 4049 2243 4113; x_wconf 83' lang='lat' dir='ltr'>Cispadana,</span> <span class='ocrx_word' id='word_1_439' title='bbox 2261 4050 2474 4114; x_wconf 86' lang='lat' dir='ltr'>regione</span> <span class='ocrx_word' id='word_1_440' title='bbox 2499 4050 2708 4100; x_wconf 72' lang='lat' dir='ltr'>ltaliae.</span> <span class='ocrx_word' id='word_1_441' title='bbox 2693 4066 2712 4079; x_wconf 88' lang='lat'><strong>·</strong></span> 
     </span>
     <span class='ocr_line' id='line_1_89' title="bbox 1641 4125 2709 4201; baseline 0 -25"><span class='ocrx_word' id='word_1_442' title='bbox 1641 4126 1798 4176; x_wconf 83' lang='lat' dir='ltr'>hodie</span> <span class='ocrx_word' id='word_1_443' title='bbox 1819 4141 2007 4176; x_wconf 88' lang='lat' dir='ltr'>nomen</span> <span class='ocrx_word' id='word_1_444' title='bbox 2027 4125 2300 4201; x_wconf 87' lang='lat' dir='ltr'>antiquum</span> <span class='ocrx_word' id='word_1_445' title='bbox 2319 4127 2531 4176; x_wconf 85' lang='lat' dir='ltr'>retinet.</span> <span class='ocrx_word' id='word_1_446' title='bbox 2566 4126 2709 4176; x_wconf 86' lang='lat' dir='ltr'>Urbs</span> 
     </span>
     <span class='ocr_line' id='line_1_90' title="bbox 1644 4198 2713 4270; baseline 0 -16"><span class='ocrx_word' id='word_1_447' title='bbox 1644 4210 1725 4254; x_wconf 88' lang='lat' dir='ltr'>est</span> <span class='ocrx_word' id='word_1_448' title='bbox 1748 4204 2029 4270; x_wconf 65' lang='lat' dir='ltr'>provinciae</span> <span class='ocrx_word' id='word_1_449' title='bbox 2053 4198 2427 4269; x_wconf 76' lang='lat' dir='ltr'>Romandiolae‚</span> <span class='ocrx_word' id='word_1_450' title='bbox 2452 4205 2713 4268; x_wconf 61' lang='lat' dir='ltr'>Romam,</span> 
     </span>
    </p>
   </div>
   <div class='ocr_carea' id='block_1_22' title="bbox 1643 4281 2623 4337">
    <p class='ocr_par' dir='ltr' id='par_1_27' title="bbox 1643 4281 2623 4337">
     <span class='ocr_line' id='line_1_91' title="bbox 1643 4281 2623 4337; baseline 0.002 -4"><span class='ocrx_word' id='word_1_451' title='bbox 1643 4281 1702 4333; x_wconf 89' lang='lat' dir='ltr'>in</span> <span class='ocrx_word' id='word_1_452' title='bbox 1715 4287 1862 4334; x_wconf 80' lang='lat' dir='ltr'>statu</span> <span class='ocrx_word' id='word_1_453' title='bbox 1881 4281 2271 4337; x_wconf 74' lang='lat' dir='ltr'>Ecclesiastico.</span> <span class='ocrx_word' id='word_1_454' title='bbox 2289 4281 2623 4335; x_wconf 64' lang='lat' dir='ltr'>finano-eim</span> 
     </span>
    </p>
   </div>
  </div>
 </body>
</html>
