3063 4952
442 474 447 477 ,
547 408 721 476 1762

1174 417 1652 470 0..coRNEL11
1700 415 1958 464 TAcrrl
2003 422 2004 425 ’

2146 419 2239 486 [Α.
2258 422 2324 471 U.
2344 425 2461 472 815.
2493 422 2549 474 J.
2575 389 2636 472 c}
2656 417 2766 483 62]

515 566 951 646 claritudine,
995 573 1214 651 neque
1258 564 1609 631 invidiosis
1654 564 1897 647 opibus
1942 568 2126 629 erat.·
2194 562 2637 648 Gymnasium
2679 581 2760 625 eo

448 682 453 687 ’
544 694 718 739 anno
746 673 1151 737 dedicatum⁸
1180 690 1223 734 a
1253 669 1554 745 Nerone,
1585 667 2074 752 praebitumque
2119 668 2363 732 oleum⁸
2408 666 2645 750 Equiti
2677 683 2760 729 ac

544 776 836 854 Senatui,
870 775 1116 840 Graeca
1143 770 1516 838 facilitate?

539 972 717 1026 serent,
737 973 1006 1031 paraverat.
1076 969 1253 1017 Eodem
1279 972 1489 1030 tempore
1526 965 1657 1014 Nero
1697 963 1935 1014 dedicavit
1971 964 2305 1028 Gymnasium,
2326 944 2590 1026 tribuitque
2611 963 2766 1013 oleum

541 1033 790 1098 equitibus,
805 1050 864 1083 ac
874 1034 1111 1099 patribus,
1127 1033 1319 1083 licentia
1347 1032 1541 1080 Groeca.

1475 1192 1831 1212 OOOOO‘OOOOOO

524 1292 1004 1366 'Har1.Bod1.Jes.
1044 1317 1174 1379 Reg.
1216 1314 1396 1366 Guelf.
1438 1314 1602 1364 editio
1643 1315 1890 1378 princeps
1930 1319 1984 1364 et
2016 1312 2353 1363 recentiores.
2419 1310 2771 1371 Puteolanus,

516 1432 522 1438 ,
543 1379 804 1430 addiderit.

1548 1501 1770 1555 NOTAE
1845 1522 1850 1527 ·

607 1624 627 1650 ²
660 1618 970 1683 Dedicatum]
1014 1620 1160 1670 Suet.
1187 1619 1317 1670 Ner.
1339 1623 1421 1669 12.
1484 1619 1501 1647 ‘
1524 1619 1615 1668 In-

543 1694 717 1745 stituit
739 1702 794 1745 et
818 1696 1202 1761 quinquennale
1226 1702 1485 1746 certamen
1510 1695 1615 1759 pri-

543 1785 656 1819 mus
701 1772 926 1821 omnium
987 1773 1188 1837 Romae',
1237 1788 1378 1823 more
1423 1773 1614 1824 Graeco

532 1845 768 1909 *triplen
813 1848 1078 1911 musicum,
1101 1850 1411 1914 gymnicum,
1435 1864 1614 1914 eques-

514 1929 642 1989 stre,
665 1918 1115 1992 quodappellavit
1139 1927 1387 1977 Neronia.
1451 1926 1615 1976 Dedi·

543 1999 776 2065 catisque
799 2001 1011 2051 thermis
1050 2007 1206 2067 atque
1236 2002 1517 2067 gymnasio,
1540 2016 1614 2051 se-

512 2077 688 2125 natui
721 2092 927 2141 quoque
965 2083 1021 2127 et
1061 2079 1224 2143 equiti
1267 2081 1435 2129 oleum
1481 2095 1613 2144 prae-

543 2151 695 2201 buit.’
762 2151 846 2203 Au
890 2154 942 2202 iu
984 2155 1250 2219 probrum,
1293 2163 1385 2207 aut
1432 2157 1612 2220 decus,

544 2229 792 2278 tributum
816 2229 884 2280 sit
909 2231 1101 2292 oleum,
1123 2246 1275 2282 nemo
1299 2232 1445 2283 dicit.

606 2311 631 2338 ⁸
662 2305 1015 2372 Proebitumqne
1035 2308 1208 2374 oleum]
1247 2310 1302 2360 Si
1330 2311 1498 2360 oleum
1523 2325 1611 2375 po-

542 2383 667 2447 pulo
708 2390 908 2435 tantum
947 2377 1244 2449 praebitum,
1269 2386 1394 2436 nihil
1421 2386 1609 2443 novum

542 2465 634 2510 aut
664 2460 1057 2513 Graecanicum:
1114 2463 1340 2527 praebuit
1377 2471 1501 2515 ante
1541 2464 1608 2514 P.

541 2538 737 2603 Scipio,
759 2553 912 2605 quem
936 2539 1154 2590 AEdilem
1191 2541 1400 2591 dedisse
1435 2542 1612 2606 congi-

544 2630 628 2664 um
652 2616 753 2666 olei
778 2618 830 2666 in
855 2617 997 2667 vicos
1012 2618 1260 2683 singulos,
1281 2619 1428 2669 Livio
1451 2619 1611 2670 credo

512 2687 517 2692 ’
539 2692 633 2743 lib.
659 2706 794 2744 xxv.

608 2771 777 2822 Dedit
819 2778 874 2822 et
910 2772 969 2822 C.
995 2771 1170 2821 Caesar
1193 2777 1313 2836 post
1334 2772 1611 2823 victoriam

514 2837 861 2897 'Africananh
893 2845 984 2896 Τόν
1001 2866 1057 2897 τε
1080 2850 1244 2915 δῆμον,
1286 2850 1453 2914 inquit
1490 2845 1628 2914 Dio,

539 2925 765 2986 λαμπρῶς
798 2921 1027 2987 εἱστίασε,
1055 2924 1136 2973 καὶ
1163 2924 1298 2975 σίτον
1319 2925 1405 2988 ἔξω
1424 2928 1512 2975 τοῦ
1530 2944 1608 2975 τε·

537 2996 778 3059 ταγμένου
810 2999 889 3048 καὶ
917 2997 1080 3049 ἔλαιον
1105 3000 1413 3064 προσέδωκεν·
1452 3003 1610 3067 Popu-

540 3075 639 3125 lum
660 3077 899 3138 splendido
934 3079 1145 3127 convivio
1177 3080 1380 3142 excepit,
1415 3085 1461 3129 et
1491 3079 1606 3140 fru-

540 3157 749 3201 mentum
792 3158 932 3217 atque
979 3156 1130 3203 oleum
1164 3160 1304 3204 extra
1337 3160 1607 3206 consuetum

541 3226 730 3288 adiecit.

609 3306 781 3357 Etiam
827 3309 905 3358 M.
948 3308 1186 3374 Agrippa
1226 3310 1277 3359 in
1336 3310 1606 3362 AEdilitate

540 3382 711 3431 oleum
752 3384 808 3434 e't
845 3385 1020 3450 salem,
1055 3394 1114 3436 ut
1154 3394 1339 3438 auctor
1360 3395 1442 3439 est
1468 3388 1607 3442 idem

514 3497 519 3500 .
539 3457 645 3516 1)ἰο
667 3459 841 3509 1143(
875 3461 980 3512 Sed
1006 3477 1154 3513 nemo
1177 3478 1354 3513 eorum
1375 3465 1440 3514 ad
1465 3481 1608 3531 gym-

540 3533 761 3598 nasium,
815 3538 951 3601 quod
994 3538 1078 3588 hic
1140 3540 1300 3590 Nero.
1365 3540 1607 3596 Plinius:

518 3610 558 3666 ‚‘
579 3610 744 3660 Usum
760 3614 857 3662 olei
876 3612 942 3663 ad
961 3614 1214 3664 luxuriam
1236 3623 1444 3666 vertere
1463 3618 1611 3668 Grae·

540 3689 610 3762 cip,
645 3691 695 3739 in
732 3693 1012 3756 gymnasiis
1047 3694 1428 3757 ριιὶ)1ὶοειῐιᾱο.’Ἴ
1456 3695 1610 3747 Adde

538 3768 752 3819 Suetou.
771 3784 817 3820 c.
842 3774 921 3819 12.
954 3770 1164 3833 Lipsius.

604 3844 758 3897 Quo-d
783 3855 938 3895 vocat
950 3847 1162 3896 Tacitus
1167 3847 1479 3913 facilitatem,
1498 3850 1605 3899 Pli-

536 3920 655 3974 nius
681 3922 921 3972 luxuriam
945 3930 1118 3972 vocat.

472 4053 479 4059 δ
509 4038 519 4047 .
609 3996 801 4060 Oleum]
841 3997 962 4047 Non
986 4005 1114 4062 puto
1139 4004 1313 4049 tamen
1338 4006 1606 4051 senatores

513 4115 518 4120 .
539 4080 630 4123 aut
653 4074 854 4148 equites
870 4075 1090 4143 nudatos
1107 4077 1158 4125 in
1183 4079 1447 4142 palaestra,
1466 4094 1606 4129 more

539 4148 866 4204 Graecorum.
922 4153 1074 4208 LNam
1097 4168 1272 4218 supra,
1307 4154 1485 4207 *Quid
1524 4154 1607 4205 'su-

540 4236 770 4290 peresse,
799 4226 899 4276 nisi
921 4234 981 4277 ut
1017 4244 1238 4293 corpora
1271 4244 1477 4295 quoque
1513 4246 1605 4282 nu-

539 4300 682 4367 dent,
729 4307 789 4354 et
832 4310 1026 4371 esestus
1085 4311 1364 4373 assumant,
1416 4320 1608 4373 easque
1651 4373 1654 4376 A

1663 3817 1668 3822 .
1690 3789 1808 3824 11808
1831 3790 1845 3822 2

1696 1631 1895 1682 pugnas
1918 1631 2012 1682 pro
2033 1616 2221 1667 militia
2243 1620 2300 1666 et
2336 1612 2487 1664 armis
2512 1612 2772 1664 mediten-

1699 1703 1784 1744 tur
1802 1695 1835 1744 l’

1763 1774 1867 1825 Sed
1884 1773 2215 1824 distributum
2235 1776 2407 1821 tamen
2426 1769 2598 1818 oleum
2617 1781 2765 1817 more

1697 1851 1906 1915 Graeco,
1942 1865 2034 1900 seu
2076 1847 2371 1899 urbanitate
2416 1852 2474 1896 et
2513 1845 2770 1896 comitate

1695 1929 1902 1979 Graeca.
1985 1928 2063 1977 Ut
2102 1926 2230 1977 nihil
2270 1926 2336 1978 de
2387 1924 2492 1974 ritu
2541 1922 2768 1973 Graeciae

1693 2007 2045 2068 omitteretur,
2076 2004 2174 2054 nisi
2197 2002 2333 2069 quod
2370 2008 2522 2065 turpe
2546 2007 2602 2049 et
2626 1999 2769 2048 inho-

1691 2090 1894 2132 nestum
1917 2080 2261 2132 severioribus
2285 2077 2532 2128 Romanis
2550 2076 2768 2126 videba‘·

1693 2167 1796 2210 tur.
2417 2168 2421 2173 ’

1756 2235 1896 2286 Puto
1919 2234 2097 2299 igitur,
2118 2231 2437 2283 liberalitate
2462 2231 2691 2287 honesta
2712 2235 2768 2281 et

1690 2314 1742 2362 in
1761 2312 1950 2362 bonum
1975 2327 2141 2374 usum,
2163 2312 2331 2360 oleum
2357 2308 2483 2357 illud
2519 2307 2768 2357 distribu-

1692 2396 1801 2439 tum
1826 2403 1940 2438 esse
1961 2403 1976 2449 3
2011 2395 2067 2437 et
2090 2397 2231 2437 certe
2257 2385 2307 2433 in
2342 2383 2447 2434 fine
2470 2384 2656 2433 talium
2690 2384 2765 2433 lu-

1692 2465 1872 2516 dorum
1919 2464 2068 2515 addit
2109 2462 2319 2515 Tacitus
2356 2476 2550 2526 supra:
2596 2464 2612 2491 ‘
2641 2475 2765 2512 sane

1691 2542 1833 2592 nullo
1855 2542 2040 2605 insigni
2060 2540 2521 2591 dehonestamento
2543 2538 2599 2589 id
2617 2552 2763 2603 spec·

1692 2619 1921 2668 taculum
1944 2615 2181 2667 transiit!

1753 2693 1779 2728 ¹>
1816 2694 1991 2744 (ἔνατα
2012 2691 2286 2756 facilitate]
2353 2692 2471 2742 Jam
2517 2690 2761 2753 diximus,

1692 2772 1956 2823 Neronem
1991 2769 2370 2836 quinquennale
2404 2767 2667 2817 ludicrum
2690 2768 2764 2817 iu-

1690 2849 1920 2900 stituisse
1952 2848 2018 2898 ad
2053 2846 2264 2898 modum
2299 2845 2477 2896 Graeci
2518 2846 2766 2895 certami-

1687 2928 1785 2978 nis.
1853 2926 2041 2992 Itaque
2065 2925 2274 2975 athletae
2297 2924 2419 2974 nudi
2442 2923 2769 2973 exerceban-

1689 3011 1794 3068 tur,
1819 3012 1874 3054 et
1913 2993 2197 3064 ceromate,
2234 3001 2288 3050 id
2321 2999 2419 3063 e‘st,
2442 3000 2559 3050 oleo
2584 3007 2763 3049 cerato

1687 3091 1740 3133 et
1759 3082 1979 3147 pulvere
2006 3078 2465 3145 perfundebantur,
2498 3085 2559 3126 ut
2579 3092 2767 3140 corpo-

1685 3174 1744 3209 ra
1760 3158 1947 3208 sudore
1965 3165 2022 3207 et
2036 3163 2296 3207 ceromate
2317 3155 2534 3214 lubrica,
2556 3161 2764 3203 mutuas

1683 3235 1991 3286 luctantium
2014 3233 2381 3298 prehensioues
2398 3229 2765 3281 admitterent.

1688 3314 2035 3378 Metamorph.
2069 3312 2291 3363 Ovidius
2314 3323 2394 3359 ιι.
2440 3310 2456 3338 ‘
2482 3309 2583 3358 llle
2619 3309 2763 3359 cavis

1686 3393 1873 3442 hausto
1919 3389 2120 3454 spargit
2153 3403 2237 3439 me
2277 3387 2489 3452 pulvere
2534 3384 2764 3450 palmis-⁹

1687 3467 1968 3532 Virgilius:
2000 3467 2015 3493 ‘
2038 3467 2308 3532 Exercent:⁰
2326 3464 2526 3527 patrias
2546 3464 2668 3514 oleo
2693 3464 2765 3512 la-

1689 3544 1848 3595 bente
1872 3544 2145 3608 palaestras
2170 3539 2371 3592 Nudati
2397 3539 2563 3590 socii!

1758 3620 1958 3679 Plinius
1973 3619 2173 3683 scribit,
2196 3617 2411 3667 Graecos
2433 3616 2667 3667 omnium
2691 3616 2766 3665 vi-

1690 3697 1880 3748 tiorum
1915 3698 2193 3761 genitores,
2227 3695 2342 3744 oleo
2386 3694 2438 3742 in
2481 3693 2765 3757 gymnasiis

1931 3779 1987 3823 et
2038 3763 2388 3825 Quintilianus
2432 3769 2764 3833 palaestricos

1690 3850 1921 3913 damnat,
1962 3850 2147 3914 quibus
2196 3862 2315 3912 pars
2356 3846 2481 3897 vitae
2525 3847 2580 3895 in
2627 3848 2765 3910 oleo,

1690 3939 1811 3989 pars
1834 3925 1886 3973 in
1913 3925 2031 3974 vino
2055 3922 2390 3973 consumitur.

1755 3999 1940 4065 Itaque
1978 4002 2053 4049 ait
2080 3998 2313 4060 Tacitus,
2343 3996 2624 4061 praebitum
2657 3999 2763 4049 ole-

1688 4093 1772 4127 um
1798 4077 2077 4142 equitibus,
2104 4074 2450 4135 senatoribus,
2472 4081 2529 4122 ut
2552 4076 2761 4137 *palaes-

1691 4161 1771 4204 tra
1792 4149 2179 4203 exercerentur.
2212 4152 2453 4215 Lupum.
2485 4209 2490 4214 .

1754 4231 2010 4280 Romanos
2051 4229 2355 4284 Graecorum
2391 4240 2565 4276 mores
2586 4238 2760 4291 asper-

1686 4312 1855 4374 natos,
1885 4311 2094 4358 constat
2130 4320 2196 4356 ex
2235 4303 2383 4355 Livio
2411 4302 2503 4354 lib.
2552 4313 2756 4355 xxxvi.
