<?xml version="1.0" encoding="UTF-8"?>
<!DOCTYPE html PUBLIC "-//W3C//DTD XHTML 1.0 Transitional//EN"
    "http://www.w3.org/TR/xhtml1/DTD/xhtml1-transitional.dtd">
<html xmlns="http://www.w3.org/1999/xhtml" xml:lang="en" lang="en">
 <head>
  <title>
</title>
<meta http-equiv="Content-Type" content="text/html;charset=utf-8" />
  <meta name='ocr-system' content='tesseract 3.04.00' />
  <meta name='ocr-capabilities' content='ocr_page ocr_carea ocr_par ocr_line ocrx_word'/>
</head>
<body>
  <div class='ocr_page' id='page_1' title='image "./operaomniavolum00tacigoog_0024.png"; bbox 0 0 3063 4952; ppageno 0'>
   <div class='ocr_carea' id='block_1_1' title="bbox 451 419 625 489">
    <p class='ocr_par' dir='ltr' id='par_1_1' title="bbox 451 419 625 489">
     <span class='ocr_line' id='line_1_1' title="bbox 451 419 625 489; baseline 0.006 -1"><span class='ocrx_word' id='word_1_1' title='bbox 451 419 625 489; x_wconf 81' lang='lat'>1398</span> 
     </span>
    </p>
   </div>
   <div class='ocr_carea' id='block_1_2' title="bbox 1184 433 1977 495">
    <p class='ocr_par' dir='ltr' id='par_1_2' title="bbox 1184 433 1977 495">
     <span class='ocr_line' id='line_1_2' title="bbox 1184 433 1977 495; baseline -0.005 -11"><span class='ocrx_word' id='word_1_2' title='bbox 1184 437 1249 484; x_wconf 82' lang='lat' dir='ltr'><strong>e.</strong></span> <span class='ocrx_word' id='word_1_3' title='bbox 1299 433 1667 484; x_wconf 72' lang='lat' dir='ltr'><strong>coRNnLu</strong></span> <span class='ocrx_word' id='word_1_4' title='bbox 1716 433 1977 495; x_wconf 46' lang='lat' dir='ltr'><strong>&#39;interm</strong></span> 
     </span>
    </p>
   </div>
   <div class='ocr_carea' id='block_1_3' title="bbox 2363 436 2681 502">
    <p class='ocr_par' dir='ltr' id='par_1_3' title="bbox 2363 436 2681 502">
     <span class='ocr_line' id='line_1_3' title="bbox 2363 436 2681 502; baseline 0.006 -15"><span class='ocrx_word' id='word_1_5' title='bbox 2363 436 2453 502; x_wconf 84' lang='lat' dir='ltr'><strong>[A.</strong></span> <span class='ocrx_word' id='word_1_6' title='bbox 2476 439 2542 490; x_wconf 79' lang='lat' dir='ltr'><strong>n.</strong></span> <span class='ocrx_word' id='word_1_7' title='bbox 2564 442 2681 489; x_wconf 73' lang='lat' dir='ltr'><strong>soe.</strong></span> 
     </span>
    </p>
   </div>
   <div class='ocr_carea' id='block_1_4' title="bbox 541 596 2673 696">
    <p class='ocr_par' dir='ltr' id='par_1_4' title="bbox 541 596 2673 696">
     <span class='ocr_line' id='line_1_4' title="bbox 541 596 2673 696; baseline 0 -18"><span class='ocrx_word' id='word_1_8' title='bbox 541 613 605 678; x_wconf 80' lang='lat'><strong>3.</strong></span> <span class='ocrx_word' id='word_1_9' title='bbox 652 612 783 678; x_wconf 87' lang='lat' dir='ltr'><strong>Die</strong></span> <span class='ocrx_word' id='word_1_10' title='bbox 829 609 1078 676; x_wconf 83' lang='lat' dir='ltr'><strong>funeris</strong></span> <span class='ocrx_word' id='word_1_11' title='bbox 1134 596 1589 677; x_wconf 84' lang='lat' dir='ltr'><strong>laudationem</strong></span> <span class='ocrx_word' id='word_1_12' title='bbox 1642 606 1788 696; x_wconf 85' lang='lat' dir='ltr'><strong>ejus</strong></span> <span class='ocrx_word' id='word_1_13' title='bbox 1848 611 2169 696; x_wconf 85' lang='lat' dir='ltr'>Princeps</span> <span class='ocrx_word' id='word_1_14' title='bbox 2224 632 2506 678; x_wconf 87' lang='lat' dir='ltr'><strong>exorsus</strong></span> <span class='ocrx_word' id='word_1_15' title='bbox 2548 619 2673 678; x_wconf 86' lang='lat' dir='ltr'><strong>est.</strong></span> 
     </span>
    </p>
   </div>
   <div class='ocr_carea' id='block_1_5' title="bbox 522 807 2677 880">
    <p class='ocr_par' dir='ltr' id='par_1_5' title="bbox 522 807 2677 880">
     <span class='ocr_line' id='line_1_5' title="bbox 522 807 2677 880; baseline -0.002 -17"><span class='ocrx_word' id='word_1_16' title='bbox 522 813 620 864; x_wconf 83' lang='lat' dir='ltr'><strong>Die</strong></span> <span class='ocrx_word' id='word_1_17' title='bbox 641 815 942 880; x_wconf 77' lang='lat' dir='ltr'><strong><em>exequiarum</em></strong></span> <span class='ocrx_word' id='word_1_18' title='bbox 963 817 1220 866; x_wconf 80' lang='lat' dir='ltr'><strong>orationem</strong></span> <span class='ocrx_word' id='word_1_19' title='bbox 1241 807 1404 865; x_wconf 75' lang='lat' dir='ltr'><strong>habuit</strong></span> <span class='ocrx_word' id='word_1_20' title='bbox 1424 810 1607 878; x_wconf 79' lang='lat' dir='ltr'><strong>Caesar,</strong></span> <span class='ocrx_word' id='word_1_21' title='bbox 1638 827 1731 878; x_wconf 80' lang='lat' dir='ltr'><strong>qua</strong></span> <span class='ocrx_word' id='word_1_22' title='bbox 1755 810 2061 862; x_wconf 88' lang='lat' dir='ltr'><strong>defunctum</strong></span> <span class='ocrx_word' id='word_1_23' title='bbox 2084 810 2356 860; x_wconf 74' lang='lat' dir='ltr'><strong>celebravit.</strong></span> <span class='ocrx_word' id='word_1_24' title='bbox 2426 811 2565 859; x_wconf 81' lang='lat' dir='ltr'><strong>Dum</strong></span> <span class='ocrx_word' id='word_1_25' title='bbox 2583 826 2677 859; x_wconf 88' lang='lat' dir='ltr'><strong>me-</strong></span> 
     </span>
    </p>
   </div>
   <div class='ocr_carea' id='block_1_6' title="bbox 1466 994 1682 1046">
    <p class='ocr_par' dir='ltr' id='par_1_6' title="bbox 1466 994 1682 1046">
     <span class='ocr_line' id='line_1_6' title="bbox 1466 994 1682 1046; baseline -0.014 0"><span class='ocrx_word' id='word_1_26' title='bbox 1466 994 1682 1046; x_wconf 82' lang='lat' dir='ltr'>NOTAE</span> 
     </span>
    </p>
   </div>
   <div class='ocr_carea' id='block_1_7' title="bbox 376 1153 1526 4321">
    <p class='ocr_par' dir='ltr' id='par_1_7' title="bbox 451 1153 1524 1533">
     <span class='ocr_line' id='line_1_7' title="bbox 451 1153 1521 1221; baseline 0.002 -15"><span class='ocrx_word' id='word_1_27' title='bbox 451 1155 542 1207; x_wconf 87' lang='lat' dir='ltr'><strong>Sic</strong></span> <span class='ocrx_word' id='word_1_28' title='bbox 592 1153 936 1209; x_wconf 68' lang='lat' dir='ltr'>sacerdotium</span> <span class='ocrx_word' id='word_1_29' title='bbox 997 1158 1382 1221; x_wconf 82' lang='lat' dir='ltr'><strong>honorabatur3</strong></span> <span class='ocrx_word' id='word_1_30' title='bbox 1449 1158 1521 1208; x_wconf 90' lang='lat' dir='ltr'><strong>sic</strong></span> 
     </span>
     <span class='ocr_line' id='line_1_8' title="bbox 454 1233 1522 1301; baseline 0.004 -20"><span class='ocrx_word' id='word_1_31' title='bbox 454 1233 613 1291; x_wconf 89' lang='lat' dir='ltr'><strong>etiam</strong></span> <span class='ocrx_word' id='word_1_32' title='bbox 638 1233 783 1282; x_wconf 86' lang='lat' dir='ltr'><strong>Livia</strong></span> <span class='ocrx_word' id='word_1_33' title='bbox 813 1233 1092 1297; x_wconf 78' lang='lat' dir='ltr'><strong>decorata3</strong></span> <span class='ocrx_word' id='word_1_34' title='bbox 1127 1236 1201 1284; x_wconf 89' lang='lat' dir='ltr'><strong>sic</strong></span> <span class='ocrx_word' id='word_1_35' title='bbox 1247 1243 1302 1286; x_wconf 89' lang='lat' dir='ltr'><strong>et</strong></span> <span class='ocrx_word' id='word_1_36' title='bbox 1338 1236 1522 1301; x_wconf 83' lang='lat' dir='ltr'><strong>Agrip-</strong></span> 
     </span>
     <span class='ocr_line' id='line_1_9' title="bbox 451 1310 1524 1380; baseline 0.006 -20"><span class='ocrx_word' id='word_1_37' title='bbox 451 1311 596 1377; x_wconf 88' lang='lat' dir='ltr'><strong>pina,</strong></span> <span class='ocrx_word' id='word_1_38' title='bbox 631 1326 733 1360; x_wconf 90' lang='lat' dir='ltr'><strong>non</strong></span> <span class='ocrx_word' id='word_1_39' title='bbox 770 1310 906 1363; x_wconf 86' lang='lat' dir='ltr'><strong>forte</strong></span> <span class='ocrx_word' id='word_1_40' title='bbox 947 1316 1109 1363; x_wconf 89' lang='lat' dir='ltr'><strong>solum</strong></span> <span class='ocrx_word' id='word_1_41' title='bbox 1146 1316 1266 1379; x_wconf 88' lang='lat' dir='ltr'><strong>quia</strong></span> <span class='ocrx_word' id='word_1_42' title='bbox 1288 1316 1524 1380; x_wconf 73' lang='lat' dir='ltr'><strong>Augusta,</strong></span> 
     </span>
     <span class='ocr_line' id='line_1_10' title="bbox 456 1389 1522 1457; baseline 0.002 -17"><span class='ocrx_word' id='word_1_43' title='bbox 456 1389 730 1442; x_wconf 80' lang='lat' dir='ltr'><strong>sedetiam</strong></span> <span class='ocrx_word' id='word_1_44' title='bbox 770 1390 887 1454; x_wconf 91' lang='lat' dir='ltr'><strong>quia</strong></span> <span class='ocrx_word' id='word_1_45' title='bbox 909 1398 1128 1457; x_wconf 87' lang='lat' dir='ltr'><strong>utraque</strong></span> <span class='ocrx_word' id='word_1_46' title='bbox 1160 1393 1420 1457; x_wconf 79' lang='lat' dir='ltr'>sacerdos,</span> <span class='ocrx_word' id='word_1_47' title='bbox 1439 1392 1522 1442; x_wconf 89' lang='lat' dir='ltr'><strong>Li-</strong></span> 
     </span>
     <span class='ocr_line' id='line_1_11' title="bbox 455 1465 1360 1533; baseline 0.003 -18"><span class='ocrx_word' id='word_1_48' title='bbox 455 1467 541 1516; x_wconf 85' lang='lat' dir='ltr'><strong>via</strong></span> <span class='ocrx_word' id='word_1_49' title='bbox 563 1465 808 1532; x_wconf 84' lang='lat' dir='ltr'><strong>Augusti,</strong></span> <span class='ocrx_word' id='word_1_50' title='bbox 830 1467 1121 1533; x_wconf 85' lang='lat' dir='ltr'><strong>Agrippina</strong></span> <span class='ocrx_word' id='word_1_51' title='bbox 1143 1469 1360 1519; x_wconf 83' lang='lat' dir='ltr'>Claudii.</span> 
     </span>
    </p>

    <p class='ocr_par' dir='ltr' id='par_1_8' title="bbox 452 1543 1525 2697">
     <span class='ocr_line' id='line_1_12' title="bbox 521 1543 1523 1611; baseline 0.002 -16"><span class='ocrx_word' id='word_1_52' title='bbox 521 1543 596 1595; x_wconf 91' lang='lat' dir='ltr'><strong>At</strong></span> <span class='ocrx_word' id='word_1_53' title='bbox 633 1545 752 1594; x_wconf 85' lang='lat' dir='ltr'><strong>aliae</strong></span> <span class='ocrx_word' id='word_1_54' title='bbox 776 1544 999 1594; x_wconf 79' lang='lat' dir='ltr'><strong>foemina:</strong></span> <span class='ocrx_word' id='word_1_55' title='bbox 1044 1561 1171 1596; x_wconf 88' lang='lat' dir='ltr'><strong>auro</strong></span> <span class='ocrx_word' id='word_1_56' title='bbox 1211 1553 1268 1597; x_wconf 92' lang='lat' dir='ltr'><strong>et</strong></span> <span class='ocrx_word' id='word_1_57' title='bbox 1308 1546 1523 1611; x_wconf 87' lang='lat' dir='ltr'><strong>gemmis</strong></span> 
     </span>
     <span class='ocr_line' id='line_1_13' title="bbox 454 1623 1523 1687; baseline 0.003 -16"><span class='ocrx_word' id='word_1_58' title='bbox 454 1636 550 1687; x_wconf 86' lang='lat' dir='ltr'><strong>pro</strong></span> <span class='ocrx_word' id='word_1_59' title='bbox 588 1623 775 1673; x_wconf 90' lang='lat' dir='ltr'><strong>lictore</strong></span> <span class='ocrx_word' id='word_1_60' title='bbox 799 1624 1098 1673; x_wconf 85' lang='lat' dir='ltr'><strong>utebantur.</strong></span> <span class='ocrx_word' id='word_1_61' title='bbox 1168 1623 1398 1674; x_wconf 87' lang='lat' dir='ltr'><strong>Ornatus</strong></span> <span class='ocrx_word' id='word_1_62' title='bbox 1436 1625 1523 1675; x_wconf 91' lang='lat' dir='ltr'><strong>ille</strong></span> 
     </span>
     <span class='ocr_line' id='line_1_14' title="bbox 457 1699 1523 1766; baseline 0.004 -18"><span class='ocrx_word' id='word_1_63' title='bbox 457 1699 805 1764; x_wconf 82' lang='lat' dir='ltr'><strong>etsplendor,</strong></span> <span class='ocrx_word' id='word_1_64' title='bbox 844 1700 1131 1764; x_wconf 86' lang='lat' dir='ltr'><strong>majestatis</strong></span> <span class='ocrx_word' id='word_1_65' title='bbox 1163 1703 1295 1766; x_wconf 91' lang='lat' dir='ltr'><strong>loco,</strong></span> <span class='ocrx_word' id='word_1_66' title='bbox 1319 1703 1523 1753; x_wconf 87' lang='lat' dir='ltr'><strong>turbam</strong></span> 
     </span>
     <span class='ocr_line' id='line_1_15' title="bbox 454 1777 1522 1841; baseline 0.003 -15"><span class='ocrx_word' id='word_1_67' title='bbox 454 1777 829 1841; x_wconf 77' lang='lat' dir='ltr'><strong>summovebat,</strong></span> <span class='ocrx_word' id='word_1_68' title='bbox 870 1784 1004 1827; x_wconf 87' lang='lat' dir='ltr'><strong>teste</strong></span> <span class='ocrx_word' id='word_1_69' title='bbox 1048 1779 1186 1828; x_wconf 89' lang='lat' dir='ltr'><strong>Plin.</strong></span> <span class='ocrx_word' id='word_1_70' title='bbox 1237 1780 1271 1829; x_wconf 89' lang='grc' dir='ltr'><strong>Ι.</strong></span> <span class='ocrx_word' id='word_1_71' title='bbox 1317 1789 1402 1829; x_wconf 68' lang='lat'><strong>11.⁴</strong></span> <span class='ocrx_word' id='word_1_72' title='bbox 1439 1785 1522 1831; x_wconf 73' lang='lat'><strong>35.</strong></span> 
     </span>
     <span class='ocr_line' id='line_1_16' title="bbox 455 1853 1524 1921; baseline 0 -16"><span class='ocrx_word' id='word_1_73' title='bbox 455 1857 473 1906; x_wconf 89' lang='lat'><strong>.‘</strong></span> <span class='ocrx_word' id='word_1_74' title='bbox 494 1853 871 1918; x_wconf 87' lang='lat' dir='ltr'><strong>Affectantque</strong></span> <span class='ocrx_word' id='word_1_75' title='bbox 905 1855 1018 1918; x_wconf 88' lang='lat' dir='ltr'><strong>jam</strong></span> <span class='ocrx_word' id='word_1_76' title='bbox 1052 1861 1107 1905; x_wconf 87' lang='lat' dir='ltr'><strong>et</strong></span> <span class='ocrx_word' id='word_1_77' title='bbox 1152 1871 1408 1921; x_wconf 81' lang='lat' dir='ltr'><strong>pauperes</strong></span> <span class='ocrx_word' id='word_1_78' title='bbox 1433 1855 1524 1913; x_wconf 74' lang='lat' dir='ltr'><strong>foe-</strong></span> 
     </span>
     <span class='ocr_line' id='line_1_17' title="bbox 454 1930 1522 1998; baseline 0.006 -18"><span class='ocrx_word' id='word_1_79' title='bbox 454 1930 610 1980; x_wconf 79' lang='lat' dir='ltr'><strong>minae</strong></span> <span class='ocrx_word' id='word_1_80' title='bbox 650 1931 889 1981; x_wconf 85' lang='lat' dir='ltr'><strong>lictorem</strong></span> <span class='ocrx_word' id='word_1_81' title='bbox 940 1933 991 1981; x_wconf 91' lang='lat' dir='ltr'><strong>in</strong></span> <span class='ocrx_word' id='word_1_82' title='bbox 1035 1934 1522 1998; x_wconf 16' lang='lat' dir='ltr'><strong>publicobunionem</strong></span> 
     </span>
     <span class='ocr_line' id='line_1_18' title="bbox 457 2008 1521 2063; baseline 0.008 -8"><span class='ocrx_word' id='word_1_83' title='bbox 457 2021 573 2057; x_wconf 89' lang='lat' dir='ltr'><strong>esse</strong></span> <span class='ocrx_word' id='word_1_84' title='bbox 612 2008 945 2058; x_wconf 65' lang='lat' dir='ltr'><strong>dictitantes!</strong></span> <span class='ocrx_word' id='word_1_85' title='bbox 1013 2011 1087 2060; x_wconf 82' lang='lat' dir='ltr'><strong>At</strong></span> <span class='ocrx_word' id='word_1_86' title='bbox 1120 2010 1255 2061; x_wconf 87' lang='lat' dir='ltr'><strong>infra</strong></span> <span class='ocrx_word' id='word_1_87' title='bbox 1288 2017 1368 2063; x_wconf 87' lang='lat'><strong>18.</strong></span> <span class='ocrx_word' id='word_1_88' title='bbox 1407 2029 1521 2063; x_wconf 86' lang='lat' dir='ltr'><strong>cum</strong></span> 
     </span>
     <span class='ocr_line' id='line_1_19' title="bbox 454 2075 1525 2155; baseline 0.01 -23"><span class='ocrx_word' id='word_1_89' title='bbox 454 2084 691 2134; x_wconf 82' lang='lat' dir='ltr'><strong>excubiae</strong></span> <span class='ocrx_word' id='word_1_90' title='bbox 730 2085 1000 2149; x_wconf 86' lang='lat' dir='ltr'><strong>militares,</strong></span> <span class='ocrx_word' id='word_1_91' title='bbox 1038 2103 1153 2152; x_wconf 81' lang='lat' dir='ltr'><strong>quae</strong></span> <span class='ocrx_word' id='word_1_92' title='bbox 1193 2075 1525 2155; x_wconf 54' lang='lat' dir='ltr'><strong>Agrippinas,</strong></span> 
     </span>
     <span class='ocr_line' id='line_1_20' title="bbox 455 2163 1522 2233; baseline 0.01 -23"><span class='ocrx_word' id='word_1_93' title='bbox 455 2170 516 2211; x_wconf 89' lang='lat' dir='ltr'><strong>ut</strong></span> <span class='ocrx_word' id='word_1_94' title='bbox 558 2163 706 2211; x_wconf 88' lang='lat' dir='ltr'><strong>uxori</strong></span> <span class='ocrx_word' id='word_1_95' title='bbox 745 2171 799 2213; x_wconf 89' lang='lat' dir='ltr'><strong>et</strong></span> <span class='ocrx_word' id='word_1_96' title='bbox 839 2165 994 2214; x_wconf 88' lang='lat' dir='ltr'><strong>matri</strong></span> <span class='ocrx_word' id='word_1_97' title='bbox 1037 2166 1306 2233; x_wconf 84' lang='lat' dir='ltr'><strong>principis,</strong></span> <span class='ocrx_word' id='word_1_98' title='bbox 1330 2170 1522 2221; x_wconf 84' lang='lat' dir='ltr'><strong>additae</strong></span> 
     </span>
     <span class='ocr_line' id='line_1_21' title="bbox 455 2241 1523 2315; baseline 0.01 -26"><span class='ocrx_word' id='word_1_99' title='bbox 455 2249 623 2304; x_wconf 86' lang='lat' dir='ltr'><strong>erant,</strong></span> <span class='ocrx_word' id='word_1_100' title='bbox 663 2241 1020 2308; x_wconf 81' lang='lat' dir='ltr'><strong>Germanique</strong></span> <span class='ocrx_word' id='word_1_101' title='bbox 1065 2246 1222 2296; x_wconf 87' lang='lat' dir='ltr'><strong>etiam</strong></span> <span class='ocrx_word' id='word_1_102' title='bbox 1265 2250 1523 2315; x_wconf 82' lang='lat' dir='ltr'><strong>custodes,</strong></span> 
     </span>
     <span class='ocr_line' id='line_1_22' title="bbox 455 2317 1524 2394; baseline 0.012 -28"><span class='ocrx_word' id='word_1_103' title='bbox 455 2317 654 2382; x_wconf 75' lang='lat' dir='ltr'>digredi</span> <span class='ocrx_word' id='word_1_104' title='bbox 665 2319 918 2383; x_wconf 84' lang='lat' dir='ltr'><strong>jubentur</strong></span> <span class='ocrx_word' id='word_1_105' title='bbox 935 2336 966 2370; x_wconf 91' lang='lat' dir='ltr'><strong>a</strong></span> <span class='ocrx_word' id='word_1_106' title='bbox 984 2320 1524 2394; x_wconf 80' lang='lat' dir='ltr'><strong>foribusAgrippinae,</strong></span> 
     </span>
     <span class='ocr_line' id='line_1_23' title="bbox 455 2395 1523 2466; baseline 0.014 -25"><span class='ocrx_word' id='word_1_107' title='bbox 455 2401 566 2442; x_wconf 90' lang='lat' dir='ltr'><strong>tum</strong></span> <span class='ocrx_word' id='word_1_108' title='bbox 601 2401 774 2454; x_wconf 86' lang='lat' dir='ltr'><strong>tamen</strong></span> <span class='ocrx_word' id='word_1_109' title='bbox 814 2395 905 2446; x_wconf 85' lang='lat' dir='ltr'><strong>hos</strong></span> <span class='ocrx_word' id='word_1_110' title='bbox 945 2398 1158 2451; x_wconf 82' lang='lat' dir='ltr'><strong>lictores</strong></span> <span class='ocrx_word' id='word_1_111' title='bbox 1194 2402 1298 2466; x_wconf 88' lang='lat' dir='ltr'><strong>ipsi</strong></span> <span class='ocrx_word' id='word_1_112' title='bbox 1321 2403 1523 2456; x_wconf 88' lang='lat' dir='ltr'><strong>ablatos</strong></span> 
     </span>
     <span class='ocr_line' id='line_1_24' title="bbox 453 2473 1524 2549; baseline 0.014 -29"><span class='ocrx_word' id='word_1_113' title='bbox 453 2486 584 2536; x_wconf 80' lang='lat' dir='ltr'><strong>esse,</strong></span> <span class='ocrx_word' id='word_1_114' title='bbox 628 2487 731 2523; x_wconf 90' lang='lat' dir='ltr'><strong>non</strong></span> <span class='ocrx_word' id='word_1_115' title='bbox 776 2473 906 2525; x_wconf 90' lang='lat' dir='ltr'><strong>dicit</strong></span> <span class='ocrx_word' id='word_1_116' title='bbox 955 2476 1205 2529; x_wconf 55' lang='lat' dir='ltr'><strong>Tacitus„</strong></span> <span class='ocrx_word' id='word_1_117' title='bbox 1249 2480 1354 2544; x_wconf 79' lang='lat' dir='ltr'><strong>Sed</strong></span> <span class='ocrx_word' id='word_1_118' title='bbox 1400 2484 1524 2549; x_wconf 88' lang='lat' dir='ltr'><strong>quid</strong></span> 
     </span>
     <span class='ocr_line' id='line_1_25' title="bbox 455 2548 1524 2625; baseline 0.014 -28"><span class='ocrx_word' id='word_1_119' title='bbox 455 2548 558 2598; x_wconf 85' lang='lat' dir='ltr'><strong>duo</strong></span> <span class='ocrx_word' id='word_1_120' title='bbox 580 2550 943 2606; x_wconf 85' lang='lat' dir='ltr'><strong>homunciones</strong></span> <span class='ocrx_word' id='word_1_121' title='bbox 982 2559 1145 2606; x_wconf 81' lang='lat' dir='ltr'><strong>tantae</strong></span> <span class='ocrx_word' id='word_1_122' title='bbox 1181 2549 1397 2625; x_wconf 78' lang='lat' dir='ltr'><strong>reginae,</strong></span> <span class='ocrx_word' id='word_1_123' title='bbox 1427 2562 1524 2613; x_wconf 88' lang='lat' dir='ltr'><strong>nisi</strong></span> 
     </span>
     <span class='ocr_line' id='line_1_26' title="bbox 452 2628 1327 2697; baseline 0.011 -22"><span class='ocrx_word' id='word_1_124' title='bbox 452 2634 511 2676; x_wconf 90' lang='lat' dir='ltr'><strong>ut</strong></span> <span class='ocrx_word' id='word_1_125' title='bbox 533 2628 797 2679; x_wconf 86' lang='lat' dir='ltr'><strong>calamitas</strong></span> <span class='ocrx_word' id='word_1_126' title='bbox 820 2631 985 2695; x_wconf 87' lang='lat' dir='ltr'><strong>major</strong></span> <span class='ocrx_word' id='word_1_127' title='bbox 1011 2636 1327 2697; x_wconf 76' lang='lat' dir='ltr'><strong>appareret?</strong></span> 
     </span>
    </p>

    <p class='ocr_par' dir='ltr' id='par_1_9' title="bbox 392 2703 1526 3776">
     <span class='ocr_line' id='line_1_27' title="bbox 521 2703 1522 2776; baseline 0.013 -23"><span class='ocrx_word' id='word_1_128' title='bbox 521 2703 544 2737; x_wconf 79' lang='lat'><strong>¹¹</strong></span> <span class='ocrx_word' id='word_1_129' title='bbox 592 2707 867 2757; x_wconf 80' lang='lat' dir='ltr'><strong>Censorium</strong></span> <span class='ocrx_word' id='word_1_130' title='bbox 891 2708 1068 2776; x_wconf 76' lang='lat' dir='ltr'><strong>funus]</strong></span> <span class='ocrx_word' id='word_1_131' title='bbox 1150 2710 1300 2762; x_wconf 86' lang='lat' dir='ltr'><strong>Idem</strong></span> <span class='ocrx_word' id='word_1_132' title='bbox 1337 2721 1420 2764; x_wconf 83' lang='lat' dir='ltr'><strong>est</strong></span> <span class='ocrx_word' id='word_1_133' title='bbox 1460 2731 1522 2766; x_wconf 89' lang='lat' dir='ltr'><strong>ac</strong></span> 
     </span>
     <span class='ocr_line' id='line_1_28' title="bbox 443 2783 1523 2855; baseline 0.012 -25"><span class='ocrx_word' id='word_1_134' title='bbox 443 2783 598 2843; x_wconf 76' lang='lat' dir='ltr'><strong>funus</strong></span> <span class='ocrx_word' id='word_1_135' title='bbox 623 2786 901 2851; x_wconf 77' lang='lat' dir='ltr'><strong>principale,</strong></span> <span class='ocrx_word' id='word_1_136' title='bbox 940 2795 998 2837; x_wconf 92' lang='lat' dir='ltr'><strong>ut</strong></span> <span class='ocrx_word' id='word_1_137' title='bbox 1020 2795 1169 2853; x_wconf 84' lang='lat' dir='ltr'><strong>puto,</strong></span> <span class='ocrx_word' id='word_1_138' title='bbox 1193 2791 1314 2855; x_wconf 87' lang='lat' dir='ltr'><strong>quia</strong></span> <span class='ocrx_word' id='word_1_139' title='bbox 1337 2807 1523 2843; x_wconf 80' lang='lat' dir='ltr'><strong>censor</strong></span> 
     </span>
     <span class='ocr_line' id='line_1_29' title="bbox 392 2860 1522 2931; baseline 0.013 -26"><span class='ocrx_word' id='word_1_140' title='bbox 392 2880 407 2890; x_wconf 57' lang='lat'><strong>⁴&gt;</strong></span> <span class='ocrx_word' id='word_1_141' title='bbox 454 2860 698 2925; x_wconf 84' lang='lat' dir='ltr'><strong>princeps</strong></span> <span class='ocrx_word' id='word_1_142' title='bbox 745 2869 972 2927; x_wconf 86' lang='lat' dir='ltr'><strong>senatus,</strong></span> <span class='ocrx_word' id='word_1_143' title='bbox 1017 2876 1074 2915; x_wconf 90' lang='lat' dir='ltr'><strong>et</strong></span> <span class='ocrx_word' id='word_1_144' title='bbox 1115 2881 1275 2931; x_wconf 85' lang='lat' dir='ltr'><strong>supra</strong></span> <span class='ocrx_word' id='word_1_145' title='bbox 1317 2875 1522 2920; x_wconf 88' lang='lat' dir='ltr'><strong>ceteros</strong></span> 
     </span>
     <span class='ocr_line' id='line_1_30' title="bbox 451 2936 1523 3012; baseline 0.014 -28"><span class='ocrx_word' id='word_1_146' title='bbox 451 2936 595 3012; x_wconf 81' lang='lat' dir='ltr'><strong>cives</strong></span> <span class='ocrx_word' id='word_1_147' title='bbox 634 2944 688 2988; x_wconf 90' lang='lat' dir='ltr'><strong>et</strong></span> <span class='ocrx_word' id='word_1_148' title='bbox 707 2938 846 3002; x_wconf 88' lang='lat' dir='ltr'><strong>ipsos</strong></span> <span class='ocrx_word' id='word_1_149' title='bbox 866 2949 1041 3006; x_wconf 83' lang='lat' dir='ltr'><strong>patres</strong></span> <span class='ocrx_word' id='word_1_150' title='bbox 1061 2944 1337 3006; x_wconf 88' lang='lat' dir='ltr'><strong>eminebat.</strong></span> <span class='ocrx_word' id='word_1_151' title='bbox 1383 2948 1523 2999; x_wconf 91' lang='lat' dir='ltr'><strong>Hinc</strong></span> 
     </span>
     <span class='ocr_line' id='line_1_31' title="bbox 450 3014 1523 3089; baseline 0.011 -26"><span class='ocrx_word' id='word_1_152' title='bbox 450 3014 874 3076; x_wconf 55' lang='lat' dir='ltr'><strong>cemoffumfunm</strong></span> <span class='ocrx_word' id='word_1_153' title='bbox 895 3021 1216 3085; x_wconf 69' lang='lat' dir='ltr'><strong>praecipuum</strong></span> <span class='ocrx_word' id='word_1_154' title='bbox 1238 3036 1300 3073; x_wconf 88' lang='lat' dir='ltr'><strong>ac</strong></span> <span class='ocrx_word' id='word_1_155' title='bbox 1314 3026 1523 3089; x_wconf 78' lang='lat' dir='ltr'><strong>‚magni-</strong></span> 
     </span>
     <span class='ocr_line' id='line_1_32' title="bbox 450 3089 1521 3164; baseline 0.012 -25"><span class='ocrx_word' id='word_1_156' title='bbox 450 3089 837 3143; x_wconf 82' lang='lat' dir='ltr'><strong>ficentissimum</strong></span> <span class='ocrx_word' id='word_1_157' title='bbox 862 3093 979 3147; x_wconf 84' lang='lat' dir='ltr'><strong>fuit.</strong></span> <span class='ocrx_word' id='word_1_158' title='bbox 1045 3096 1281 3162; x_wconf 82' lang='lat' dir='ltr'><strong>Ideoque</strong></span> <span class='ocrx_word' id='word_1_159' title='bbox 1303 3106 1359 3149; x_wconf 90' lang='lat' dir='ltr'><strong>et</strong></span> <span class='ocrx_word' id='word_1_160' title='bbox 1382 3102 1521 3164; x_wconf 84' lang='lat' dir='ltr'><strong>prin-</strong></span> 
     </span>
     <span class='ocr_line' id='line_1_33' title="bbox 448 3168 1521 3244; baseline 0.01 -26"><span class='ocrx_word' id='word_1_161' title='bbox 448 3168 555 3232; x_wconf 85' lang='lat' dir='ltr'><strong>cipi</strong></span> <span class='ocrx_word' id='word_1_162' title='bbox 571 3169 876 3234; x_wconf 82' lang='lat' dir='ltr'><strong>exhibitum,</strong></span> <span class='ocrx_word' id='word_1_163' title='bbox 889 3187 1075 3237; x_wconf 87' lang='lat' dir='ltr'><strong>nempe</strong></span> <span class='ocrx_word' id='word_1_164' title='bbox 1090 3175 1212 3239; x_wconf 87' lang='lat' dir='ltr'><strong>quia</strong></span> <span class='ocrx_word' id='word_1_165' title='bbox 1224 3178 1521 3244; x_wconf 84' lang='lat' dir='ltr'><strong>maximum,</strong></span> 
     </span>
     <span class='ocr_line' id='line_1_34' title="bbox 452 3246 1520 3306; baseline 0.013 -13"><span class='ocrx_word' id='word_1_166' title='bbox 452 3252 508 3293; x_wconf 88' lang='lat' dir='ltr'><strong>et</strong></span> <span class='ocrx_word' id='word_1_167' title='bbox 564 3246 798 3297; x_wconf 88' lang='lat' dir='ltr'><strong>omnibus</strong></span> <span class='ocrx_word' id='word_1_168' title='bbox 846 3249 1126 3301; x_wconf 83' lang='lat' dir='ltr'><strong>honoribus</strong></span> <span class='ocrx_word' id='word_1_169' title='bbox 1182 3256 1520 3306; x_wconf 87' lang='lat' dir='ltr'><strong>cumulatissi-</strong></span> 
     </span>
     <span class='ocr_line' id='line_1_35' title="bbox 451 3336 1457 3382; baseline 0.012 -12"><span class='ocrx_word' id='word_1_170' title='bbox 451 3336 609 3373; x_wconf 88' lang='lat' dir='ltr'><strong>mum.</strong></span> <span class='ocrx_word' id='word_1_171' title='bbox 1313 3341 1316 3343; x_wconf 73' lang='grc'>’</span> <span class='ocrx_word' id='word_1_172' title='bbox 1452 3377 1457 3382; x_wconf 82' lang='grc'><em>,</em></span> 
     </span>
     <span class='ocr_line' id='line_1_36' title="bbox 458 3400 1525 3473; baseline 0.014 -25"><span class='ocrx_word' id='word_1_173' title='bbox 458 3447 469 3463; x_wconf 24' lang='lat'><strong>¹,</strong></span> <span class='ocrx_word' id='word_1_174' title='bbox 519 3400 764 3467; x_wconf 86' lang='lat' dir='ltr'><strong>Hincque</strong></span> <span class='ocrx_word' id='word_1_175' title='bbox 803 3404 1050 3469; x_wconf 82' lang='lat' dir='ltr'><strong>colligere</strong></span> <span class='ocrx_word' id='word_1_176' title='bbox 1094 3407 1239 3473; x_wconf 90' lang='lat' dir='ltr'><strong>licet,</strong></span> <span class='ocrx_word' id='word_1_177' title='bbox 1265 3412 1525 3463; x_wconf 78' lang='lat' dir='ltr'><strong>censorium</strong></span> 
     </span>
     <span class='ocr_line' id='line_1_37' title="bbox 441 3475 1526 3553; baseline 0.014 -29"><span class='ocrx_word' id='word_1_178' title='bbox 441 3475 596 3535; x_wconf 77' lang='lat' dir='ltr'><strong>funus</strong></span> <span class='ocrx_word' id='word_1_179' title='bbox 637 3477 772 3528; x_wconf 89' lang='lat' dir='ltr'><strong>idem</strong></span> <span class='ocrx_word' id='word_1_180' title='bbox 798 3494 911 3531; x_wconf 87' lang='lat' dir='ltr'><strong>esse</strong></span> <span class='ocrx_word' id='word_1_181' title='bbox 935 3498 996 3532; x_wconf 90' lang='lat' dir='ltr'><strong>ac</strong></span> <span class='ocrx_word' id='word_1_182' title='bbox 1020 3486 1321 3551; x_wconf 84' lang='lat' dir='ltr'><strong>maximum,</strong></span> <span class='ocrx_word' id='word_1_183' title='bbox 1343 3492 1526 3553; x_wconf 82' lang='lat' dir='ltr'><strong>praeci-</strong></span> 
     </span>
     <span class='ocr_line' id='line_1_38' title="bbox 447 3560 1523 3633; baseline 0.016 -30"><span class='ocrx_word' id='word_1_184' title='bbox 447 3571 629 3620; x_wconf 89' lang='lat' dir='ltr'><strong>puum‚</strong></span> <span class='ocrx_word' id='word_1_185' title='bbox 670 3563 725 3607; x_wconf 90' lang='lat' dir='ltr'><strong>et</strong></span> <span class='ocrx_word' id='word_1_186' title='bbox 769 3560 1072 3625; x_wconf 84' lang='lat' dir='ltr'><strong>principalis</strong></span> <span class='ocrx_word' id='word_1_187' title='bbox 1114 3564 1312 3630; x_wconf 73' lang='lat' dir='ltr'><strong>fastigii</strong></span> <span class='ocrx_word' id='word_1_188' title='bbox 1351 3566 1523 3633; x_wconf 88' lang='lat' dir='ltr'><strong>funus,</strong></span> 
     </span>
     <span class='ocr_line' id='line_1_39' title="bbox 451 3638 1524 3712; baseline 0.016 -32"><span class='ocrx_word' id='word_1_189' title='bbox 451 3644 568 3680; x_wconf 90' lang='lat' dir='ltr'><strong>cum</strong></span> <span class='ocrx_word' id='word_1_190' title='bbox 594 3640 651 3695; x_wconf 87' lang='lat' dir='ltr'><strong>et</strong></span> <span class='ocrx_word' id='word_1_191' title='bbox 669 3638 986 3687; x_wconf 87' lang='lat' dir='ltr'><strong>consecratis</strong></span> <span class='ocrx_word' id='word_1_192' title='bbox 1005 3640 1259 3707; x_wconf 88' lang='lat' dir='ltr'><strong>Divisque</strong></span> <span class='ocrx_word' id='word_1_193' title='bbox 1276 3645 1524 3712; x_wconf 87' lang='lat' dir='ltr'><strong>principi-</strong></span> 
     </span>
     <span class='ocr_line' id='line_1_40' title="bbox 451 3708 1193 3776; baseline 0.012 -18"><span class='ocrx_word' id='word_1_194' title='bbox 451 3708 549 3759; x_wconf 91' lang='lat' dir='ltr'><strong>bus</strong></span> <span class='ocrx_word' id='word_1_195' title='bbox 569 3710 854 3764; x_wconf 79' lang='lat' dir='ltr'><strong>tribuatur.</strong></span> <span class='ocrx_word' id='word_1_196' title='bbox 1190 3773 1193 3776; x_wconf 58' lang='grc'><strong>,</strong></span> 
     </span>
    </p>

    <p class='ocr_par' dir='ltr' id='par_1_10' title="bbox 376 3786 1524 4321">
     <span class='ocr_line' id='line_1_41' title="bbox 514 3786 1522 3860; baseline 0.016 -25"><span class='ocrx_word' id='word_1_197' title='bbox 514 3786 622 3837; x_wconf 80' lang='lat' dir='ltr'><strong>¹Et</strong></span> <span class='ocrx_word' id='word_1_198' title='bbox 660 3805 772 3838; x_wconf 83' lang='lat' dir='ltr'><strong>mox</strong></span> <span class='ocrx_word' id='word_1_199' title='bbox 810 3795 1118 3860; x_wconf 80' lang='lat' dir='ltr'><strong>consecratio]</strong></span> <span class='ocrx_word' id='word_1_200' title='bbox 1183 3797 1411 3850; x_wconf 85' lang='lat' dir='ltr'><strong>Videtur</strong></span> <span class='ocrx_word' id='word_1_201' title='bbox 1432 3801 1522 3851; x_wconf 89' lang='lat' dir='ltr'><strong>illa</strong></span> 
     </span>
     <span class='ocr_line' id='line_1_42' title="bbox 448 3865 1522 3931; baseline 0.014 -19"><span class='ocrx_word' id='word_1_202' title='bbox 448 3865 772 3915; x_wconf 86' lang='lat' dir='ltr'><strong>consecratio</strong></span> <span class='ocrx_word' id='word_1_203' title='bbox 848 3872 1175 3931; x_wconf 75' lang='lat' dir='ltr'><strong>praecessisse</strong></span> <span class='ocrx_word' id='word_1_204' title='bbox 1234 3876 1522 3927; x_wconf 78' lang='lat' dir='ltr'><strong>Flaminium</strong></span> 
     </span>
     <span class='ocr_line' id='line_1_43' title="bbox 445 3940 1521 4013; baseline 0.015 -25"><span class='ocrx_word' id='word_1_205' title='bbox 445 3940 574 3990; x_wconf 89' lang='lat' dir='ltr'><strong>illud</strong></span> <span class='ocrx_word' id='word_1_206' title='bbox 604 3943 852 3993; x_wconf 77' lang='lat' dir='ltr'><strong>Claudiale</strong></span> <span class='ocrx_word' id='word_1_207' title='bbox 874 3943 1199 4013; x_wconf 85' lang='lat' dir='ltr'><strong>Agrippinae.</strong></span> <span class='ocrx_word' id='word_1_208' title='bbox 1267 3953 1385 4003; x_wconf 83' lang='lat' dir='ltr'><strong>Quo</strong></span> <span class='ocrx_word' id='word_1_209' title='bbox 1415 3968 1521 4003; x_wconf 89' lang='lat' dir='ltr'><strong>mo-</strong></span> 
     </span>
     <span class='ocr_line' id='line_1_44' title="bbox 447 4017 1521 4082; baseline 0.012 -16"><span class='ocrx_word' id='word_1_210' title='bbox 447 4017 516 4076; x_wconf 83' lang='lat' dir='ltr'><strong>do</strong></span> <span class='ocrx_word' id='word_1_211' title='bbox 553 4019 692 4080; x_wconf 82' lang='lat' dir='ltr'><strong>enim</strong></span> <span class='ocrx_word' id='word_1_212' title='bbox 729 4020 931 4072; x_wconf 81' lang='lat' dir='ltr'><strong>decreti</strong></span> <span class='ocrx_word' id='word_1_213' title='bbox 965 4023 1185 4077; x_wconf 87' lang='lat' dir='ltr'><strong>Claudio</strong></span> <span class='ocrx_word' id='word_1_214' title='bbox 1223 4025 1521 4082; x_wconf 75' lang='lat' dir='ltr'><strong>sacerdotes</strong></span> 
     </span>
     <span class='ocr_line' id='line_1_45' title="bbox 376 4096 1524 4163; baseline 0.01 -20"><span class='ocrx_word' id='word_1_215' title='bbox 376 4139 377 4144; x_wconf 75' lang='grc'>,</span> <span class='ocrx_word' id='word_1_216' title='bbox 448 4099 505 4144; x_wconf 89' lang='lat' dir='ltr'><strong>et</strong></span> <span class='ocrx_word' id='word_1_217' title='bbox 522 4096 848 4160; x_wconf 86' lang='lat' dir='ltr'><strong>sodales,nisi</strong></span> <span class='ocrx_word' id='word_1_218' title='bbox 870 4100 1014 4163; x_wconf 85' lang='lat' dir='ltr'><strong>prius</strong></span> <span class='ocrx_word' id='word_1_219' title='bbox 1034 4102 1087 4152; x_wconf 91' lang='lat' dir='ltr'><strong>in</strong></span> <span class='ocrx_word' id='word_1_220' title='bbox 1098 4104 1331 4153; x_wconf 86' lang='lat' dir='ltr'><strong>Deorum</strong></span> <span class='ocrx_word' id='word_1_221' title='bbox 1350 4119 1524 4154; x_wconf 90' lang='lat' dir='ltr'><strong>nume-</strong></span> 
     </span>
     <span class='ocr_line' id='line_1_46' title="bbox 449 4173 1522 4246; baseline 0.009 -26"><span class='ocrx_word' id='word_1_222' title='bbox 449 4185 565 4221; x_wconf 87' lang='lat' dir='ltr'><strong>rum</strong></span> <span class='ocrx_word' id='word_1_223' title='bbox 588 4173 782 4225; x_wconf 86' lang='lat' dir='ltr'><strong>relatus</strong></span> <span class='ocrx_word' id='word_1_224' title='bbox 817 4177 993 4227; x_wconf 83' lang='lat' dir='ltr'><strong>esset?</strong></span> <span class='ocrx_word' id='word_1_225' title='bbox 1028 4179 1301 4231; x_wconf 83' lang='lat' dir='ltr'><strong>Quomodo</strong></span> <span class='ocrx_word' id='word_1_226' title='bbox 1335 4180 1522 4246; x_wconf 85' lang='lat' dir='ltr'><strong>Agrip-</strong></span> 
     </span>
     <span class='ocr_line' id='line_1_47' title="bbox 448 4247 1523 4321; baseline 0.011 -25"><span class='ocrx_word' id='word_1_227' title='bbox 448 4247 575 4312; x_wconf 83' lang='lat' dir='ltr'><strong>pina</strong></span> <span class='ocrx_word' id='word_1_228' title='bbox 607 4251 848 4304; x_wconf 83' lang='lat' dir='ltr'><strong>sacerdos</strong></span> <span class='ocrx_word' id='word_1_229' title='bbox 881 4268 971 4303; x_wconf 87' lang='lat' dir='ltr'><strong>seu</strong></span> <span class='ocrx_word' id='word_1_230' title='bbox 992 4254 1278 4306; x_wconf 81' lang='lat' dir='ltr'><strong>Flaminica</strong></span> <span class='ocrx_word' id='word_1_231' title='bbox 1300 4257 1523 4321; x_wconf 81' lang='lat' dir='ltr'><strong>Claudii,</strong></span> 
     </span>
    </p>
   </div>
   <div class='ocr_carea' id='block_1_8' title="bbox 446 4326 1527 4402">
    <p class='ocr_par' dir='ltr' id='par_1_11' title="bbox 446 4326 1527 4402">
     <span class='ocr_line' id='line_1_48' title="bbox 446 4326 1527 4402; baseline 0.013 -27"><span class='ocrx_word' id='word_1_232' title='bbox 446 4326 545 4395; x_wconf 79' lang='lat' dir='ltr'><strong>nisi</strong></span> <span class='ocrx_word' id='word_1_233' title='bbox 586 4328 728 4392; x_wconf 87' lang='lat' dir='ltr'><strong>prius</strong></span> <span class='ocrx_word' id='word_1_234' title='bbox 754 4329 1003 4381; x_wconf 87' lang='lat' dir='ltr'><strong>Claudius</strong></span> <span class='ocrx_word' id='word_1_235' title='bbox 1041 4344 1373 4386; x_wconf 85' lang='lat' dir='ltr'><strong>consecratus</strong></span> <span class='ocrx_word' id='word_1_236' title='bbox 1411 4333 1527 4402; x_wconf 12' lang='lat' dir='ltr'><strong>fue-,t</strong></span> 
     </span>
    </p>
   </div>
   <div class='ocr_carea' id='block_1_9' title="bbox 1603 1153 2685 1441">
    <p class='ocr_par' dir='ltr' id='par_1_12' title="bbox 1603 1153 2679 1221">
     <span class='ocr_line' id='line_1_49' title="bbox 1603 1153 2679 1221; baseline -0.004 -14"><span class='ocrx_word' id='word_1_237' title='bbox 1603 1157 1702 1207; x_wconf 88' lang='lat' dir='ltr'><strong>rit?</strong></span> <span class='ocrx_word' id='word_1_238' title='bbox 1734 1164 1984 1220; x_wconf 84' lang='lat' dir='ltr'><strong>attamen,</strong></span> <span class='ocrx_word' id='word_1_239' title='bbox 2003 1161 2152 1221; x_wconf 84' lang='lat' dir='ltr'><strong>puto,</strong></span> <span class='ocrx_word' id='word_1_240' title='bbox 2186 1155 2334 1205; x_wconf 89' lang='lat' dir='ltr'><strong>simul</strong></span> <span class='ocrx_word' id='word_1_241' title='bbox 2367 1154 2580 1205; x_wconf 84' lang='lat' dir='ltr'><strong>decreta</strong></span> <span class='ocrx_word' id='word_1_242' title='bbox 2593 1153 2679 1203; x_wconf 72' lang='lat' dir='ltr'><strong>›fu-</strong></span> 
     </span>
    </p>

    <p class='ocr_par' dir='ltr' id='par_1_13' title="bbox 1603 1232 2685 1298">
     <span class='ocr_line' id='line_1_50' title="bbox 1603 1232 2685 1298; baseline 0 -16"><span class='ocrx_word' id='word_1_243' title='bbox 1603 1233 1701 1284; x_wconf 85' lang='lat' dir='ltr'><strong>isse</strong></span> <span class='ocrx_word' id='word_1_244' title='bbox 1714 1235 1933 1286; x_wconf 88' lang='lat' dir='ltr'><strong>Claudio</strong></span> <span class='ocrx_word' id='word_1_245' title='bbox 1946 1234 2409 1298; x_wconf 79' lang='lat' dir='ltr'><strong>consecrationem,</strong></span> <span class='ocrx_word' id='word_1_246' title='bbox 2420 1239 2475 1283; x_wconf 90' lang='lat' dir='ltr'><strong>et</strong></span> <span class='ocrx_word' id='word_1_247' title='bbox 2488 1232 2685 1298; x_wconf 88' lang='lat' dir='ltr'><strong>Agrip·</strong></span> 
     </span>
    </p>

    <p class='ocr_par' dir='ltr' id='par_1_14' title="bbox 1603 1304 2679 1441">
     <span class='ocr_line' id='line_1_51' title="bbox 1603 1304 2590 1376; baseline 0 -16"><span class='ocrx_word' id='word_1_248' title='bbox 1603 1312 1738 1376; x_wconf 83' lang='lat' dir='ltr'><strong>pinae</strong></span> <span class='ocrx_word' id='word_1_249' title='bbox 1768 1310 2053 1361; x_wconf 81' lang='lat' dir='ltr'><strong>Flaminium</strong></span> <span class='ocrx_word' id='word_1_250' title='bbox 2075 1311 2340 1361; x_wconf 77' lang='lat' dir='ltr'><strong>Claudiale.</strong></span> <span class='ocrx_word' id='word_1_251' title='bbox 2589 1304 2590 1309; x_wconf 34' lang='lat'>¹</span> 
     </span>
     <span class='ocr_line' id='line_1_52' title="bbox 1669 1389 2679 1441; baseline -0.001 0"><span class='ocrx_word' id='word_1_252' title='bbox 1669 1393 1806 1441; x_wconf 86' lang='lat' dir='ltr'><strong>Nam</strong></span> <span class='ocrx_word' id='word_1_253' title='bbox 1840 1392 1963 1440; x_wconf 84' lang='lat' dir='ltr'><strong>Tac.</strong></span> <span class='ocrx_word' id='word_1_254' title='bbox 1999 1391 2141 1440; x_wconf 79' lang='lat' dir='ltr'><strong>simul</strong></span> <span class='ocrx_word' id='word_1_255' title='bbox 2176 1391 2377 1440; x_wconf 80' lang='lat' dir='ltr'><strong>Claudio</strong></span> <span class='ocrx_word' id='word_1_256' title='bbox 2416 1389 2679 1440; x_wconf 77' lang='lat' dir='ltr'><strong>censorium</strong></span> 
     </span>
    </p>
   </div>
   <div class='ocr_carea' id='block_1_10' title="bbox 1498 1466 2682 1532">
    <p class='ocr_par' dir='ltr' id='par_1_15' title="bbox 1498 1466 2682 1532">
     <span class='ocr_line' id='line_1_53' title="bbox 1498 1466 2682 1532; baseline -0.003 -13"><span class='ocrx_word' id='word_1_257' title='bbox 1498 1496 1511 1519; x_wconf 42' lang='lat'><strong>1-</strong></span> <span class='ocrx_word' id='word_1_258' title='bbox 1593 1468 1763 1532; x_wconf 72' lang='lat' dir='ltr'><strong>situas,</strong></span> <span class='ocrx_word' id='word_1_259' title='bbox 1804 1474 1852 1518; x_wconf 80' lang='lat' dir='ltr'><strong>et</strong></span> <span class='ocrx_word' id='word_1_260' title='bbox 1890 1484 2003 1517; x_wconf 83' lang='lat' dir='ltr'><strong>mox</strong></span> <span class='ocrx_word' id='word_1_261' title='bbox 2036 1468 2347 1517; x_wconf 76' lang='lat' dir='ltr'><strong>consecratio.-</strong></span> <span class='ocrx_word' id='word_1_262' title='bbox 2398 1474 2454 1516; x_wconf 89' lang='lat' dir='ltr'><strong>et</strong></span> <span class='ocrx_word' id='word_1_263' title='bbox 2495 1466 2682 1517; x_wconf 81' lang='lat' dir='ltr'><strong>Flami-</strong></span> 
     </span>
    </p>
   </div>
   <div class='ocr_carea' id='block_1_11' title="bbox 1603 1541 2684 2615">
    <p class='ocr_par' dir='ltr' id='par_1_16' title="bbox 1603 1541 2684 2615">
     <span class='ocr_line' id='line_1_54' title="bbox 1603 1541 2677 1607; baseline -0.004 -12"><span class='ocrx_word' id='word_1_264' title='bbox 1603 1546 1742 1595; x_wconf 88' lang='lat' dir='ltr'><strong>nium</strong></span> <span class='ocrx_word' id='word_1_265' title='bbox 1814 1560 1907 1595; x_wconf 89' lang='lat' dir='ltr'><strong>seu</strong></span> <span class='ocrx_word' id='word_1_266' title='bbox 1962 1544 2310 1594; x_wconf 88' lang='lat' dir='ltr'><strong>sacerdotium</strong></span> <span class='ocrx_word' id='word_1_267' title='bbox 2365 1541 2677 1607; x_wconf 76' lang='lat' dir='ltr'><strong>Agrippinae</strong></span> 
     </span>
     <span class='ocr_line' id='line_1_55' title="bbox 1603 1620 2683 1688; baseline -0.006 -14"><span class='ocrx_word' id='word_1_268' title='bbox 1603 1625 1717 1688; x_wconf 89' lang='lat' dir='ltr'><strong>ipse</strong></span> <span class='ocrx_word' id='word_1_269' title='bbox 1740 1623 1884 1687; x_wconf 88' lang='lat' dir='ltr'><strong>prius</strong></span> <span class='ocrx_word' id='word_1_270' title='bbox 1908 1626 2181 1683; x_wconf 88' lang='lat' dir='ltr'><strong>memorat,</strong></span> <span class='ocrx_word' id='word_1_271' title='bbox 2203 1636 2305 1670; x_wconf 92' lang='lat' dir='ltr'><strong>non</strong></span> <span class='ocrx_word' id='word_1_272' title='bbox 2338 1621 2459 1685; x_wconf 88' lang='lat' dir='ltr'><strong>quia</strong></span> <span class='ocrx_word' id='word_1_273' title='bbox 2492 1620 2564 1669; x_wconf 86' lang='lat' dir='ltr'><strong>sic</strong></span> <span class='ocrx_word' id='word_1_274' title='bbox 2605 1635 2683 1669; x_wconf 89' lang='lat' dir='ltr'><strong>or·</strong></span> 
     </span>
     <span class='ocr_line' id='line_1_56' title="bbox 1605 1696 2682 1763; baseline -0.005 -13"><span class='ocrx_word' id='word_1_275' title='bbox 1605 1700 1726 1750; x_wconf 90' lang='lat' dir='ltr'><strong>dine</strong></span> <span class='ocrx_word' id='word_1_276' title='bbox 1759 1713 1840 1750; x_wconf 84' lang='lat' dir='ltr'><strong>res</strong></span> <span class='ocrx_word' id='word_1_277' title='bbox 1876 1705 2022 1763; x_wconf 86' lang='lat' dir='ltr'><strong>gesta</strong></span> <span class='ocrx_word' id='word_1_278' title='bbox 2042 1704 2199 1760; x_wconf 88' lang='lat' dir='ltr'><strong>esset,</strong></span> <span class='ocrx_word' id='word_1_279' title='bbox 2221 1696 2312 1747; x_wconf 83' lang='lat' dir='ltr'><strong>sed</strong></span> <span class='ocrx_word' id='word_1_280' title='bbox 2340 1703 2395 1746; x_wconf 89' lang='lat' dir='ltr'><strong>ut</strong></span> <span class='ocrx_word' id='word_1_281' title='bbox 2420 1712 2536 1761; x_wconf 81' lang='lat' dir='ltr'><strong>quae</strong></span> <span class='ocrx_word' id='word_1_282' title='bbox 2564 1711 2682 1760; x_wconf 90' lang='lat' dir='ltr'><strong>per-</strong></span> 
     </span>
     <span class='ocr_line' id='line_1_57' title="bbox 1612 1774 2681 1840; baseline -0.005 -12"><span class='ocrx_word' id='word_1_283' title='bbox 1612 1779 1843 1828; x_wconf 88' lang='lat' dir='ltr'><strong>tinerent</strong></span> <span class='ocrx_word' id='word_1_284' title='bbox 1890 1777 1955 1825; x_wconf 91' lang='lat' dir='ltr'><strong>ad</strong></span> <span class='ocrx_word' id='word_1_285' title='bbox 1996 1774 2341 1840; x_wconf 85' lang='lat' dir='ltr'><strong>Agrippinam</strong></span> <span class='ocrx_word' id='word_1_286' title='bbox 2384 1775 2533 1827; x_wconf 87' lang='lat' dir='ltr'><strong>simul</strong></span> <span class='ocrx_word' id='word_1_287' title='bbox 2578 1788 2681 1823; x_wconf 86' lang='lat' dir='ltr'><strong>uno</strong></span> 
     </span>
     <span class='ocr_line' id='line_1_58' title="bbox 1613 1853 2681 1917; baseline -0.007 -10"><span class='ocrx_word' id='word_1_288' title='bbox 1613 1862 1863 1907; x_wconf 86' lang='lat' dir='ltr'><strong>contextu</strong></span> <span class='ocrx_word' id='word_1_289' title='bbox 1905 1861 1961 1905; x_wconf 91' lang='lat' dir='ltr'><strong>et</strong></span> <span class='ocrx_word' id='word_1_290' title='bbox 2000 1853 2183 1904; x_wconf 88' lang='lat' dir='ltr'><strong>eadem</strong></span> <span class='ocrx_word' id='word_1_291' title='bbox 2223 1853 2357 1903; x_wconf 89' lang='lat' dir='ltr'><strong>serie</strong></span> <span class='ocrx_word' id='word_1_292' title='bbox 2399 1866 2681 1917; x_wconf 85' lang='lat' dir='ltr'><strong>exequere-</strong></span> 
     </span>
     <span class='ocr_line' id='line_1_59' title="bbox 1615 1942 2368 1985; baseline -0.003 -1"><span class='ocrx_word' id='word_1_293' title='bbox 1615 1942 1715 1985; x_wconf 83' lang='lat' dir='ltr'><strong>tur.</strong></span> <span class='ocrx_word' id='word_1_294' title='bbox 2364 1960 2368 1965; x_wconf 48' lang='lat'><em>⁷</em></span> 
     </span>
     <span class='ocr_line' id='line_1_60' title="bbox 1629 2005 2683 2064; baseline -0.008 0"><span class='ocrx_word' id='word_1_295' title='bbox 1629 2060 1635 2064; x_wconf 93' lang='lat'>.</span> <span class='ocrx_word' id='word_1_296' title='bbox 1677 2009 1828 2060; x_wconf 91' lang='lat' dir='ltr'><strong>Idem</strong></span> <span class='ocrx_word' id='word_1_297' title='bbox 1865 2009 2027 2060; x_wconf 89' lang='lat' dir='ltr'><strong>habet</strong></span> <span class='ocrx_word' id='word_1_298' title='bbox 2061 2009 2203 2059; x_wconf 91' lang='lat' dir='ltr'><strong>Suet.</strong></span> <span class='ocrx_word' id='word_1_299' title='bbox 2232 2007 2363 2058; x_wconf 82' lang='lat' dir='ltr'><strong>Ner.</strong></span> <span class='ocrx_word' id='word_1_300' title='bbox 2385 2011 2434 2057; x_wconf 88' lang='grc'><strong>9.</strong></span> <span class='ocrx_word' id='word_1_301' title='bbox 2457 2010 2471 2034; x_wconf 92' lang='lat'>‘</span> <span class='ocrx_word' id='word_1_302' title='bbox 2516 2005 2683 2056; x_wconf 86' lang='lat' dir='ltr'><strong>Orsus</strong></span> 
     </span>
     <span class='ocr_line' id='line_1_61' title="bbox 1604 2083 2679 2152; baseline -0.004 -15"><span class='ocrx_word' id='word_1_303' title='bbox 1604 2088 1722 2138; x_wconf 88' lang='lat' dir='ltr'><strong>hinc</strong></span> <span class='ocrx_word' id='word_1_304' title='bbox 1744 2104 1774 2138; x_wconf 92' lang='lat' dir='ltr'><strong>a</strong></span> <span class='ocrx_word' id='word_1_305' title='bbox 1792 2087 1999 2152; x_wconf 85' lang='lat' dir='ltr'><strong>pietatis</strong></span> <span class='ocrx_word' id='word_1_306' title='bbox 2017 2087 2388 2147; x_wconf 85' lang='lat' dir='ltr'><strong>ostentatione,</strong></span> <span class='ocrx_word' id='word_1_307' title='bbox 2407 2083 2679 2135; x_wconf 87' lang='lat' dir='ltr'><strong>Claudium</strong></span> 
     </span>
     <span class='ocr_line' id='line_1_62' title="bbox 1607 2162 2684 2230; baseline -0.004 -14"><span class='ocrx_word' id='word_1_308' title='bbox 1607 2166 2000 2230; x_wconf 85' lang='lat' dir='ltr'><strong>apparatissimo</strong></span> <span class='ocrx_word' id='word_1_309' title='bbox 2017 2163 2201 2214; x_wconf 89' lang='lat' dir='ltr'><strong>funere</strong></span> <span class='ocrx_word' id='word_1_310' title='bbox 2219 2164 2413 2214; x_wconf 86' lang='lat' dir='ltr'><strong>elatum</strong></span> <span class='ocrx_word' id='word_1_311' title='bbox 2428 2162 2684 2227; x_wconf 84' lang='lat' dir='ltr'><strong>laudavit,</strong></span> 
     </span>
     <span class='ocr_line' id='line_1_63' title="bbox 1606 2240 2482 2307; baseline -0.003 -14"><span class='ocrx_word' id='word_1_312' title='bbox 1606 2242 2035 2307; x_wconf 83' lang='lat' dir='ltr'><strong>consecravitque</strong></span> <span class='ocrx_word' id='word_1_313' title='bbox 2051 2241 2083 2290; x_wconf 83' lang='lat'><strong>:&#39;</strong></span> <span class='ocrx_word' id='word_1_314' title='bbox 2110 2255 2299 2306; x_wconf 90' lang='lat' dir='ltr'><strong>nempe</strong></span> <span class='ocrx_word' id='word_1_315' title='bbox 2320 2240 2482 2290; x_wconf 83' lang='lat' dir='ltr'><strong>Nero.</strong></span> 
     </span>
     <span class='ocr_line' id='line_1_64' title="bbox 1675 2317 2683 2383; baseline -0.004 -12"><span class='ocrx_word' id='word_1_316' title='bbox 1675 2320 1997 2383; x_wconf 80' lang='lat' dir='ltr'><strong>Consecratio]</strong></span> <span class='ocrx_word' id='word_1_317' title='bbox 2030 2321 2151 2370; x_wconf 88' lang='lat' dir='ltr'><strong>Mos</strong></span> <span class='ocrx_word' id='word_1_318' title='bbox 2175 2319 2260 2368; x_wconf 88' lang='lat' dir='ltr'><strong>ille</strong></span> <span class='ocrx_word' id='word_1_319' title='bbox 2291 2318 2513 2383; x_wconf 89' lang='lat' dir='ltr'><strong>primum</strong></span> <span class='ocrx_word' id='word_1_320' title='bbox 2536 2317 2683 2367; x_wconf 90' lang='lat' dir='ltr'><strong>insti-</strong></span> 
     </span>
     <span class='ocr_line' id='line_1_65' title="bbox 1607 2393 2683 2461; baseline -0.004 -13"><span class='ocrx_word' id='word_1_321' title='bbox 1607 2404 1750 2448; x_wconf 83' lang='lat' dir='ltr'><strong>tutus</strong></span> <span class='ocrx_word' id='word_1_322' title='bbox 1796 2399 1861 2448; x_wconf 87' lang='lat' dir='ltr'><strong>ab</strong></span> <span class='ocrx_word' id='word_1_323' title='bbox 1900 2397 2159 2461; x_wconf 87' lang='lat' dir='ltr'><strong>Augusto,</strong></span> <span class='ocrx_word' id='word_1_324' title='bbox 2189 2411 2313 2460; x_wconf 70' lang='lat' dir='ltr'><strong>⁷quo</strong></span> <span class='ocrx_word' id='word_1_325' title='bbox 2353 2393 2683 2445; x_wconf 85' lang='lat' dir='ltr'><strong>consecravit</strong></span> 
     </span>
     <span class='ocr_line' id='line_1_66' title="bbox 1604 2471 2678 2542; baseline -0.005 -15"><span class='ocrx_word' id='word_1_326' title='bbox 1604 2476 1818 2542; x_wconf 85' lang='lat' dir='ltr'><strong>Jnlium,</strong></span> <span class='ocrx_word' id='word_1_327' title='bbox 1834 2474 1955 2525; x_wconf 89' lang='lat' dir='ltr'><strong>dein</strong></span> <span class='ocrx_word' id='word_1_328' title='bbox 1977 2473 2217 2524; x_wconf 86' lang='lat' dir='ltr'><strong>Tiberius</strong></span> <span class='ocrx_word' id='word_1_329' title='bbox 2240 2471 2554 2537; x_wconf 86' lang='lat' dir='ltr'><strong>Augustum.</strong></span> <span class='ocrx_word' id='word_1_330' title='bbox 2589 2473 2678 2523; x_wconf 90' lang='lat' dir='ltr'><strong>De</strong></span> 
     </span>
     <span class='ocr_line' id='line_1_67' title="bbox 1606 2550 2683 2615; baseline -0.005 -11"><span class='ocrx_word' id='word_1_331' title='bbox 1606 2552 2002 2610; x_wconf 83' lang='lat' dir='ltr'><strong>consecratione</strong></span> <span class='ocrx_word' id='word_1_332' title='bbox 2021 2550 2244 2615; x_wconf 81' lang='lat' dir='ltr'><strong>Augusti</strong></span> <span class='ocrx_word' id='word_1_333' title='bbox 2257 2551 2340 2608; x_wconf 48' lang='lat' dir='ltr'><strong>‚sic</strong></span> <span class='ocrx_word' id='word_1_334' title='bbox 2358 2550 2491 2600; x_wconf 90' lang='lat' dir='ltr'><strong>Dio:</strong></span> <span class='ocrx_word' id='word_1_335' title='bbox 2515 2552 2530 2578; x_wconf 90' lang='lat'>‘</span> <span class='ocrx_word' id='word_1_336' title='bbox 2551 2550 2683 2601; x_wconf 89' lang='lat' dir='ltr'><strong>Erat</strong></span> 
     </span>
    </p>
   </div>
   <div class='ocr_carea' id='block_1_12' title="bbox 1512 2626 2683 2691">
    <p class='ocr_par' dir='ltr' id='par_1_17' title="bbox 1512 2626 2683 2691">
     <span class='ocr_line' id='line_1_68' title="bbox 1512 2626 2683 2691; baseline -0.004 -10"><span class='ocrx_word' id='word_1_337' title='bbox 1512 2683 1515 2686; x_wconf 78' lang='grc'><strong>,</strong></span> <span class='ocrx_word' id='word_1_338' title='bbox 1606 2632 1775 2681; x_wconf 88' lang='lat' dir='ltr'><strong>lectus</strong></span> <span class='ocrx_word' id='word_1_339' title='bbox 1799 2645 1865 2679; x_wconf 82' lang='lat' dir='ltr'><strong>ex</strong></span> <span class='ocrx_word' id='word_1_340' title='bbox 1890 2630 2050 2681; x_wconf 86' lang='lat' dir='ltr'><strong>ebore</strong></span> <span class='ocrx_word' id='word_1_341' title='bbox 2089 2634 2144 2679; x_wconf 91' lang='lat' dir='ltr'><strong>et</strong></span> <span class='ocrx_word' id='word_1_342' title='bbox 2176 2643 2299 2678; x_wconf 86' lang='lat' dir='ltr'><strong>auro</strong></span> <span class='ocrx_word' id='word_1_343' title='bbox 2324 2626 2531 2688; x_wconf 83' lang='lat' dir='ltr'><strong>factus3</strong></span> <span class='ocrx_word' id='word_1_344' title='bbox 2567 2627 2683 2691; x_wconf 87' lang='lat' dir='ltr'><strong>ejus</strong></span> 
     </span>
    </p>
   </div>
   <div class='ocr_carea' id='block_1_13' title="bbox 1603 2706 2683 2774">
    <p class='ocr_par' dir='ltr' id='par_1_18' title="bbox 1603 2706 2683 2774">
     <span class='ocr_line' id='line_1_69' title="bbox 1603 2706 2683 2774; baseline -0.003 -15"><span class='ocrx_word' id='word_1_345' title='bbox 1603 2724 1792 2774; x_wconf 86' lang='lat' dir='ltr'><strong>corpus</strong></span> <span class='ocrx_word' id='word_1_346' title='bbox 1810 2708 2030 2773; x_wconf 89' lang='lat' dir='ltr'><strong>jacebat</strong></span> <span class='ocrx_word' id='word_1_347' title='bbox 2051 2708 2330 2758; x_wconf 87' lang='lat' dir='ltr'><strong>occultum.</strong></span> <span class='ocrx_word' id='word_1_348' title='bbox 2397 2706 2539 2756; x_wconf 88' lang='lat' dir='ltr'><strong>Ante</strong></span> <span class='ocrx_word' id='word_1_349' title='bbox 2576 2721 2683 2756; x_wconf 89' lang='lat' dir='ltr'><strong>om-</strong></span> 
     </span>
    </p>
   </div>
   <div class='ocr_carea' id='block_1_14' title="bbox 1579 2784 2681 2849">
    <p class='ocr_par' dir='ltr' id='par_1_19' title="bbox 1579 2784 2681 2849">
     <span class='ocr_line' id='line_1_70' title="bbox 1579 2784 2681 2849; baseline -0.005 -11"><span class='ocrx_word' id='word_1_350' title='bbox 1579 2787 1693 2839; x_wconf 83' lang='lat' dir='ltr'><strong>&#39;nia</strong></span> <span class='ocrx_word' id='word_1_351' title='bbox 1732 2792 1909 2836; x_wconf 87' lang='lat' dir='ltr'><strong>statua</strong></span> <span class='ocrx_word' id='word_1_352' title='bbox 1949 2786 2063 2849; x_wconf 83' lang='lat' dir='ltr'><strong>ejus</strong></span> <span class='ocrx_word' id='word_1_353' title='bbox 2103 2800 2261 2835; x_wconf 89' lang='lat' dir='ltr'><strong>cerea</strong></span> <span class='ocrx_word' id='word_1_354' title='bbox 2285 2784 2478 2835; x_wconf 83' lang='lat' dir='ltr'><strong>vestitu</strong></span> <span class='ocrx_word' id='word_1_355' title='bbox 2503 2784 2681 2833; x_wconf 89' lang='lat' dir='ltr'><strong>trium-</strong></span> 
     </span>
    </p>
   </div>
   <div class='ocr_carea' id='block_1_15' title="bbox 1600 2860 2684 4320">
    <p class='ocr_par' dir='ltr' id='par_1_20' title="bbox 1603 2860 2684 3612">
     <span class='ocr_line' id='line_1_71' title="bbox 1603 2860 2682 2931; baseline -0.002 -18"><span class='ocrx_word' id='word_1_356' title='bbox 1603 2863 1744 2929; x_wconf 84' lang='lat' dir='ltr'><strong>phali</strong></span> <span class='ocrx_word' id='word_1_357' title='bbox 1768 2862 2068 2927; x_wconf 83' lang='lat' dir='ltr'><strong>videbatur,</strong></span> <span class='ocrx_word' id='word_1_358' title='bbox 2103 2876 2266 2931; x_wconf 88' lang='lat' dir='ltr'><strong>eaque</strong></span> <span class='ocrx_word' id='word_1_359' title='bbox 2290 2878 2357 2912; x_wconf 86' lang='lat' dir='ltr'><strong>ex</strong></span> <span class='ocrx_word' id='word_1_360' title='bbox 2389 2861 2582 2927; x_wconf 85' lang='lat' dir='ltr'><strong>palatio</strong></span> <span class='ocrx_word' id='word_1_361' title='bbox 2605 2860 2682 2911; x_wconf 84' lang='lat' dir='ltr'><strong>fe·</strong></span> 
     </span>
     <span class='ocr_line' id='line_1_72' title="bbox 1605 2939 2682 3005; baseline -0.002 -15"><span class='ocrx_word' id='word_1_362' title='bbox 1605 2940 1820 2990; x_wconf 76' lang='lat' dir='ltr'><strong>rebatur</strong></span> <span class='ocrx_word' id='word_1_363' title='bbox 1842 2939 2014 3004; x_wconf 88' lang='lat' dir='ltr'><strong>abiis,</strong></span> <span class='ocrx_word' id='word_1_364' title='bbox 2039 2940 2125 3005; x_wconf 86' lang='lat' dir='ltr'><strong>qui</strong></span> <span class='ocrx_word' id='word_1_365' title='bbox 2165 2940 2216 2989; x_wconf 89' lang='lat' dir='ltr'><strong>in</strong></span> <span class='ocrx_word' id='word_1_366' title='bbox 2258 2945 2564 3005; x_wconf 85' lang='lat' dir='ltr'><strong>sequentem</strong></span> <span class='ocrx_word' id='word_1_367' title='bbox 2596 2953 2682 2988; x_wconf 90' lang='lat' dir='ltr'><strong>an-</strong></span> 
     </span>
     <span class='ocr_line' id='line_1_73' title="bbox 1609 3019 2684 3086; baseline -0.001 -16"><span class='ocrx_word' id='word_1_368' title='bbox 1609 3034 1732 3071; x_wconf 88' lang='lat' dir='ltr'><strong>num</strong></span> <span class='ocrx_word' id='word_1_369' title='bbox 1769 3021 2104 3085; x_wconf 81' lang='lat' dir='ltr'><strong>magistratus</strong></span> <span class='ocrx_word' id='word_1_370' title='bbox 2141 3020 2399 3086; x_wconf 81' lang='lat' dir='ltr'><strong>designati</strong></span> <span class='ocrx_word' id='word_1_371' title='bbox 2434 3019 2684 3077; x_wconf 83' lang='lat' dir='ltr'><strong>fuerant:</strong></span> 
     </span>
     <span class='ocr_line' id='line_1_74' title="bbox 1609 3096 2683 3161; baseline -0.001 -15"><span class='ocrx_word' id='word_1_372' title='bbox 1609 3096 1799 3148; x_wconf 89' lang='lat' dir='ltr'><strong>deinde</strong></span> <span class='ocrx_word' id='word_1_373' title='bbox 1823 3111 1887 3147; x_wconf 84' lang='lat' dir='ltr'><strong>ex</strong></span> <span class='ocrx_word' id='word_1_374' title='bbox 1918 3097 2066 3147; x_wconf 86' lang='lat' dir='ltr'><strong>curia</strong></span> <span class='ocrx_word' id='word_1_375' title='bbox 2103 3097 2270 3147; x_wconf 86' lang='lat' dir='ltr'><strong>altera</strong></span> <span class='ocrx_word' id='word_1_376' title='bbox 2307 3110 2483 3161; x_wconf 88' lang='lat' dir='ltr'><strong>aurea,</strong></span> <span class='ocrx_word' id='word_1_377' title='bbox 2520 3097 2683 3145; x_wconf 88' lang='lat' dir='ltr'><strong>tertia</strong></span> 
     </span>
     <span class='ocr_line' id='line_1_75' title="bbox 1611 3170 2683 3239; baseline -0.001 -16"><span class='ocrx_word' id='word_1_378' title='bbox 1611 3188 1764 3224; x_wconf 88' lang='lat' dir='ltr'><strong>curru</strong></span> <span class='ocrx_word' id='word_1_379' title='bbox 1811 3173 2107 3239; x_wconf 83' lang='lat' dir='ltr'><strong>triumphali</strong></span> <span class='ocrx_word' id='word_1_380' title='bbox 2144 3174 2501 3233; x_wconf 76' lang='lat' dir='ltr'><strong>vehebantur3</strong></span> <span class='ocrx_word' id='word_1_381' title='bbox 2546 3170 2683 3222; x_wconf 86' lang='lat' dir='ltr'><strong>fere-</strong></span> 
     </span>
     <span class='ocr_line' id='line_1_76' title="bbox 1610 3243 2681 3320; baseline -0.002 -19"><span class='ocrx_word' id='word_1_382' title='bbox 1610 3243 1905 3317; x_wconf 77' lang='lat' dir='ltr'><strong>banturque</strong></span> <span class='ocrx_word' id='word_1_383' title='bbox 1949 3250 2138 3320; x_wconf 78' lang='lat' dir='ltr'><strong>statuae</strong></span> <span class='ocrx_word' id='word_1_384' title='bbox 2194 3250 2447 3315; x_wconf 87' lang='lat' dir='ltr'><strong>majorum</strong></span> <span class='ocrx_word' id='word_1_385' title='bbox 2500 3250 2681 3314; x_wconf 76' lang='lat' dir='ltr'><strong>ipsiuS,</strong></span> 
     </span>
     <span class='ocr_line' id='line_1_77' title="bbox 1605 3319 2682 3395; baseline -0.003 -16"><span class='ocrx_word' id='word_1_386' title='bbox 1605 3334 1766 3395; x_wconf 88' lang='lat' dir='ltr'><strong>atque</strong></span> <span class='ocrx_word' id='word_1_387' title='bbox 1785 3319 2217 3394; x_wconf 86' lang='lat' dir='ltr'><strong>propinquorum,</strong></span> <span class='ocrx_word' id='word_1_388' title='bbox 2257 3330 2344 3393; x_wconf 86' lang='lat' dir='ltr'><strong>qui</strong></span> <span class='ocrx_word' id='word_1_389' title='bbox 2380 3343 2411 3378; x_wconf 88' lang='lat' dir='ltr'><strong>e</strong></span> <span class='ocrx_word' id='word_1_390' title='bbox 2447 3325 2682 3384; x_wconf 72' lang='lat' dir='ltr'><strong>vitadIs-</strong></span> 
     </span>
     <span class='ocr_line' id='line_1_78' title="bbox 1607 3406 2681 3468; baseline -0.002 -12"><span class='ocrx_word' id='word_1_391' title='bbox 1607 3412 1894 3468; x_wconf 86' lang='lat' dir='ltr'><strong>cesserant,</strong></span> <span class='ocrx_word' id='word_1_392' title='bbox 1929 3418 2032 3455; x_wconf 89' lang='lat' dir='ltr'><strong>uno</strong></span> <span class='ocrx_word' id='word_1_393' title='bbox 2078 3411 2282 3456; x_wconf 87' lang='lat' dir='ltr'><strong>tantum</strong></span> <span class='ocrx_word' id='word_1_394' title='bbox 2324 3406 2532 3455; x_wconf 82' lang='lat' dir='ltr'><strong>Caesarc</strong></span> <span class='ocrx_word' id='word_1_395' title='bbox 2591 3420 2681 3455; x_wconf 83' lang='lat' dir='ltr'><strong>ex·</strong></span> 
     </span>
     <span class='ocr_line' id='line_1_79' title="bbox 1607 3482 2680 3548; baseline -0.002 -15"><span class='ocrx_word' id='word_1_396' title='bbox 1607 3491 1792 3548; x_wconf 84' lang='lat' dir='ltr'><strong>cepto:</strong></span> <span class='ocrx_word' id='word_1_397' title='bbox 1832 3488 2117 3546; x_wconf 83' lang='lat' dir='ltr'><strong>propterea</strong></span> <span class='ocrx_word' id='word_1_398' title='bbox 2153 3482 2290 3547; x_wconf 89' lang='lat' dir='ltr'><strong>quod</strong></span> <span class='ocrx_word' id='word_1_399' title='bbox 2321 3483 2432 3546; x_wconf 88' lang='lat' dir='ltr'><strong>jam</strong></span> <span class='ocrx_word' id='word_1_400' title='bbox 2466 3490 2605 3532; x_wconf 88' lang='lat' dir='ltr'><strong>esset</strong></span> <span class='ocrx_word' id='word_1_401' title='bbox 2625 3482 2680 3531; x_wconf 90' lang='lat' dir='ltr'><strong>in</strong></span> 
     </span>
     <span class='ocr_line' id='line_1_80' title="bbox 1609 3562 2363 3612; baseline 0.001 -1"><span class='ocrx_word' id='word_1_402' title='bbox 1609 3562 1842 3611; x_wconf 88' lang='lat' dir='ltr'><strong>Deorum</strong></span> <span class='ocrx_word' id='word_1_403' title='bbox 1864 3575 2134 3610; x_wconf 89' lang='lat' dir='ltr'><strong>numerum</strong></span> <span class='ocrx_word' id='word_1_404' title='bbox 2158 3562 2363 3612; x_wconf 86' lang='lat' dir='ltr'><strong>relatus.</strong></span> 
     </span>
    </p>

    <p class='ocr_par' dir='ltr' id='par_1_21' title="bbox 1600 3637 2682 4320">
     <span class='ocr_line' id='line_1_81' title="bbox 1670 3637 2681 3688; baseline -0.002 -1"><span class='ocrx_word' id='word_1_405' title='bbox 1670 3642 1685 3666; x_wconf 92' lang='lat'>‘</span> <span class='ocrx_word' id='word_1_406' title='bbox 1699 3637 2058 3688; x_wconf 86' lang='lat' dir='ltr'><strong>Portabantur</strong></span> <span class='ocrx_word' id='word_1_407' title='bbox 2073 3637 2264 3687; x_wconf 90' lang='lat' dir='ltr'><strong>deinde</strong></span> <span class='ocrx_word' id='word_1_408' title='bbox 2285 3644 2472 3687; x_wconf 82' lang='lat' dir='ltr'><strong>statuae</strong></span> <span class='ocrx_word' id='word_1_409' title='bbox 2489 3637 2681 3687; x_wconf 89' lang='lat' dir='ltr'><strong>civium</strong></span> 
     </span>
     <span class='ocr_line' id='line_1_82' title="bbox 1605 3714 2679 3781; baseline -0.003 -16"><span class='ocrx_word' id='word_1_410' title='bbox 1605 3716 1759 3766; x_wconf 87' lang='lat' dir='ltr'><strong>Rom.</strong></span> <span class='ocrx_word' id='word_1_411' title='bbox 1799 3715 2047 3777; x_wconf 87' lang='lat' dir='ltr'><strong>omnium,</strong></span> <span class='ocrx_word' id='word_1_412' title='bbox 2084 3715 2397 3781; x_wconf 89' lang='lat' dir='ltr'><strong>quicumque</strong></span> <span class='ocrx_word' id='word_1_413' title='bbox 2419 3714 2471 3763; x_wconf 87' lang='lat' dir='ltr'><strong>in</strong></span> <span class='ocrx_word' id='word_1_414' title='bbox 2493 3715 2679 3778; x_wconf 84' lang='lat' dir='ltr'><strong>magis-</strong></span> 
     </span>
     <span class='ocr_line' id='line_1_83' title="bbox 1604 3790 2678 3858; baseline -0.005 -14"><span class='ocrx_word' id='word_1_415' title='bbox 1604 3799 1766 3858; x_wconf 88' lang='lat' dir='ltr'><strong>tratu,</strong></span> <span class='ocrx_word' id='word_1_416' title='bbox 1789 3792 1866 3848; x_wconf 66' lang='lat' dir='ltr'><strong>ab,</strong></span> <span class='ocrx_word' id='word_1_417' title='bbox 1896 3792 2012 3857; x_wconf 87' lang='lat' dir='ltr'><strong>ipso</strong></span> <span class='ocrx_word' id='word_1_418' title='bbox 2052 3792 2271 3842; x_wconf 88' lang='lat' dir='ltr'><strong>Romulo</strong></span> <span class='ocrx_word' id='word_1_419' title='bbox 2312 3790 2377 3841; x_wconf 88' lang='lat' dir='ltr'><strong>ad</strong></span> <span class='ocrx_word' id='word_1_420' title='bbox 2416 3806 2478 3841; x_wconf 89' lang='lat' dir='ltr'><strong>ea</strong></span> <span class='ocrx_word' id='word_1_421' title='bbox 2516 3805 2678 3857; x_wconf 86' lang='lat' dir='ltr'><strong>usque</strong></span> 
     </span>
     <span class='ocr_line' id='line_1_84' title="bbox 1604 3868 2678 3935; baseline -0.002 -16"><span class='ocrx_word' id='word_1_422' title='bbox 1604 3878 1842 3935; x_wconf 87' lang='lat' dir='ltr'><strong>tempora</strong></span> <span class='ocrx_word' id='word_1_423' title='bbox 1888 3868 2122 3921; x_wconf 77' lang='lat' dir='ltr'><strong>fuissent.</strong></span> <span class='ocrx_word' id='word_1_424' title='bbox 2187 3868 2291 3919; x_wconf 85' lang='lat' dir='ltr'><strong>Sed</strong></span> <span class='ocrx_word' id='word_1_425' title='bbox 2338 3876 2394 3919; x_wconf 89' lang='lat' dir='ltr'><strong>et</strong></span> <span class='ocrx_word' id='word_1_426' title='bbox 2441 3868 2678 3933; x_wconf 83' lang='lat' dir='ltr'><strong>quaedam</strong></span> 
     </span>
     <span class='ocr_line' id='line_1_85' title="bbox 1607 3937 2679 4012; baseline -0.005 -14"><span class='ocrx_word' id='word_1_427' title='bbox 1607 3949 1704 3998; x_wconf 89' lang='lat' dir='ltr'><strong>Cn.</strong></span> <span class='ocrx_word' id='word_1_428' title='bbox 1740 3947 1982 4012; x_wconf 87' lang='lat' dir='ltr'><strong>Pompeii</strong></span> <span class='ocrx_word' id='word_1_429' title='bbox 2004 3946 2189 4011; x_wconf 84' lang='lat' dir='ltr'><strong>Magni</strong></span> <span class='ocrx_word' id='word_1_430' title='bbox 2220 3953 2397 3996; x_wconf 86' lang='lat' dir='ltr'><strong>statua</strong></span> <span class='ocrx_word' id='word_1_431' title='bbox 2415 3937 2546 3995; x_wconf 80' lang='lat' dir='ltr'><strong>ferri</strong></span> <span class='ocrx_word' id='word_1_432' title='bbox 2570 3945 2679 3994; x_wconf 87' lang='lat' dir='ltr'><strong>visa</strong></span> 
     </span>
     <span class='ocr_line' id='line_1_86' title="bbox 1604 4021 2678 4086; baseline -0.004 -13"><span class='ocrx_word' id='word_1_433' title='bbox 1604 4031 1704 4074; x_wconf 91' lang='lat' dir='ltr'><strong>est.</strong></span> <span class='ocrx_word' id='word_1_434' title='bbox 1771 4023 2011 4075; x_wconf 84' lang='lat' dir='ltr'><strong>Aderant</strong></span> <span class='ocrx_word' id='word_1_435' title='bbox 2049 4023 2207 4073; x_wconf 86' lang='lat' dir='ltr'><strong>etiam</strong></span> <span class='ocrx_word' id='word_1_436' title='bbox 2250 4036 2424 4071; x_wconf 85' lang='lat' dir='ltr'><strong>omnes</strong></span> <span class='ocrx_word' id='word_1_437' title='bbox 2471 4021 2678 4086; x_wconf 86' lang='lat' dir='ltr'><strong>provin-</strong></span> 
     </span>
     <span class='ocr_line' id='line_1_87' title="bbox 1605 4097 2678 4164; baseline -0.005 -13"><span class='ocrx_word' id='word_1_438' title='bbox 1605 4102 1701 4152; x_wconf 83' lang='lat' dir='ltr'><strong>cioe</strong></span> <span class='ocrx_word' id='word_1_439' title='bbox 1750 4108 1805 4150; x_wconf 90' lang='lat' dir='ltr'><strong>et</strong></span> <span class='ocrx_word' id='word_1_440' title='bbox 1850 4101 2088 4150; x_wconf 88' lang='lat' dir='ltr'><strong>nationes</strong></span> <span class='ocrx_word' id='word_1_441' title='bbox 2128 4100 2305 4164; x_wconf 85' lang='lat' dir='ltr'><strong>pictae,</strong></span> <span class='ocrx_word' id='word_1_442' title='bbox 2330 4113 2442 4163; x_wconf 80' lang='lat' dir='ltr'><strong>quoe</strong></span> <span class='ocrx_word' id='word_1_443' title='bbox 2488 4104 2579 4146; x_wconf 91' lang='lat' dir='ltr'><strong>aut</strong></span> <span class='ocrx_word' id='word_1_444' title='bbox 2621 4097 2678 4146; x_wconf 85' lang='lat' dir='ltr'><strong>in</strong></span> 
     </span>
     <span class='ocr_line' id='line_1_88' title="bbox 1603 4167 2682 4252; baseline -0.006 -23"><span class='ocrx_word' id='word_1_445' title='bbox 1603 4180 1915 4229; x_wconf 87' lang='lat' dir='ltr'><strong>societatem</strong></span> <span class='ocrx_word' id='word_1_446' title='bbox 1953 4179 2023 4229; x_wconf 87' lang='lat' dir='ltr'><strong>ab</strong></span> <span class='ocrx_word' id='word_1_447' title='bbox 2065 4178 2177 4243; x_wconf 84' lang='lat' dir='ltr'><strong>ipso</strong></span> <span class='ocrx_word' id='word_1_448' title='bbox 2197 4167 2454 4252; x_wconf 77' lang='lat' dir='ltr'><strong>acceptae,</strong></span> <span class='ocrx_word' id='word_1_449' title='bbox 2476 4179 2568 4223; x_wconf 88' lang='lat' dir='ltr'><strong>aut</strong></span> <span class='ocrx_word' id='word_1_450' title='bbox 2588 4173 2682 4240; x_wconf 65' lang='lat' dir='ltr'><strong>de?</strong></span> 
     </span>
     <span class='ocr_line' id='line_1_89' title="bbox 1600 4250 2677 4320; baseline -0.008 -13"><span class='ocrx_word' id='word_1_451' title='bbox 1600 4256 1756 4307; x_wconf 82' lang='lat' dir='ltr'><strong>victae</strong></span> <span class='ocrx_word' id='word_1_452' title='bbox 1780 4255 2030 4307; x_wconf 87' lang='lat' dir='ltr'><strong>fuerant.&#39;</strong></span> <span class='ocrx_word' id='word_1_453' title='bbox 2085 4252 2219 4316; x_wconf 88' lang='lat' dir='ltr'><strong>Vide</strong></span> <span class='ocrx_word' id='word_1_454' title='bbox 2243 4251 2599 4320; x_wconf 83' lang='lat' dir='ltr'><strong>Herodianum</strong></span> <span class='ocrx_word' id='word_1_455' title='bbox 2625 4250 2677 4299; x_wconf 92' lang='lat' dir='ltr'><strong>in</strong></span> 
     </span>
    </p>
   </div>
   <div class='ocr_carea' id='block_1_16' title="bbox 1598 4335 1813 4387">
    <p class='ocr_par' dir='ltr' id='par_1_22' title="bbox 1598 4335 1813 4387">
     <span class='ocr_line' id='line_1_90' title="bbox 1598 4335 1813 4387; baseline -0.005 0"><span class='ocrx_word' id='word_1_456' title='bbox 1598 4335 1813 4387; x_wconf 84' lang='lat' dir='ltr'><strong>Severo.</strong></span> 
     </span>
    </p>
   </div>
  </div>
 </body>
</html>
