3063 4952
2358 385 2530 454 1651

313 547 583 641 resque⁹
635 546 1043 632 Germanici,
1070 552 1250 617 'nihil
1307 548 1627 618 adversus
1682 547 2072 634 progeniem
2125 548 2274 634 ejus
2331 553 2534 616 auoit

313 647 641 738 ausum&
667 656 1040 741 respondit:
1088 660 1109 690 ‘
1130 660 1533 740 perpetraret
1562 653 1914 718 Anicetusss
1941 651 2315 738 promissa-⁹
2361 651 2535 734 Qui,

311 763 476 828 nihil
507 767 878 839 cunctatus,
911 760 1131 843 poscit
1161 779 1485 825 summam
1516 753 1840 822 sceleriS.¹⁸
1925 755 2038 820 Ad
2061 763 2269 822 eam¹⁰
2294 776 2530 824 vocem

311 865 529 943 Nem,
602 871 623 899 ‘
647 864 767 928 illo
821 864 949 928 sibi
999 862 1156 928 die¹¹
1211 863 1354 927 dari
1407 860 1790 946 Imperium,
1840 865 2311 945 auctoremque
2360 861 2528 928 tanti

308 969 608 1035 muneris
679 966 1004 1032 libertum’
1070 965 1445 1051 profitetur:
1524 965 1690 1031 ‘iret
1756 983 2059 1049 propere,
2134 964 2529 1049 duceretque

307 1071 803 1156 promtissimos
864 1069 951 1133 ad
1012 1068 1250 1154 jussa!
1372 1068 1559 1153 Ipse,
1617 1067 1866 1146 audito,
1942 1072 1964 1102 ‘
1998 1067 2263 1134 venisse
2314 1068 2529 1133 missu

308 1173 712 1259 Agrippinae
745 1173 1045 1237 nuntium
1075 1170 1481 1254 Agerinum,’
1535 1189 1801 1235 scenam
1847 1171 2023 1235 ultro
2070 1171 2358 1236 criminis
2404 1190 2528 1256 par-

306 1274 444 1343 r'at:
497 1272 967 1359 gladiumque)
994 1277 1151 1340 dum
1190 1275 1506 1340 mandata
1552 1274 1814 1358 perfert,
1844 1274 2079 1359 abjicit
2103 1274 2272 1351 inter
2317 1273 2526 1359 pedes

1029 402 1449 454 ANNALIUM
1500 402 1650 451 mn.
1700 402 1865 452 xlv.

320 408 381 466 JK
397 412 460 465 C.
482 408 611 477 ,603²
658 475 665 477 Α

305 1475 613 1527 Germanici
635 1474 902 1536 memoria,
925 1474 1088 1523 nihil
1076 1489 1296 1524 immane
1319 1478 1611 1524 tentaturos
1634 1472 1880 1523 adversus
1906 1474 2105 1537 prolem
2128 1473 2262 1548 ejus,
2286 1480 2523 1551 patraret

305 1541 587 1603 Anicetus,
611 1556 724 1604 quae
760 1539 1085 1604 promiserat.
1157 1540 1256 1596 Qui
1275 1540 1395 1588 mliil
1427 1545 1657 1599 marcatus,
1692 1539 1962 1615 proecipuas
1977 1544 2140 1615 partes
2164 1536 2401 1599 sucinos-is
2422 1536 2521 1588 sibi

305 1605 589 1657 demandari
606 1606 831 1669 postulat.
896 1606 978 1655 Ad
999 1622 1054 1653 ea
1076 1605 1215 1654 rerba
1242 1606 1369 1654 Nero
1390 1609 1613 1664 testatum
1634 1574 1721 1653 i’na
1743 1603 1829 1653 die
1852 1604 1949 1652 sibi
1975 1603 2134 1653 tribui
2154 1604 2522 1668 principatum,

305 1679 684 1748 auctoremque
710 1671 841 1721 tanti
852 1670 1104 1719 beneficii
1127 1670 1370 1719 libertum
1391 1684 1515 1719 esse.-
1552 1670 1650 1718 iret
1688 1669 1953 1732 celeriter,
1977 1670 2310 1733 traheretque
2347 1682 2526 1719 secum

305 1737 660 1800 paratissimos
700 1737 765 1786 ad
802 1736 1037 1799 imperia.
1104 1737 1212 1799 Ipse
1251 1739 1500 1799 comperto,
1524 1733 1807 1812 Agerinum
1834 1733 1984 1797 jussu
2006 1733 2309 1798 Agrippinae
2332 1735 2523 1784 adven-

305 1812 463 1864 tasse,
488 1802 578 1865 qui
602 1801 865 1851 nuntiaret
885 1812 1058 1862 cusum,
1077 1800 1296 1861 sabulum
1316 1803 1439 1849 ultro
1473 1800 1690 1850 criminis
1711 1802 1944 1858 adaman
1975 1805 2025 1848 et
2042 1801 2154 1848 dum
2174 1800 2311 1860 jussu
2329 1801 2520 1849 nuntiat

308 1867 590 1932 Agerinus,
606 1867 865 1931 pugionem
878 1867 1007 1916 iuter
1020 1868 1163 1933 pedes
1184 1867 1280 1929 qius
1300 1866 1520 1927 subjicit.-
1554 1870 1655 1915 tum
1686 1865 1833 1916 veluti
1864 1865 2076 1915 sceleris
2111 1866 2374 1927 manifesto,
2411 1865 2521 1917 indi

1239 2041 1591 2063 OOOOOOOOO

306 2146 471 2205 editio
508 2145 754 2210 princeps
785 2151 841 2196 et
875 2145 1210 2197 recentiores.
1275 2146 1341 2197 In
1367 2146 1497 2197 Mss.
1525 2136 1674 2198 Harl.
1699 2149 1851 2199 Bodl.
1875 2149 1984 2200 Jes.
2008 2156 2064 2199 et
2099 2149 2437 2227 Puteolanus,
2472 2153 2520 2197 et

305 2227 549 2262 rumores.
551 2216 681 2261 -10
704 2213 789 2261 Sic
813 2213 944 2263 Mss.
969 2213 1107 2267 Flor.
1132 2214 1261 2277 Reg.
1289 2212 1441 2263 Corb.
1466 2220 1522 2263 et
1544 2213 1705 2264 editio
1726 2215 1968 2278 princeps
1990 2230 2052 2264 ac
2073 2216 2406 2264 recentiores.
2456 2214 2519 2263 ln

308 2278 436 2326 Mss,
470 2277 763 2329 Bod1.Jes.
788 2284 843 2327 et
869 2279 1210 2338 Puteolanus,
1240 2279 1303 2326 ad
1335 2277 1468 2327 zllam
1473 2283 1615 2329 -11
1652 2280 1808 2329 Hunc
1838 2281 2006 2330 locum
2045 2281 2254 2346 egregie
2290 2279 2520 2329 restituit

310 2342 614 2392 Rhenanus.
680 2342 747 2394 In
767 2343 868 2391 Ma.
890 2344 1019 2406 Reg.
1045 2350 1099 2393 et
1122 2313 1435 2393 editionibus
1467 2344 1751 2407 veteribus,
1776 2345 1882 2395 illos
1902 2346 2093 2394 invidia·
2114 2338 2238 2396 clari.
2303 2345 2367 2394 In
2391 2347 2518 2394 Mss.

306 2407 461 2459 Harl.
483 2408 640 2458 Bodl.
662 2408 776 2460 Jes.
801 2406 977 2459 Guelf.
1009 2408 1153 2459 illos
1135 2424 1185 2458 m
1208 2408 1587 2460 brevidie.1u
1609 2410 1839 2500 margine
1873 2410 1978 2460 Ms.
2010 2411 2159 2460 Harl.
2178 2410 2277 2460 iuis
2304 2411 2518 2473 incidite,

1309 2560 1524 2610 NOTAE

371 2689 444 2738 Et
466 2688 611 2739 Nero
634 2688 764 2753 ipse,
801 2705 906 2739 non
940 2689 1038 2739 nisi
1069 2691 1120 2739 vi
1145 2687 1375 2751 adactus,

308 2779 398 2815 eos
421 2766 680 2815 consuluit
699 2766 751 2815 in
773 2781 833 2815 ea
851 2767 1138 2817 occasione.
1177 2767 1377 2817 Habuit

306 2843 455 2907 alios,
510 2858 728 2908 quorum
785 2844 997 2894 consilio
1041 2844 1376 2910 parricidium

304 2921 599 2982 moliretur,
649 2927 705 2971 ut
749 2936 934 2990 nempe
987 2922 1268 2983 Othonem,
1314 2937 1375 2971 ac

307 2997 498 3047 similes
522 2999 815 3048 coaetaneos
832 3005 989 3063 atque
1013 3012 1376 3064 congerrones,

307 3082 362 3125 et
383 3072 691 3138 Anicetum,
723 3081 779 3125 et
802 3076 1180 3166 consceleratos
1205 3074 1375 3125 classi-

308 3152 461 3202 arios.

368 3231 440 3279 Et
463 3244 589 3279 vere
607 3230 836 3293 Tacitus,
853 3228 1081 3300 incertum
1099 3243 1160 3278 an
1188 3234 1236 3279 et
1265 3235 1375 3279 ante

306 3306 518 3369 ignaros.
568 3306 669 3356 Hic
696 3305 846 3357 ambo
871 3305 1099 3369 magistri
1123 3312 1182 3355 ut
1222 3305 1374 3368 infra,

304 3398 498 3433 moerens
519 3382 712 3432 Burrus
765 3398 819 3432 ac
858 3383 1077 3443 laudans,
1093 3383 1273 3445 lugent
1318 3379 1387 3433 et'

307 3455 531 3523 probant
575 3457 773 3508 facinus
794 3477 808 3508 z
861 3457 1030 3521 inviti,
1067 3459 1276 3509 attoniti
1317 3466 1373 3516 et

305 3537 522 3608 silentes
545 3537 850 3602 relinquunt
882 3537 1135 3588 intactum
1169 3538 1371 3598 vulnus,

309 3613 441 3682 quod
467 3627 641 3679 neque
662 3619 879 3679 possunt
899 3615 1179 3679 attingere,
1203 3629 1372 3681 neque

306 3701 486 3742 sanare
509 3691 723 3741 audent.

356 3776 391 3820 ‚3
425 3768 734 3831 Per-petraret
755 3766 1005 3831 Anicetus]
1040 3767 1223 3818 Noluit
1240 3768 1372 3817 Bur-

304 3845 424 3894 rhus
460 3860 581 3893 suas
602 3852 691 3893 aut
716 3845 1016 3912 praetoriani
1054 3844 1229 3894 militis
1267 3861 1371 3894 ma-

304 3936 396 3971 nus
449 3921 735 3985 parricidio
790 3922 1040 3984 polluere.
1127 3923 1370 3990 Remittit

305 3995 498 4047 c‘rimen
520 3995 586 4045 ad
611 3995 867 4047 inferioris
891 4000 1044 4049 sortis
1067 3999 1369 4065 militiaeque

305 4073 579 4126 hominem.

307 4149 730 4215 praetorianorum
754 4158 809 4201 et
845 4152 1259 4216 legionariorum,
1281 4153 1369 4219 qui

307 4227 513 4294 ingenui
536 4235 593 4278 et
616 4229 752 4278 cives
778 4227 1018 4277 Romani.

369 4305 596 4356 Inferior
622 4305 723 4355 fuit
745 4305 931 4355 militia
952 4306 1167 4357 aliarum
1191 4306 1367 4358 cohor·

554 4459 586 4478 ὁ

664 4074 998 4124 Nobilissima
1044 4077 1229 4125 militia
1268 4075 1379 4126 fuit'

1459 2689 1590 2739 tium
1613 2689 1946 2752 urbanarum,
1969 2704 2086 2754 quse
2112 2690 2363 2753 parebant
2386 2706 2520 2754 prae-

1456 2764 1601 2816 fecto
1645 2766 1810 2831 urbis,
1851 2773 1941 2816 aut
1983 2764 2235 2829 praefecto
2270 2767 2522 2831 *igilium

1455 2844 1544 2893 sed
1569 2843 1743 2894 infima
1779 2843 1965 2894 militia
1985 2843 2084 2893 fuit
2122 2844 2516 2895 classiariorum.

1456 2922 1578 2971 Non
1601 2921 1782 2971 mirum
1806 2921 1981 2987 igitur,
2004 2922 2046 2971 si
2070 2920 2206 2971 foeda
2242 2930 2297 2976 et
2320 2924 2519 2974 atrocia

1453 2995 1687 3055 facinora
1709 2998 1900 3048 talibus
1928 2997 2322 3054 demandantur.

1518 3072 1544 3107 ¹²
1577 3074 1742 3124 Poscit
1782 3090 2008 3124 summum
2038 3075 2249 3139 sceleris]
2311 3075 2374 3124 Id
2420 3085 2518 3139 est,

1452 3161 1705 3216 peragere
1727 3151 1888 3216 cupit,
1908 3152 2046 3216 qnod
2077 3151 2233 3215 coepit'
2268 3168 2439 3217 agere,
2462 3165 2517 3205 et

1452 3234 1741 3278 extremam
1779 3229 1921 3279 velut
1960 3243 2165 3279 manum
2202 3230 2384 3279 sceleri
2427 3232 2515 3279 im·

1452 3319 1664 3369 ponere.
1696 3305 1831 3369 Lips.
2521 3299 2528 3308 ’

1519 3381 1777 3443 Summum,
1799 3383 1850 3431 id
1882 3387 1983 3444 cst,
2003 3382 2361 3431 executionem
2381 3383 2517 3431 scele-

1452 3458 1539 3521 ris,
1561 3458 1698 3521 quod
1722 3472 1906 3522 nempe
1929 3472 2024 3522 per
2046 3473 2101 3508 se
2140 3473 2239 3508 non
2270 3464 2519 3522 patraret,

1452 3534 1540 3581 sed
1580 3547 1677 3597 per
1704 3534 1970 3597 satellites,
2014 3536 2197 3600 quibus
2236 3543 2513 3600 praeesset:

1452 3608 1528 3658 sic
1552 3623 1730 3660 summa
1752 3610 1857 3661 belli
1876 3612 2065 3662 dicitur
2096 3628 2209 3662 esse
2245 3627 2404 3676 penes
2428 3613 2524 3674 ‹iu-²

1452 3700 1583 3748 cem,
1602 3688 1690 3751 qui
1715 3688 1847 3752 regit
1870 3704 2070 3737 omnem
2096 3690 2381 3740 exercitum
2406 3689 2517 3738 uni-

1449 3777 1758 3828 versumque
1783 3765 2002 3815 bellum:
2039 3766 2112 3815 sic
2135 3782 2316 3816 summa
2356 3766 2517 3830 impe·

1450 3840 1510 3888 rii
1540 3855 1697 3904 penes
1721 3841 2026 3905 principem.
2303 3835 2309 3838 ’

1515 3916 1528 3950 ¹
1563 3918 1895 3983 Gladiumque]
1984 3919 2069 3970 Sic
2125 3920 2337 3970 Sueton.
2381 3909 2534 3973 Ner:

1448 3999 1527 4045 34.
1559 3998 1574 4023 ‘
1596 3997 1655 4045 L.
1681 3996 1967 4061 Agerinum
1991 3997 2233 4047 libertum
2256 3998 2388 4061 ejtiS,
2418 3999 2515 4047 sal·
2575 4009 2584 4013 ·

1449 4088 1565 4122 vam
1588 4082 1642 4123 et
1680 4075 1987 4124 incolumem
2024 4090 2138 4124 curu
2163 4076 2351 4139 gaudio
2388 4090 2516 4125 nun-

1449 4150 1686 4214 tiantem,
1711 4152 1913 4216 objecto
1944 4154 2073 4202 clam
2094 4154 2248 4218 juxta
2272 4153 2517 4219 pugione,

1449 4235 1508 4277 ut
1543 4245 1897 4293 percussorem
1938 4230 2029 4281 sibi
2069 4232 2401 4283 subornatum
2437 4245 2514 4282 ar·

1449 4307 1550 4372 ripi
1575 4306 1958 4375 constringique
1972 4309 2168 4374 jussit!
2461 4303 2462 4306 '
2503 4324 2508 4329 ·
