3063 4952
493 372 668 442 1514
1166 392 1280 442 κο.
1327 392 1710 448 cosmum·
1745 391 2005 445 uerri
2386 353 2568 470 [Α’[υ.
2590 380 2709 459 313,

494 521 700 615 ribus,
728 555 863 601 non
890 537 1154 604 aliunde
1168 531 1491 623 'originem
1511 541 1700 606 trahi.
1766 540 1842 605 Si
1858 548 2344 625 separarentur¹
2361 536 2706 623 libertini?

378 701 379 704 ,
495 640 917 705 manifestam
931 642 1070 707 fore
1087 645 1430 727 penuriam
1447 646 1929 727 ingenuorum.⁰
1960 641 2117 710 Non
2128 646 2375 712 frustra
2390 637 2704 733 majoriae,

494 829 666 880 forum
689 847 793 882 non
811 833 1015 883 aliunde
1040 850 1198 896 genus
1219 836 1441 889 duxisse.
1507 837 1562 887 Si
1580 835 2139 902 dividanturlibertini,
2154 840 2351 891 claram
2368 845 2601 903 apertam
2642 848 2707 887 ue
2777 851 2784 852 ’

496 892 612 945 fore
651 900 967 962 paucitatem
1011 902 1365 965 ingenuorum.
1438 904 1555 952 Nec
1583 903 1671 952 abs
1696 918 1750 952 re
1772 911 1996 966 veteres,
2017 920 2132 954 cum
2159 904 2315 955 decus
2338 905 2579 954 ordinum
2639 904 2704 954 is·

1413 1032 1773 1053 ”O‘ON‘OOOO

509 1145 516 1172 ἱ
563 1110 590 1155 l
625 1107 711 1157 Sic
746 1111 874 1162 Mss.
899 1112 1038 1165 Flor.
1075 1114 1229 1164 Bodl.
1271 1121 1327 1165 et
1346 1115 1682 1168 Puteolanus.
1749 1087 1812 1166 In
1831 1115 1936 1167 Ms.
1960 1117 2090 1179 Reg.
2114 1121 2171 1165 et
2191 1116 2425 1166 editione
2446 1115 2708 1182 principe,

494 1179 790 1240 separantur.
857 1179 1153 1242 Rhenanus,
1174 1186 1476 1244 separentur.-
1510 1189 1564 1231 et
1588 1182 1662 1233 sic
1686 1180 1977 1233 Gronovius
1999 1188 2055 1231 et
2077 1181 2321 1245 Ryckius.

1483 1318 1700 1402 NOTA-3

498 1427 570 1496 et*
590 1423 792 1489 opibus,
830 1433 886 1478 et
909 1428 1021 1479 fere
1044 1430 1205 1494 qualis
1229 1430 1350 1480 olim
1376 1431 1565 1481 Maece·
1644 1434 1804 1496 tione,
1822 1436 1863 1484 si
1900 1436 2043 1498 prius
2078 1434 2146 1484 ab
2179 1399 2356 1500 equite
2380 1434 2529 1487 Rom.
2548 1397 2707 1499 adop·

495 1514 610 1563 nas,
631 1509 685 1551 et
706 1502 793 1552 alii
815 1502 1167 1558 florentissimi
1191 1509 1412 1573 equites.
1644 1518 1783 1561 tatus
1824 1520 1979 1580 esset.
2046 1511 2126 1561 Ac
2168 1512 2710 1577 sic'quoqueyrepre-

508 1617 535 1627 ..
562 1586 587 1626 Ρ
619 1580 679 1629 Si
712 1590 1046 1645 separarentur
1088 1586 1325 1649 libertini]
1372 1586 1563 1636 Primis

499 1657 818 1721 temporibus
841 1660 1075 1723 ingenuus
1093 1663 1365 1724 dicebatur
1382 1664 1448 1724 is,
1473 1662 1563 1727 qni

499 1748 565 1792 ex
589 1733 789 1783 duobus
814 1737 1051 1797 ingenuis
1075 1740 1155 1788 vel
1176 1739 1374 1789 duobus
1407 1740 1563 1789 liber·

496 1808 620 1870 tinis
668 1816 817 1861 natus
859 1822 1034 1876 esset;
1079 1816 1342 1878 libertinus,
1363 1817 1452 1881 qui
1493 1831 1561 1867 ex

499 1884 697 1936 duobus
715 1889 954 1953 libertis3
988 1894 1201 1956 libertus,
1227 1895 1314 1959 qui
1336 1895 1564 1959 aliquan-

498 1961 567 2021 do
613 1966 915 2018 servitutem
953 1972 1220 2033 servisset,
1267 1979 1323 2022 et
1367 1988 1434 2022 ex
1471 1973 1562 2022 illa

496 2042 832 2094 manumissus
856 2054 1010 2098 esset.
1342 2097 1345 2100 .
1476 2095 1477 2098 ,

563 2115 639 2166 At
661 2125 778 2181 post
800 2120 961 2186 Appii
992 2140 1280 2190 censuram,
1298 2125 1475 2178 liberti
1507 2133 1566 2177 et

496 2192 729 2257 libertini
760 2212 854 2261 pro
879 2198 1062 2251 iisdem
1102 2206 1328 2269 accepti,
1359 2213 1414 2255 et
1449 2211 1560 2256 tum

497 2270 693 2332 ingens&
715 2272 864 2337 dicti,
898 2280 988 2342 qui
1032 2295 1098 2330 ex
1137 2282 1340 2333 libertis
1361 2285 1466 2333 seu
1497 2284 1557 2332 li-

498 2346 714 2402 bertinis
737 2352 847 2401 nati
869 2363 1033 2407 erant.
1080 2359 1151 2407 Et
1175 2365 1348 2409 tamen
1374 2365 1482 2409 tum
1503 2360 1559 2409 id

498 2424 807 2478 discriminis
834 2430 1185 2499 observatum,
1204 2444 1277 2488 ut·
1294 2436 1453 2487 liberti
1487 2437 1561 2488 di-

499 2512 744 2568 cerentur
768 2517 1009 2574 respectu
1028 2520 1383 2580 patronorum,
1417 2521 1473 2566 et
1505 2516 1564 2566 li-

499 2579 674 2633 bertini
697 2594 935 2650 respectu
958 2589 1318 2653 ingenuorum.

559 2659 648 2710 Sic
666 2661 719 2712 in
740 2664 915 2715 Instit.
937 2668 1131 2718 Justin.
1155 2670 1191 2718 l.
1205 2683 1246 2720 1.
1267 2671 1352 2720 tit.
1365 2675 1416 2720 4.
1437 2669 1451 2695 ‘
1476 2670 1565 2720 In·

498 2750 693 2801 genuus
719 2740 763 2788 is
787 2742 1000 2805 dicitur,
1023 2745 1110 2809 qui
1131 2747 1391 2797 statimut
1412 2753 1565 2798 natus

499 2818 580 2862 est
603 2813 739 2863 liber
759 2823 870 2878 est;
905 2819 1013 2868 sive
1035 2821 1324 2873 exfduobus
1341 2823 1561 2887 ingeniis

499 2890 815 2951 patrimonio
847 2894 1020 2945 editus
1044 2897 1147 2958 sit;
1184 2899 1293 2948 sive
1317 2913 1383 2948 ex
1406 2900 1562 2949 liber-

501 2964 624 3017 tinia
651 2966 887 3031 duobus3
918 2971 1027 3021 sive
1064 2988 1130 3022 ex
1165 2975 1333 3026 altero
1369 2975 1562 3026 liberto

500 3047 557 3092 et
579 3043 745 3093 altero
767 3045 1003 3109 ingenuo.
1070 3050 1173 3099 Sed
1196 3059 1252 3102 et
1284 3054 1327 3102 si
1361 3053 1474 3118 quis
1497 3068 1564 3103 ex

499 3123 669 3184 matre
714 3128 959 3172 nascatur
1000 3125 1183 3191 libera,
1235 3134 1390 3192 patre
1435 3144 1562 3179 vero

500 3210 672 3262 servo,
693 3198 946 3263 ingenuus
965 3203 1290 3255 nihilominus
1320 3207 1567 3271 nascitur,

502 3276 934 3338 quemadmodum
974 3280 1063 3344 qui
1106 3297 1171 3331 ex
1205 3283 1371 3333 libera
1401 3290 1459 3334 et
1490 3285 1568 3334 in-

502 3360 646 3423 certo
666 3361 818 3417 patre
841 3363 991 3406 natus
1014 3358 1129 3420 est‚’
1152 3363 1252 3410 ὅτε.

516 3468 523 3473 .
563 3431 636 3479 Et
658 3432 841 3489 eodem
863 3433 953 3484 lib.
977 3435 1064 3484 tit.
1083 3443 1132 3486 5.
1154 3437 1363 3488 libertini
1382 3438 1565 3490 defini-

499 3513 661 3556 untur
681 3508 734 3571 ii,
752 3510 841 3573 qui
863 3524 930 3560 ex
942 3511 1091 3575 justa
1113 3514 1362 3565 servitute
1384 3531 1563 3567 manu·

500 3583 798 3644 missisunt,
822 3586 944 3650 quia
965 3594 1077 3637 tum
1099 3604 1220 3638 usus
1238 3590 1334 3641 hoc
1356 3592 1574 3651 obtinu-

501 3664 637 3722 erat,
660 3665 719 3708 ut
759 3661 991 3712 libertini
1030 3664 1346 3730 dicerentur,
1382 3669 1469 3734 qui
1503 3670 1563 3718 li-

502 3732 709 3784 bertate
731 3735 904 3786 donati
926 3745 982 3789 et
1013 3743 1307 3792 manumissi
1336 3742 1564 3811 fuerant,

501 3824 619 3860 cum
639 3811 733 3875 ipsi
756 3813 876 3862 olim
899 3817 1200 3870 servissent.

518 3930 523 3934 .
565 3886 668 3936 Sed
693 3889 870 3950 primis
896 3894 1214 3955 temporibus
1236 3897 1386 3946 aliam
1406 3896 1565 3950 fuisse

498 3961 885 4015 distinctionem
906 3976 1048 4030 patet
1065 3983 1131 4017 ex
1147 3971 1362 4021 Sueton.
1377 3973 1563 4026 Claud.

500 4044 585 4091 24.
617 4041 634 4068 ‘
659 4042 845 4092 Latum
891 4039 1111 4110 clavum,
1144 4050 1376 4112 quamvis
1414 4051 1563 4102 initio

503 4115 805 4173 affirmasset
837 4135 939 4170 non
972 4124 1226 4175 lecturum
1251 4135 1565 4196 senatorem,

484 4193 603 4267 ¹nisi
639 4195 769 4249 civis
790 4198 940 4249 Rom.
963 4198 1294 4266 abnepotem,
1311 4204 1471 4255 etiam
1503 4205 1567 4256 li-

501 4270 693 4323 bertini
731 4271 839 4335 tilio
879 4274 1096 4329 tribuit:
1131 4278 1227 4331 sed
1256 4280 1350 4340 sub
1394 4281 1568 4334 condi-

1640 1589 1947 1639 hensionem-
1955 1603 2161 1650 verens,
2174 1588 2327 1637 etiam
2343 1587 2573 1652 Appium
2592 1588 2714 1639 Coe-

1644 1681 1760 1715 cum
1781 1665 2082 1727 Censorem,
2102 1664 2305 1728 generis
2329 1664 2407 1713 sui
2437 1670 2710 1729 proaucto·

1642 1757 1772 1805 rem,
1808 1742 2167 1792 libertinorum
2206 1740 2339 1790 filios
2379 1741 2431 1789 in
2466 1747 2716 1792 senatumv

1642 1818 1878 1881 allegisse
1902 1817 2109 1867 docuit:
2143 1818 2367 1881 ignarus,
2385 1817 2709 1882 temporibus

1644 1893 1820 1959 Appii,
1837 1901 1893 1943 et
1909 1894 2158 1959 deinceps
2182 1893 2495 1959 aliquandiu,
2511 1894 2713 1944 liberti·

1642 1987 1735 2021 nos
1757 1971 1944 2035 dictos,
1963 1986 2066 2021 non
2096 1972 2234 2035 ipsos
2259 1971 2350 2035 qui
2386 1970 2715 2021 manumitte-

1643 2056 1840 2112 rentur,
1862 2049 1953 2098 sed
1990 2048 2243 2113 ingenuos
2266 2062 2332 2099 ex
2353 2047 2431 2097 his
2464 2061 2711 2112 procrea·

1642 2125 1756 2177 tos!

1658 2241 1664 2248 .
1708 2202 1850 2253 Hinc
1872 2205 2037 2267 patet,
2070 2217 2163 2266 pro
2187 2201 2347 2252 variis
2371 2200 2713 2265 temporibus,

1646 2278 1797 2329 aliter
1818 2285 2037 2342 accepta
2066 2278 2169 2328 ista
2191 2277 2446 2327 vocabula
2466 2276 2633 2326 liberti
2646 2282 2714 2326 'et

1643 2356 1870 2405 libertini.
1941 2356 2062 2405 Non
2097 2354 2220 2403 olim
2263 2354 2496 2404 libertini
2532 2347 2736 2404 statim,

1643 2435 1871 2501 ingenui.
1916 2433 1992 2485 At
2015 2441 2251 2499 tempore
2275 2432 2712 2498 Claudii‚nullum

1644 2513 1922 2565 discrimen
1959 2513 2099 2562 inter
2135 2512 2376 2564 libertum
2413 2516 2470 2561 et
2508 2510 2714 2571 liberti·

1643 2607 1783 2642 num.
1850 2591 1921 2640 Et
1958 2590 2002 2639 is
2028 2589 2200 2653 quiex
2222 2587 2416 2641 liberto
2439 2601 2532 2639 seu
2554 2586 2716 2646 liber·

1645 2668 1753 2717 tino
1799 2674 2122 2732 procreatus,
2166 2664 2420 2728 ingenuus
2464 2661 2593 2724 fuit3
2635 2663 2712 2712 sic

1646 2744 1735 2808 qui
1755 2742 1941 2807 priscis
1962 2740 2285 2805 temporibus
2299 2738 2579 2790 libertinus
2602 2745 2715 2801 tan-

1644 2828 1754 2872 tum
1788 2826 1921 2882 erat,
1955 2825 2195 2882 tempore
2218 2817 2425 2873 Claudii
2458 2817 2717 2881 ingenuus

1643 2896 1765 2958 fuit,
1789 2897 1919 2946 etin
1936 2910 1998 2945 eo
2017 2896 2161 2945 illum
2184 2893 2554 2944 hallucinatum
2578 2891 2713 2942 dicit

1641 2973 1936 3024 Suetonius.
2464 3029 2488 3035 ν
2533 3004 2538 3017 -.
2589 3016 2593 3021 .

1709 3048 1783 3099 At
1819 3049 1947 3100 licet
1967 3047 2105 3099 filius
2133 3047 2311 3103 liberti
2344 3048 2614 3111 ingenuus*
2638 3062 2724 3097 es·

1644 3133 1743 3188 set,
1766 3141 1871 3176 non
1896 3131 2068 3189 tamen
2093 3125 2207 3189 pari
2229 3126 2351 3189 jure
2373 3123 2473 3174 fuit
2496 3137 2614 3174 cum
2636 3121 2717 3171 in-

1645 3204 1826 3269 genuis
1886 3217 2104 3268 quorum
2153 3207 2400 3265 parentes
2449 3212 2715 3264 nunquam

1646 3281 1947 3331 servissent.
1997 3278 2211 3343 Quippe
2233 3278 2452 3328 libertus
2477 3283 2534 3328 et
2555 3276 2715 3328 liber-

1646 3357 1687 3406 ti
1710 3356 1846 3406 filius
1887 3357 1939 3406 in
1963 3355 2159 3404 urbana
2184 3353 2324 3411 tribu¹
2344 3354 2712 3416 censebantur,

1645 3440 1699 3484 at
1730 3433 1908 3484 liberti
1945 3446 2106 3496 nepos
2143 3431 2266 3481 tulit
2309 3429 2613 3493 suffragium
2658 3429 2714 3478 in

1642 3508 1786 3568 tribu
1815 3509 2033 3572 rustica,
2055 3514 2113 3558 et
2154 3513 2355 3557 tantum
2390 3506 2558 3571 plebis
2590 3504 2713 3557 fuit.

1643 3585 1848 3643 Liberti
1883 3599 2140 3650 pronepos
2180 3584 2353 3648 potuit
2396 3597 2512 3632 esse
2551 3597 2712 3649 eques

1642 3664 1793 3713 Rom.
1815 3660 1989 3711 liberti
2007 3660 2237 3725 abnepos
2261 3658 2311 3709 in
2330 3665 2565 3723 senatum
2590 3659 2720 3724 legi,

1644 3747 1700 3790 et
1721 3740 2003 3804 dignitates
2030 3745 2084 3787 et
2116 3737 2449 3802 magistratus
2472 3735 2715 3791 obtinere

1644 3818 1834 3882 potuit.
2485 3876 2490 3880 .

1709 3902 1733 3928 ⁰
1766 3893 2027 3947 Penuriam
2069 3890 2401 3961 ingenuorum]
2434 3889 2555 3939 Sen.
2601 3890 2638 3941 l.
2672 3888 2724 3940 1.'

1646 3973 1712 4023 de
1744 3972 1904 4024 Clem.
1929 3987 1973 4022 c.
1994 3974 2077 4021 24.
2110 3971 2125 3996 ‘
2148 3971 2348 4023 Servos
2374 3975 2432 4018 ut
2467 3982 2499 4017 a
2535 3967 2715 4017 liberis

1646 4050 1816 4100 cultus
1839 4048 2206 4113 distingueret,
2227 4045 2502 4112 aliquando
2540 4046 2606 4101 in,
2633 4059 2713 4099 se-

1644 4136 1773 4181 natu
1804 4129 1950 4179 dicta
1980 4127 2240 4178 sententia
2275 4132 2388 4176 est:
2413 4125 2522 4191 sed,
2552 4140 2716 4201 appa·
2794 4126 2800 4139 '

1646 4210 1754 4260 ruit
1786 4214 2034 4274 quantum
2070 4205 2362 4271 periculum
2400 4203 2715 4263 immineret,

1646 4285 1690 4336 si
1712 4285 1849 4338 servi
1867 4282 2033 4337 nostri
2052 4296 2323 4335 numerare
2344 4295 2439 4333 nos
2459 4278 2711 4348 possen&
