3063 4952
1047 356 1459 417 ani-tamum
1509 366 1655 416 mn.
1703 366 1838 418 XV.
2382 351 2561 424 188⁹

351 510 366 522 ⁶
420 524 546 597 24.
596 528 778 593 Inter
795 520 1003 610 quai,¹
1021 524 1197 591 veris
1217 525 1569 611 principio,
1586 526 1789 608 legati
1818 525 2213 601 Parthorum
2236 530 2557 597 'mandata

346 631 560 715 Regis
589 630 970 713 VologesiS,
1007 628 1376 712 ‘literasque
1420 630 1490 691 in
1531 629 1809 696 eandem
1889 630 2207 711 formam,
2240 634 2555 699 attulere:

349 740 371 769 ‘
404 755 480 800 se
537 734 761 818 priora
815 738 882 797 et
935 732 1174 797 totiens
1221 733 1502 817 jactata,
1555 752 1753 817 super
1808 734 2169 799 obtinenda
2214 735 2554 815 Armenia,

344 856 536 904 nunc
551 836 877 912 omittere,
908 835 1218 919 quoniam
1249 831 1407 913 Dii,¹
1425 836 1733 919 quamvis
1764 840 2127 920 potentium
2155 840 2555 922 populorum

347 938 605 1015 arbitri,
635 937 1127 1020 possessionem
1154 937 1446 1016 Parthis,
1474 958 1604 1001 nou
1633 940 1773 1001 sine
1802 940 2198 1020 ignominiam
2218 932 2554 1021 Romana,

346 1039 802 1106 tradidissent.
895 1036 1133 1120 Nuper
1178 1038 1478 1103 clausum
1508 1040 1882 1122 Tigranen:
1940 1047 2097 1125 post
2145 1042 2408 1107 Paetum
2457 1043 2554 1112 le·

345 1142 736 1225 gionesque‚
797 1159 954 1204 cum
1010 1139 1383 1224 opprimere
1444 1146 1698 1226 posset,
1770 1143 2131 1208 incolumes
2191 1145 2553 1211 dimisisse.

348 1242 535 1309 Satis
588 1243 1028 1327 approbatam
1057 1243 1231 1308 vim:
1285 1242 1510 1306 datum
1563 1248 1632 1307 et
1678 1243 1965 1307 lenitatis
2014 1247 2551 1328 experimentum.

348 1344 500 1411 Nec
533 1349 1009 1411 recusaturum¹³
1034 1343 1398 1424 Tiridaten,
1428 1344 1823 1438 accipiendo
1853 1345 2205 1412 diademati
2236 1349 2298 1410 in
2328 1349 2553 1412 urbem

347 363 490 431 ’.0.
511 370 623 439 sa]
682 391 690 398 ·

411 1530 608 1581 Interea
628 1529 755 1581 veris
785 1529 947 1593 initio,
984 1533 1191 1579 oratores
1221 1529 1510 1578 Parthorum
1550 1530 1875 1580 renuntiavere
1892 1529 2032 1592 jussa
2068 1531 2196 1592 regis
2224 1529 2483 1593 Vologesis,
2506 1536 2555 1585 ct

342 1596 626 1646 reddidere
651 1596 872 1659 epistolas
891 1597 943 1643 in
963 1595 1083 1643 hanc
1104 1593 1269 1643 ferme
1302 1593 1584 1643 sententiam
1619 1596 1862 1659 scriptas:
1886 1596 1963 1644 ’Se
2001 1610 2134 1644 nuuc
2176 1597 2443 1659 praeterire
2469 1612 2554 1646 ve-

344 1667 509 1718 tusta,
532 1668 587 1710 et
612 1661 766 1709 toties
798 1660 998 1723 agitata
1022 1658 1086 1708 de
1111 1659 1422 1722 possidenda
1445 1659 1710 1721 Armenia,
1735 1659 1855 1722 quia
1877 1661 1969 1709 Dii
2008 1661 2235 1724 gentium
2262 1662 2389 1709 licet
2423 1675 2552 1724 prae·

344 1725 655 1790 pollentium
680 1724 881 1784 arbitri,
905 1725 1002 1784 ejus
1031 1723 1405 1788 possessionem
1447 1724 1781 1788 praebuerant
1804 1725 2031 1786 Parthis,
2064 1740 2165 1774 uon
2204 1726 2313 1773 sine
2349 1723 2552 1787 flagitio

345 1791 600 1841 Romano.
669 1790 855 1852 Nuper
876 1790 1084 1839 obsesso
1105 1789 1332 1853 Tigrani,
1373 1789 1492 1838 dein
1515 1789 1668 1838 Paeto
1704 1789 2095 1854 legionibusque
2119 1804 2168 1839 ss
2187 1792 2388 1851 mium,
2407 1796 2454 1840 et
2476 1790 2553 1839 in-

342 1854 702 1905 columitatem
724 1856 1056 1915 concessisse,
1077 1868 1193 1905 cum
1219 1852 1508 1904 interficere
1534 1861 1727 1918 posset.
1790 1854 1927 1904 Satis
1952 1862 2267 1918 compertam
2285 1856 2556 1916 virtutem,

343 1919 631 1984 praebuisse
664 1919 823 1971 etiam
861 1919 1126 1971 modestiae
1161 1918 1546 1969 documentum.
1628 1920 1746 1970 Nec
1786 1934 2005 1983 renuere
2049 1919 2172 1985 quin
2206 1919 2462 1970 Tiridates
2495 1932 2554 1970 se

1274 2063 1632 2086 000000000000

481 2134 509 2183 l
546 2129 634 2181 Ita
657 2130 783 2181 Mss.
808 2135 864 2182 et
883 2130 1139 2183 editiones
1162 2137 1366 2183 veteres
1389 2148 1451 2183 ac
1477 2132 1813 2184 recentiores.
1880 2130 2183 2193 Beroaldus,
2216 2130 2422 2180 interim.

1341 2291 1554 2344 Nom-3
1586 2368 1589 2371 ,

401 2401 436 2438 ἦ
460 2404 684 2455 Pericula
699 2403 982 2470 gliscebant]
1014 2406 1167 2459 Unde
1185 2407 1413 2473 pericula,

346 2481 390 2532 si
417 2483 776 2533 reconciliatus
799 2485 1239 2535 Nero‘Tlnraseae?
1281 2487 1334 2537 Si
1355 2492 1413 2537 et

342 2560 552 2610 Seneca
589 2557 911 2623 gratulatur?
946 2561 1188 2623 Pericula,
1204 2577 1414 2627 nempe,

346 2636 471 2701 quia
503 2637 578 2686 sic
616 2636 769 2701 fingit
802 2638 1102 2704 spargitque
1136 2637 1322 2689 famam
1358 2640 1410 2689 in

309 2747 315 2752 -
343 2715 535 2777 vulgus
559 2715 723 2778 Nero,
755 2729 811 2765 se
840 2716 1228 2767 reconciliatum
1250 2718 1413 2766 'l'lira-

346 2804 474 2853 seoe,
507 2797 569 2840 ut
606 2792 796 2841 sceleri
834 2792 994 2841 addat
1035 2799 1091 2843 et
1134 2793 1411 2842 ludibrium

344 2880 445 2932 pro
468 2881 562 2915 suo
583 2881 743 2930 more,
778 2872 840 2916 ut
877 2868 952 2916 sic
976 2868 1130 2917 etiam
1169 2868 1413 2919 derideat

346 2941 601 2991 Senecam
625 2943 989 3006 gratulantem,
1016 2942 1154 2994 forte
1188 2943 1414 3004 01)*αωί-

347 3018 529 3068 citiam
552 3033 671 3067 cum
691 3018 937 3080 Thrasea,
960 3020 1042 3068 vel
1063 3026 1210 3070 certe
1233 3020 1301 3069 ob
1336 3035 1413 3069 sa·

345 3093 599 3159 pientiam
628 3093 765 3142 illius
790 3093 1032 3156 similem;
1071 3097 1154 3146 vel
1190 3103 1249 3146 ut
1271 3097 1413 3161 vulgi

346 3185 584 3222 rumores
614 3171 908 3234 colligeret.
974 3173 1229 3223 Olim-sic
1270 3188 1414 3237 spar-

348 3253 496 3297 serat
513 3261 768 3297 rumorem
787 3249 1104 3298 reconciliati
1127 3249 1282 3304 animi
1301 3264 1418 3297 cum

346 3329 537 3384 matre,
571 3330 631 3372 ut
670 3323 809 3372 illam
844 3322 1083 3374 muliebri
1104 3324 1414 3376 credulitate

346 3398 509 3448 Baias
532 3399 827 3463 pelliceret,
854 3399 1220 3464 perderetque.

416 3476 580 3538 Puto,
612 3476 761 3525 Nero
780 3476 972 3525 delusit
994 3479 1261 3538 Senecam,
1295 3491 1413 3527 cum

349 3568 408 3604 se
428 3553 670 3603 Thraseae
721 3553 1111 3602 reconciliatum
1154 3553 1309 3614 dixit,
1345 3553 1414 3619 (si

345 3636 500 3681 certe
516 3626 692 3692 dixin)
701 3629 1153 3693 gratulantemque
1167 3630 1417 3680 Senecam

349 3705 558 3770 sprevit
575 3705 898 3769 hor-ruitque.
967 3705 1108 3755 Hinc
1127 3712 1295 3756 tamen
1315 3707 1422 3769 glo-

350 3784 432 3834 ria
454 3784 667 3832 Seneca!
700 3788 756 3831 et
787 3779 928 3830 fama
964 3781 1219 3844 gliscebat
1241 3781 1296 3831 in'
1311 3781 1418 3831 vul·

351 3874 470 3925 gns,
508 3857 646 3907 unde
703 3857 991 3920 periculum
1051 3858 1259 3906 summis
1298 3856 1421 3906 viris

348 3936 593 3985 Thraseae
634 3939 689 3981 et
729 3933 974 3991 Senecae;
1007 3932 1126 3980 binc
1166 3938 1223 3981 et
1259 3930 1422 3995 gloria

350 4009 716 4078 promanabat,
744 4007 1094 4057 accrescebat.

419 4088 667 4151 Pericula]
699 4086 828 4135 Cum
850 4084 1079 4133 Thrasea
1109 4085 1421 4134 salutatione

353 4166 568 4234 publica
588 4163 878 4228 prohibitus
900 4169 1055 4221 esset,
1076 4170 1224 4225 puto,
1238 4166 1424 4230 vulgus

351 4252 555 4295 vesana
577 4239 900 4304 impudentia
924 4239 1173 4304 confinxit
1193 4240 1325 4292 hanc
1348 4239 1425 4296 fa-

1386 4323 1546 4375 Tacit.

488 4312 667 4389 υιιριι.
692 4326 741 4371 et
771 4320 1047 4379 Van-‚ctas

1491 2407 1682 2473 bolam,
1703 2408 1896 2458 dixisse
1921 2408 2203 2465 Neronem,
2233 2417 2290 2453 se
2325 2403 2561 2455 reconci-

1490 2487 1671 2536 liatum
1693 2487 1956 2546 Thraseae,
1980 2489 2036 2532 ct
2064 2480 2376 2546 gratulatum
2397 2480 2559 2531 Sene·

1491 2578 1605 2612 cam
1628 2561 1802 2613 fuisse.

1554 2641 1701 2690 Talia
1744 2637 2029 2702 tingebant,
2070 2649 2167 2684 nec
2211 2632 2556 2683 advertebant

1491 2715 1644 2765 otiosi
1682 2716 1754 2764 illi
1789 2713 2066 2777 vesanique
2107 2710 2420 2760 fabulatores
2458 2708 2557 2759 tali

1490 2791 1624 2841 fama
1647 2792 1840 2841 irritari
1880 2790 2158 2847 Neronem,
2193 2793 2247 2835 et
2279 2784 2454 2848 augeri
2477 2784 2555 2835 sic

1492 2874 1691 2917 temere
1709 2867 1944 2932 pericula
1965 2877 2274 2914 summorum
2299 2861 2556 2923 virorum3

1494 2945 1601 3009 qui,
1620 2960 1722 3009 quo
1742 2943 2000 3007 gratiores
2024 2942 2075 2990 in
2096 2940 2298 3003 vulgus,
2313 2952 2375 2988 eo
2393 2937 2556 3003 niagis

1490 3022 1669 3073 infesti
1691 3022 1888 3074 Neroni
1912 3027 2080 3070 erant.

1495 3127 1500 3132 ·
1553 3101 1746 3165 Sicque
1770 3099 1993 3149 caritate
2016 3105 2073 3146 et
2096 3098 2296 3160 pietate
2323 3095 2458 3146 male
2480 3107 2561 3144 sa·

1494 3193 1564 3226 na
1585 3176 1916 3225 maturabant
1937 3175 2035 3223 illis
2058 3172 2359 3235 perniciem,
2375 3170 2562 3233 praci-

1497 3251 1840 3315 pitabantque
1882 3251 1933 3297 iu
1978 3248 2222 3297 exitiumz
2281 3246 2357 3294 sic
2396 3245 2560 3294 virtu-

1500 3333 1626 3386 tem,
1642 3339 1791 3388 quam
1808 3323 2074 3384 amabant,
2093 3320 2387 3385 perdebant
2402 3318 2562 3372 nimio

1501 3414 1694 3450 amore.

1537 3476 1583 3510 ‘¹
1615 3477 1849 3533 Quoniam
1882 3477 1996 3542 Dii]
2041 3476 2277 3528 Justiuus
2313 3477 2349 3525 l.
2376 3487 2488 3526 ιιι.
2509 3478 2565 3525 8.

1503 3554 1571 3603 de
1592 3553 1827 3620 Parthis:
1864 3559 1878 3582 ⁴
1898 3553 1963 3601 In
1998 3550 2447 3616 superstitionibus
2482 3556 2563 3600 at·

1499 3644 1603 3694 que
1626 3643 1753 3677 cura
1783 3629 2008 3677 Deorum
2042 3627 2307 3692 praecipua
2329 3624 2571 3677 omuibus

1500 3707 1771 3776 veneratio
1788 3707 1903 3757 est.'

1503 3799 1520 3818 ε’
1536 3783 1601 3824 ῑἮ·
1637 3784 1926 3847 Ignominia]
1975 3785 2094 3833 Non
2119 3783 2229 3831 sine
2252 3782 2424 3845 aliqua
2443 3778 2562 3829 labe

1497 3859 1722 3909 Romani
1743 3861 1980 3918 nominis,
2002 3874 2104 3909 non
2126 3861 2239 3908 sine
2257 3856 2452 3921 flagitio
2473 3855 2565 3907 mi·

1500 3936 1659 3985 litari.

1565 4018 1591 4044 ¹¹
1624 4013 1734 4061 Non
1758 4011 2103 4074 recusaturum]
2157 4010 2272 4059 Rex
2296 4006 2565 4058 metuebat

1501 4087 1796 4150 admodum,
1813 4102 1878 4135 ne
1887 4088 2148 4136 Tiridates
2160 4084 2324 4134 frater
2339 4083 2563 4148 aliquam

1505 4164 1709 4214 servitii
1730 4164 1954 4227 speciem
1982 4161 2275 4225 praeferret,
2304 4175 2373 4209 ue
2403 4160 2566 4210 decus

1503 4241 1874 4291 Arsacidarum
1900 4240 2041 4308 turpi
2064 4233 2329 4303 obsequio,
2347 4242 2438 4287 aut
2458 4249 2568 4287 ser-
