3063 4952
2344 398 2531 471 1888

319 628 324 631 Α
409 578 521 643 17.
571 576 845 642 Ducum
869 576 1042 646 inter
1057 593 1131 638 se
1160 573 1380 638 brevis
1411 572 1924 636 sermosecutus
1953 572 2077 633 est.
2164 564 2323 633 Hoc
2372 567 2532 631 con·-

323 684 658 763 querente¹
687 683 706 712 ‘
731 679 1003 743 irritum‘
1030 676 1324 740 laborem
1344 696 1361 739 t
1383 670 1680 757 potuisse
1698 673 1941 738 bellum
1960 670 2118 754 suga
2134 669 2533 735 Parthorum

323 781 494 846 finiri
517 780 557 862 ;’
585 781 694 847 ille
725 786 746 814 ‘
775 781 1028 861 integra
1066 779 1352 865 utrique²
1398 783 1642 842 cuncta
1658 775 1678 801 ’
1720 775 2092 861 respondit&
2139 777 2160 807 ‘
2193 775 2532 838 converte?-

322 888 466 949 rent
495 878 780 966 aquilasf
800 886 864 945 et
880 881 1100 966 juncti
1124 880 1510 946 invaderent
1537 879 1942 955 Armeniam,
1977 878 2303 942 abscessu
2322 871 2532 939 Volo-

324 987 510 1068 gesis
549 970 967 1048 infirmatam.
1079 981 1243 1046 Non
1282 1000 1366 1047 ea
1418 982 1846 1067 Imperatoris
1897 980 2141 1044 habere
2179 971 2535 1052 mandatas

315 427 458 491 sve.
479 424 592 503 os]
615 446 633 493 ⁷:
1016 418 1428 478 ANNAmuM
1478 426 1629 474 mn.
1672 423 1804 472 xv.

325 1228 330 1237 .
371 1184 557 1237 Duces
593 1183 791 1232 invicem
830 1182 1033 1231 breviter
1060 1181 1255 1231 allocuti
1283 1185 1412 1241 aaut,
1458 1180 1720 1230 Corbulone
1750 1194 1776 1229 e
1871 1181 2095 1238 nutante,
2134 1175 2364 1226 inutilem
2383 1171 2538 1232 ‚fidae

324 1264 462 1298 suum
502 1247 903 1312 expeditionem,
946 1247 1174 1310 potuisse
1215 1246 1413 1310 patrari
1458 1246 1668 1308 bellum,
1702 1260 1796 1308 pro
1836 1245 1986 1307 igatis
2030 1242 2257 1291 Parthis.
2338 1239 2541 1300 Paetus,

324 1314 538 1377 utrique
562 1314 732 1364 omnia
755 1314 958 1374 integra
979 1326 1095 1372 esse,
1116 1310 1328 1373 ubjecit,
1351 1312 1498 1373 signa
1515 1312 1802 1372 verterent,
1821 1316 1879 1358 et
1899 1309 2048 1357 simul
2071 1307 2208 1367 sacto
2239 1306 2415 1367 impetu
2435 1301 2540 1350 Ar·

327 1380 554 1429 meniam
580 1379 943 1442 irrumperent,
965 1378 1203 1445 *abeunte
1227 1377 1483 1440 Vologese
1504 1375 1802 1425 invalidam.
1870 1373 2165 1438 Respondit
2191 1371 2410 1433 Corbulo,
2433 1380 2538 1417 non

1259 1513 1288 1532 Ι
1295 1506 1617 1531 θθθθθθθθθθ

406 1619 434 1664 1
471 1614 757 1678 Pet-peram
779 1612 830 1662 in
855 1613 986 1663 Mss.
1011 1619 1068 1662 et
1091 1612 1353 1662 veteribus
1371 1610 1696 1671 editionibus,
1716 1607 2109 1672 conquerentium.
2165 1603 2230 1651 Iu
2249 1603 2375 1653 Mss.
2398 1601 2540 1650 Flor.

341 1678 523 1730 Guelf.
557 1680 676 1737 hoc-‚-
708 1680 844 1728 unde
868 1685 1012 1728 recte
1035 1678 1382 1738 emendatum,
1419 1681 1739 1739 conquerente,
1759 1682 1817 1723 nt
1849 1674 2055 1721 volebat
2080 1669 2327 1717 Faernus.
2399 1665 2542 1715 Male

329 1746 387 1795 iu
413 1745 524 1794 aliis
543 1745 673 1794 Mss.
696 1744 773 1793 hic
793 1745 874 1793 vel
894 1744 1009 1794 Ιεαιιτ.Ἰ
1076 1744 1263 1792 Mallet
1286 1744 1558 1805 Ernestns,
1575 1741 1684 1790 huic
1708 1738 2039 1803 conquerenti.
2074 1733 2403 1784 Breuem—2
2436 1726 2546 1780 Ms.
2578 1746 2584 1753 ·

1331 1895 1544 1975 No'rAE

333 2020 534 2104 fectus,
558 2029 919 2095 ibisubstitit.
984 2024 1267 2097 Postquam
1301 2031 1402 2080 Ro·
1479 2029 1568 2095 qui
1603 2041 1808 2092 semper
1838 2024 2133 2076 humiliores
2169 2026 2226 2072 et
2263 2006 2432 2070 animo
2452 2000 2549 2089 de-

334 2109 477 2158 mani
502 2110 713 2173 propius
734 2109 801 2159 ad
831 2124 887 2159 se
919 2108 1138 2160 invicem
1162 2107 1401 2158 accessis·
1479 2106 1623 2159 missi
1654 2105 1814 2171 magis
1848 2119 2000 2169 quam
2023 2103 2058 2151 ii
2085 2101 2170 2166 qui
2212 2103 2450 2148 recentes
2475 2106 2544 2143 ex

335 2178 477 2247 sent,
520 2185 797 2234 maximum
853 2185 969 2248 quis
1021 2184 1298 2233 discrimen
1347 2189 1403 2233 et
1482 2184 1736 2247 opulentis
1777 2180 2045 2245 praesidiiS,
2078 2180 2291 2243 pingues
2311 2180 2368 2223 et
2388 2167 2546 2221 nitidi

335 2260 596 2324 ¹legionum
628 2268 686 2311 et
718 2261 906 2312 ducum
939 2261 1402 2321 animadvertisset,

338 2351 461 2386 cum
476 2337 528 2386 hi
545 2338 657 2386 laeti
673 2344 728 2386 et
742 2338 933 2387 hilares
950 2335 1221 2399 splendide
1240 2343 1406 2384 semet

336 2415 408 2480 ob
429 2413 813 2464 festinationem
837 2416 887 2464 in
909 2415 1093 2464 itinere
1112 2411 1405 2476 pr‘aestitam

338 2488 612 2552 efferrent,
646 2491 722 2539 illi
760 2490 1042 2540 molestiam
1075 2488 1407 2553 perciperent
1439 2511 1444 2515 ·

337 2573 400 2617 et
419 2567 800 2630 compositionis
832 2566 992 2617 factae
1026 2579 1179 2615 causa
1210 2565 1407 2629 pudore

336 2641 796 2693 suffunderentur.'
861 2643 938 2692 At
972 2657 1075 2692 non
1108 2642 1222 2692 haec
1261 2653 1407 2690 mens

264 2777 269 2783 ,
339 2720 537 2783 Taciti,
557 2735 710 2785 quam
744 2735 846 2771 non
878 2720 1020 2784 cepit
1054 2720 1179 2782 Dio,
1201 2720 1284 2769 vel
1326 2723 1411 2769 ‘ca-

340 2811 473 2862 pere
513 2797 697 2847 noluit.
773 2797 877 2847 Sed
917 2796 973 2846 id
1016 2795 1411 2847 condonandum

342 2875 616 2925 Graeculo.

407 2952 551 3017 Apud
576 2945 796 3014 minores]
844 2950 1102 3015 Intelligit
1124 2949 1409 3014 manipulas

342 3030 446 3079 rios
464 3036 521 3079 et
546 3030 773 3093 plebeios
795 3029 1006 3090 milites,
1042 3028 1129 3092 qui
1166 3027 1411 3078 ‘commili-

343 3112 527 3158 tonum
547 3106 709 3171 magis
728 3104 1131 3166 miserebantur,
1146 3118 1297 3169 quam
1320 3102 1413 3151 dua

342 3197 434 3231 ces
456 3183 697 3246 invicem,
731 3182 854 3247 quia
877 3182 1044 3244 longe«
1065 3181 1233 3230 minor
1257 3181 1413 3229 aeniu-

343 3261 475 3310 latio
497 3261 638 3311 inter
661 3260 919 3325 gregarios
953 3259 1161 3320 milites,
1185 3266 1241 3308 et
1271 3273 1414 3322 soepe

344 3339 510 3388 nulla.
577 3340 648 3388 Et
680 3345 797 3388 cuni
832 3337 1047 3387 aliorum
1083 3337 1413 3394 miserentur,

348 3414 660 3479 semetipsos
697 3414 1004 3478 respiciunt,
1058 3417 1225 3461 semet
1267 3410 1417 3459 mise.

350 3493 533 3540 rantur
566 3490 620 3539 in
652 3491 800 3540 aliis:
834 3491 951 3541 cum
975 3491 1167 3539 sortem
1189 3491 1416 3537 comnin-

348 3569 472 3617 nem
492 3565 709 3631 deflent,
727 3583 872 3617 suam
907 3582 1014 3617 rem
1048 3572 1238 3631 agunt:
1262 3565 1278 3593 ‘
1304 3566 1413 3614 Ha*

346 3644 478 3707 bent
507 3645 561 3693 in
594 3646 806 3695 consilio
842 3644 1102 3695 fortunam
1144 3642 1319 3706 suam,’
1356 3648 1416 3692 ut

345 3721 520 3787 inquit
542 3723 771 3774 Curtius.

361 3831 368 3836 -
412 3797 559 3861 Apud
587 3797 813 3862 minores]
858 3799 1020 3849 Victos
1039 3797 1312 3861 intellige:
1356 3802 1417 3846 ut

347 3869 562 3924 meliores
587 3883 723 3936 sunt,
747 3877 1085 3941 potentiores,
1107 3875 1419 3939 superiores·

346 3966 451 4017 que
471 3952 562 4014 qui
583 3952 813 4016 vincunt,
837 3952 914 4001 ita
945 3958 1003 4002 et
1023 3952 1144 4001 victi
1167 3957 1290 4000 sunt
1322 3952 1411 4001 uti-

346 4042 488 4078 nores
517 4035 674 4092 atque
715 4028 1035 4078 infirmiores.
1123 4026 1283 4090 Apud
1322 4029 1412 4077 bos‘

346 4105 494 4154 ‘valet
516 4105 780 4168 precipue
799 4105 1139 4167 misericordia,
1161 4105 1284 4170 quia
1305 4103 1412 4164 for-

351 4185 520 4232 tunam
556 4184 799 4232 adversim
832 4183 1019 4245 experti
1052 4187 1180 4232 sunt.
1246 4183 1317 4231 Et
1340 4189 1419 4231 'se-

349 4259 494 4325 ipsos
516 4258 808 4323 respiciunt
826 4258 880 4307 in
903 4259 1170 4310 similibus.
1341 4277 1344 4278 ⁷

417 4338 566 4401 Apud
592 4337 794 4390 unimores
815 4336 994 4401 magis]
1048 4335 1205 4403 Apud
1231 4336 1424 4402 victos,

1486 2260 1550 2308 ad
1574 2261 1768 2310 bellum
1785 2255 2196 2321 proficiscuntur.

1550 2345 1571 2370 e
1605 2338 1727 2387 Haec
1745 2333 2143 2398 conquerentium.-
2172 2323 2388 2386 irritum]
2411 2320 2551 2372 Red-

1486 2415 1609 2463 dere
1664 2410 1972 2462 sententiam
2017 2406 2201 2471 possiS,
2252 2401 2430 2452 nescio
2483 2412 2551 2447 an

1487 2492 1661 2552 rerba,
1682 2489 1725 2539 si
1747 2490 1923 2551 legas;
1969 2485 2066 2536 Hic
2097 2481 2334 2546 conqueri,
2364 2481 2550 2529 tautum

1484 2568 1681 2617 irritum
1714 2565 1915 2615 laborem
1931 2579 1947 2612 .·
1983 2561 2084 2625 vei,
2112 2560 2197 2608 hoc
2231 2557 2552 2620 conquerente.

1489 2644 1674 2693 Brevis
1697 2656 1861 2691 sermo
1880 2641 2086 2702 ducum,
2100 2634 2289 2701 inquit.
2323 2630 2552 2682 Corbulo

1490 2721 1827 2787 querebatur,
1862 2716 2053 2766 frustra
2074 2729 2130 2764 se
2152 2722 2458 2777 properasse
2496 2711 2555 2756 et

1492 2798 1724 2847 laborem
1747 2810 1863 2845 eum
1904 2791 2163 2853 sumsisse,
2185 2802 2300 2838 cum
2322 2786 2409 2835 ille
2433 2796 2558 2833 aux-

1487 2873 1631 2924 ilium
1649 2879 1750 2923 no'n
1771 2865 2119 2936 expectasset.
2152 2867 2334 2916 Paetus
2356 2857 2558 2922 con'tra,

1487 2952 1696 3016 integra
1734 2949 1927 3011 omnia,
1950 2950 2051 2996 διὸ.
2120 2942 2406 2994 Palme'rius
2442 2939 2560 2987 ἠοῖ-

1493 3037 1576 3080 ter
1599 3028 1842 3090 malebat,
1870 3027 2008 3089 hujus
2026 3018 2346 3088 conquerentis
2364 3015 2558 3066 irritum

1492 3107 1717 3168 laborem,
1750 3105 1880 3154 illius
1919 3102 2110 3164 integra
2153 3098 2339 3160 ‘utrique'
2381 3093 2560 3144 omnio.

1492 3183 1715 3245 Lipsius;

1559 3256 1580 3288 f
1632 3258 1972 3306 Converterent
2008 3248 2211 3315 aquilos]
2265 3247 2382 3295 Hoc
2421 3243 2560 3294 forte

1497 3333 1668 3398 potuit
1704 3332 1886 3381 Paetus
1919 3329 2170 3377 inviolato
2209 3320 2426 3383 foedere,
2462 3318 2562 3369 nisi

1494 3411 1634 3460 intra
1655 3407 1995 3459 constitutum
2036 3410 2242 3464 tempus
2283 3399 2399 3446 Rex
2419 3396 2562 3460 lega-

1496 3495 1578 3538 tos
1614 3486 1857 3546 misisset,
1896 3488 1986 3532 aut
2019 3480 2061 3529 si
2096 3476 2234 3527 irriti
2264 3472 2562 3525 rediissent.

1497 3566 1615 3615 Nec
1639 3569 1783 3612 certe
1814 3558 1993 3609 debuit
2014 3554 2238 3606 Corbulo
2272 3549 2564 3601 inferrear-

1493 3655 1580 3690 ma
1617 3639 1800 3687 alienae
1846 3633 2148 3700 provinciae,
2185 3628 2297 3679 sine
2334 3625 2564 3691 propriis

1494 3713 1779 3766 mandatis:
1816 3725 1913 3760 nec
1947 3706 2241 3775 prudentias
2264 3703 2363 3753 fuit
2394 3716 2449 3752 se
2471 3702 2565 3749 im-

1495 3793 1718 3843 miscere
1740 3789 1883 3840 cladi
1895 3783 2114 3837 bominis
2149 3788 2272 3847 post
2288 3779 2478 3837 foedus,
2502 3783 2561 3827 et

1498 3869 1707 3933 quidem
1730 3874 1905 3930 turpe,
1924 3862 2127 3911 initum.
2508 3875 2511 3882 ¹

1570 3946 1640 3995 Et
1661 3945 1800 3994 ultro
1832 3940 1972 3992 cavit
2011 3938 2214 3996 ducem,
2251 3938 2310 3980 ut
2331 3927 2565 3990 inscium,

1502 4024 1579 4072 ita
1601 4028 1655 4070 et
1674 4018 2001 4068 ambitiosum
2026 4019 2183 4075 atque
2202 4007 2440 4058 aemulum
2457 4019 2565 4056 suae

1500 4099 1699 4163 gioriae,
1720 4093 1806 4159 qui
1832 4097 2084 4157 prospera
2106 4086 2205 4136 sibi
2230 4083 2566 4142 vindicasset,

1500 4176 1558 4225 et
1593 4175 1771 4233 decus,
1809 4179 1873 4218 ut
1908 4168 1959 4216 in
1998 4180 2092 4216 sua
2116 4160 2383 4227 provincia
2412 4157 2568 4210 rebus

1498 4253 1634 4303 bene
1670 4247 1851 4314 gestis,
1889 4251 1947 4295 et
1982 4241 2201 4294 adversa
2222 4237 2488 4289 retulisset
2511 4235 2569 4288 iu

1503 4327 1871 4382 Corbulonem.
