3063 4952
468 411 642 483 1978

460 577 684 644 ῐίοιιθ.3
706 580 734 609 ·
816 572 1239 649 Lateranum,
1281 569 1642 636 Consulem
1691 567 2123 651 designatum,
2174 568 2364 633 nulla
2414 568 2682 653 injuria,

461 679 581 746 sed
608 698 796 744 amor
825 675 1143 760 Reipubl.
1176 674 1480 739 sociavit.
1574 671 1670 737 At
1715 671 1992 736 Flavius
2022 671 2346 736 Scevinus
2391 678 2458 735 et
2487 670 2687 736 Afra-

459 783 613 848 nius
668 780 1133 862 Quintianus,4
1172 783 1457 860 uterque
1507 775 1837 840 Senatorii
1866 774 2143 853 ordinm,
2172 781 2408 839 contra
2437 774 2687 840 famam

461 887 590 964 sui,
620 884 1027 971 principium
1057 883 1219 947 tanti
1247 879 1559 945 facinoris
1602 876 2070 964 capessivere?
2158 877 2341 942 Nam
2387 878 2684 943 Scevino

462 989 793 1054 dissoluta
813 988 983 1053 luxu
1004 1005 1215 1064 menS,
1233 989 1299 1049 et
1319 982 1594 1069 proinde
1616 984 1759 1049 vita
1802 1003 2036 1048 somno
2072 982 2420 1066 languida:
2470 980 2689 1061 Quin-

1183 424 1250 477 0·
1289 422 1659 473 'commun
1702 422 1965 473 'mom
2357 426 2452 493 [Α.
2475 426 2544 480 U.
2567 430 2686 487 ⁸19.

461 1178 715 1244 tuissetque
731 1178 972 1242 publicare
995 1178 1183 1241 studia,
1198 1192 1320 1227 nana
1337 1176 1627 1227 imitatione.
1688 1176 1834 1227 Nulla
1855 1177 2130 1227 contumelia
2150 1175 2371 1238 adiunxit
2390 1174 2689 1248 Lateranum

461 1245 688 1292 consulem
719 1244 1026 1304 destinatum,
1059 1246 1139 1292 sed
1161 1245 1375 1292 studium
1405 1243 1457 1291 in
1495 1243 1665 1305 Remp.
1732 1243 1831 1292 Sed
1866 1243 2061 1294 Flavius
2092 1242 2332 1303 Saevitia-⁹,
2368 1247 2418 1316 et
2452 1239 2689 1298 Afranius

467 1309 800 1371 Quinctianae,
820 1308 954 1358 ambo
974 1310 1224 1358 senatoriae
1243 1307 1522 1369 dignitatis,
1553 1312 1733 1372 prater
1754 1309 2152 1358 existimationem
2177 1309 2272 1369 sui,
2304 1320 2494 1383 primas
2526 1308 2692 1368 partes

463 1373 587 1423 ta'nti
597 1374 836 1435 facinoris
866 1389 1121 1437 suscepere.
1181 1374 1368 1438 Quippe
1387 1372 1584 1423 Saevino
1594 1373 1790 1435 fractus
1810 1375 2000 1425 luxuria
2021 1373 2222 1436 animus,
2242 1378 2288 1421 et
2309 1387 2381 1421 su:
2399 1373 2506 1420 vita
2525 1383 2691 1433 sopore

1388 1507 1416 1525 0
1420 1507 1475 1526 00
1479 1506 1682 1526 '‘00⁸0“
1687 1504 1744 1525 00

464 1592 746 1654 centiores,
767 1592 1098 1656 cupidine—3
1141 1593 1299 1642 Vanus
1312 1593 1664 1643 assimulatione
1687 1590 1981 1642 Gronovius
2000 1595 2055 1640 et
2080 1586 2311 1653 Ryckius
2332 1602 2349 1646 3
2384 1591 2441 1662 et
2461 1584 2539 1660 sic
2561 1583 2693 1660 {ko--

459 1658 623 1706 tierus
663 1673 777 1707 cum
819 1658 1064 1708 Homer-0.
1131 1659 1235 1708 Ms.
1261 1660 1392 1722 Reg.
1416 1657 1952 1708 vanasasimulatione.
2018 1656 2123 1703 Ma.
2152 1652 2286 1717 Agr.
2319 1656 2691 1725 vanitatis-insi·

459 1723 732 1773 mulatione.
798 1723 901 1773 Ms.
940 1725 1145 1773 Fames.
1169 1740 1287 1773 vana
1307 1723 1681 1779 assimulatione.
1749 1723 1957 1785 Lipsius
1980 1720 2163 1769 mallet
2182 1732 2332 1767 vanus
2351 1717 2655 1765 emulatione
2671 1731 2688 1762 .·

464 1786 731 1851 Heinsius‚
752 1804 874 1837 rana
894 1790 1205 1839 mnulatione.
1273 1790 1488 1853 Bipont.
1522 1793 1810 1853 sequuntur
1846 1786 2009 1850 Lipsii
2049 1784 2423 1849 conjecturam.
2487 1780 2692 1853 Sequor

461 1859 515 1900 et
539 1867 655 1915 ego.
724 1854 957 1902 Freinsb.
983 1855 1191 1910 volebat
1215 1854 1469 1912 vanissima
1488 1855 1802 1915 malatinae,
1835 1852 1974 1916 quod
2011 1850 2078 1900 ad
2113 1851 2251 1913 vulg.
2278 1844 2693 1922 probe-accedit.

457 1915 578 1966 Jac.
614 1917 776 1967 Gron.
818 1919 870 1966 in
908 1919 1189 1968 subsidium
1233 1921 1462 1983 vulgata!
1496 1919 1736 1969 lectionis
1775 1916 1929 1967 affert
1966 1931 2031 1965 ex
2070 1921 2154 1977 16,
2197 1919 2278 1964 17.
2317 1913 2333 1941 ‘
2358 1910 2693 1961 assimulatas

463 1981 892 2031 Lucaniliteras.’
962 1983 1275 2034 Oberlin.—4
1311 1986 1396 2034 Ita
1434 1986 1586 2050 vulgo
1624 1985 1751 2034 Mss.
1791 1989 1847 2033 et
1885 1982 2143 2032 editiones
2184 1986 2406 2029 veteres.
2474 1974 2542 2025 In
2582 1975 2693 2025 Ms.

1467 2134 1681 2188 NOTAE

464 2244 615 2305 genio
637 2243 962 2293 aeternitatiS.
1026 2241 1236 2309 Lipsius.

529 2321 650 2370 Non
673 2335 845 2370 amore
869 2320 1122 2371 doctrinae
1142 2329 1232 2372 aut
1251 2321 1402 2373 famae
1425 2321 1528 2372 Lu·

460 2399 600 2460 cani,
623 2397 813 2447 famam
839 2397 1001 2463 ipsius
1027 2400 1271 2449 servavit.
1337 2398 1443 2449 Sed
1463 2414 1531 2450 ne

461 2474 634 2524 odium
658 2475 949 2525 mortalium
982 2474 1035 2525 in
1056 2491 1111 2526 se
1136 2475 1452 2539 intenderet,
1476 2482 1534 2526 et

463 2552 754 2613 praesertim
782 2551 1065 2615 poetarum,
1087 2553 1176 2617 qni
1216 2552 1392 2602 statim
1423 2552 1531 2601 exi-

464 2628 590 2676 tium
617 2628 754 2676 illius
778 2625 969 2678 infeste
994 2627 1327 2679 deridebunt.

527 2711 550 2736 ²
589 2704 746 2752 Vanus
766 2704 1090 2767 aemulatione]
1131 2708 1302 2770 Vulgo
1337 2707 1533 2757 assimu-

459 2782 670 2832 latione:
702 2782 795 2831 sed
821 2782 948 2846 quid
972 2782 1069 2831 sibi
1103 2784 1216 2832 vult
1251 2784 1353 2848 hic,
1386 2799 1536 2833 camis

462 2855 852 2910 assimulatione?
899 2858 986 2908 An
1006 2860 1143 2925 quod
1171 2861 1314 2910 Nero
1333 2877 1464 2910 vano
1478 2868 1535 2911 et

462 2935 611 2983 irrito
648 2941 837 2984 conatu
876 2937 1180 2997 assimilare,
1212 2944 1268 2987 et
1308 2937 1534 2988 reddere

468 3012 663 3061 Lucani
689 3027 865 3062 versus
890 3013 1091 3063 voluit?
1156 3014 1240 3064 Ita
1262 3016 1536 3080 scriberes,

460 3087 836 3138 assimilatione..
855 3090 960 3138 Sed
984 3105 1085 3140 non
1107 3092 1302 3157 placet,
1323 3109 1391 3143 ne
1414 3095 1536 3144 Far-

466 3167 731 3216 nesianum
755 3168 961 3231 quidem
986 3169 1256 3233 scriptum,
1276 3186 1400 3219 vana
1418 3173 1536 3220 assi-

462 3244 733 3293 mulatione.
803 3245 945 3309 Lego
968 3246 1176 3310 clarius,
1208 3262 1356 3297 vanus
1385 3264 1531 3298 ‹emu-

460 3322 656 3381 latione.
721 3321 944 3386 Lipsius.

529 3399 688 3447 Certe
728 3401 977 3448 <emulatus
1012 3405 1084 3449 est
1126 3401 1269 3451 Nero
1307 3403 1534 3453 carmina

462 3476 679 3539 Lucani,
693 3478 781 3526 sed
803 3493 894 3527 sua
914 3479 1178 3530 assimilare
1200 3496 1302 3530 non
1328 3484 1528 3547 potuit:

463 3552 635 3613 potuit
656 3553 947 3616 assimulare,
972 3561 1029 3604 et
1060 3557 1127 3605 de
1160 3557 1301 3608 facto
1334 3561 1531 3611 assimu-

464 3628 602 3691 lavit,
626 3635 681 3678 et
713 3631 766 3677 in
802 3645 863 3679 eo
902 3647 1048 3680 vanus
1085 3632 1203 3699 fuit,
1239 3637 1360 3699 quia
1395 3637 1533 3687 haud

467 3718 562 3767 par
583 3705 862 3769 ingenium,
879 3722 982 3757 non
1006 3724 1103 3773 par
1128 3711 1323 3761 indoles
1346 3719 1400 3761 et
1418 3713 1536 3764 doc-

472 3780 625 3844 trina,
668 3783 837 3846 impar
881 3783 1141 3836 facundia.
1223 3789 1536 3853 Aesimum-e,

465 3864 546 3911 est
568 3873 891 3924 comparare,
915 3862 1259 3926 aequiparare,
1289 3872 1346 3914 et
1365 3866 1531 3917 simile

462 3933 680 3999 fingere,
699 3937 834 4000 quod
861 3938 1076 3999 patebit
1111 3953 1178 3987 ex
1213 3940 1322 3989 aliis
1353 3942 1530 3993 Taciti

461 4009 607 4060 locis.
640 4011 756 4060 Lib.
777 4011 843 4061 de
865 4014 1002 4062 Mor.
1017 4014 1197 4064 Germ.
1216 4020 1266 4065 9.
1291 4018 1304 4044 ‘
1320 4019 1369 4068 N
1375 4034 1433 4067 ec
1447 4035 1528 4070 co·

462 4084 644 4135 bibere
685 4090 968 4146 parietibus
989 4091 1155 4154 Deos,
1188 4107 1356 4158 neque
1377 4096 1432 4144 in
1455 4098 1527 4146 nl·

462 4160 564 4208 lam
587 4162 794 4219 humani
828 4167 932 4214 oris
956 4168 1180 4231 speciem
1204 4171 1527 4234 assimulare,

464 4250 532 4283 ex
568 4240 924 4300 magnitudine
960 4244 1245 4295 coelestium
1280 4247 1531 4298 arbitran-

463 4312 590 4363 tur!
657 4314 845 4380 Neque
877 4314 1016 4369 foi-te
1037 4326 1151 4373 toto
1185 4323 1375 4375 Tacito
1411 4329 1528 4377 assi·

1609 2246 1781 2296 milare
1803 2243 2055 2308 reperias.

1686 2322 1846 2373 Vanus
1863 2316 2239 2380 assimulatione]
2288 2317 2442 2367 Vana
2479 2328 2693 2379 compa-

1609 2400 1835 2450 ratione.
1901 2397 2089 2446 Tantae
2113 2395 2367 2445 vecordiae
2391 2392 2497 2443 fuit
2525 2392 2694 2454 Nero,

1613 2484 1673 2528 ut
1695 2476 1926 2528 carmina
1947 2491 2039 2524 sna
2060 2490 2178 2525 cnm
2203 2472 2401 2524 Lucani
2424 2486 2694 2535 compara-

1614 2562 1716 2607 ret.
1793 2554 1882 2605 Sic
1906 2550 2085 2618 'supra
2122 2567 2171 2602 c.
2215 2555 2298 2601 39.
2349 2551 2364 2578 ‘
2390 2549 2695 2600 Praeseutia

1612 2633 1748 2683 mala
1766 2629 1987 2682 vetustis
2009 2629 2241 2678 cladibus
2263 2624 2694 2677 assimulantem.'

1679 2709 1766 2761 Sic
1788 2706 1931 2758 infra
1952 2721 2069 2758 xvr.
2090 2710 2171 2757 17.
2205 2707 2221 2733 ‘
2246 2704 2422 2753 Mixta
2441 2703 2584 2752 inter
2606 2718 2698 2767 pa-

1613 2793 1748 2837 trem
1769 2784 2039 2850 filiumque
2077 2781 2452 2846 conjurationis
2472 2779 2698 2830 scientia

1612 2865 1850 2930 fingitur,
1893 2861 2204 2913 assimulatis
2258 2859 2460 2910 Lucani
2513 2858 2699 2922 literis,

1614 2957 1743 3007 quas
1766 2943 2029 3006 inspectas
2052 2940 2198 2990 Nero
2218 2935 2348 2987 ferri
2361 2937 2427 2986 ad
2445 2951 2564 2986 eum
2578 2936 2695 3000 jus-

1612 3017 1715 3068 sit!

1690 3095 1872 3157 Vanus,
1910 3095 2058 3161 quasi
2091 3094 2395 3157 adaequaret
2428 3090 2695 3154 ingenium

1615 3178 1672 3223 et
1695 3173 1929 3223 carmina
1951 3172 2173 3235 Lucani,
2193 3171 2338 3235 qnasi
2359 3185 2458 3233 par
2480 3175 2540 3219 et
2556 3167 2698 3217 simi·

1613 3251 1678 3299 lis
1702 3251 1879 3301 divino
1913 3250 2099 3315 juveni
2134 3254 2306 3309 esset3
2340 3263 2459 3312 quae
2494 3247 2698 3296 vanitas

1611 3328 1847 3393 fuit‚non
1871 3329 2069 3379 veritas
2082 3348 2097 3390 3
2132 3334 2191 3377 ut
2213 3327 2504 3376 assimulate
2523 3325 2694 3376 literae

1612 3422 1782 3472 vanae,
1802 3422 1905 3457 non
1927 3420 2086 3470 νει-ω,
2107 3419 2211 3455 non
2232 3405 2351 3469 ipss.
2367 3403 2695 3467 autographa

1610 3489 1749 3537 sunt.

1678 3558 1704 3592 ¹³
1738 3560 2047 3624 Principiam
2071 3558 2200 3608 tanti
2225 3557 2469 3619 facinoris
2497 3555 2700 3620 capessi·

1613 3638 1744 3702 vere]
1776 3637 1900 3687 Non
1932 3636 2249 3702 principium
2282 3633 2697 3698 conjurationis3

1612 3727 1732 3762 nam
1753 3713 2023 3776 ignoratur
2054 3728 2086 3762 a
2118 3727 2221 3776 quo
2254 3711 2538 3775 inceperit,
2563 3715 2698 3759 teste

1614 3788 1838 3838 Tacito:
1887 3788 1980 3839 sed
2025 3788 2388 3838 executionem
2435 3785 2699 3848 facinoris,
2766 3849 2776 3862 ·

1613 3880 1707 3915 seu
1748 3865 1963 3929 primos,
1984 3866 2144 3927 ictus,
2179 3870 2237 3914 et
2268 3864 2322 3913 id
2358 3865 2535 3926 ipsum
2557 3862 2697 3927 quod

1613 3941 1744 3993 dicit
1766 3942 2044 3993 Suetonius
2076 3942 2190 3992 Cal.
2212 3947 2297 3991 66.

1677 4020 1694 4048 ‘
1721 4020 1922 4069 Primae
1959 4019 2058 4069 sibi
2097 4025 2274 4084 partes
2309 4018 2524 4068 Cassius
2547 4018 2701 4068 Chae·

1612 4113 1704 4151 rea
1728 4098 1968 4149 tribunus
1992 4098 2221 4148 cohortis
2244 4098 2510 4163 praetoriae
2535 4097 2698 4161 depo-

1612 4173 1822 4237 poscit,'
1861 4178 1963 4226 &c.
2029 4177 2105 4224 Et
2142 4176 2255 4239 ipse
2286 4176 2414 4224 Tac.
2451 4173 2591 4222 infra
2610 4178 2697 4223 53.

1608 4254 1623 4278 ‘
1643 4253 1846 4315 Primus
1863 4252 1960 4303 sibi
1980 4259 2159 4316 partes
2175 4253 2552 4316 expostulante
2572 4251 2698 4302 Soe-

1610 4330 1749 4395 vino,
1787 4332 1878 4398 qui
1919 4330 2202 4397 pugionem
2245 4329 2445 4395 templo
2477 4328 2698 4392 Salutis,
