3063 4952
307 431 364 487 ,t
380 433 453 486 C..
473 433 589 498 &J
624 435 632 449 ¹

1019 426 1429 478 ANNALwM
1478 422 1625 479 1:113.
1671 429 1812 480 XV.'

2338 333 2518 507 ιερὰ
2606 490 2611 496 ,

302 575 539 659 jugum
567 575 813 640 missas
840 571 1184 656 legiones,’
1200 569 1227 610 ἅ
1265 576 1334 638 et
1352 574 1494 639 'alia
1522 593 1613 640 cx
1639 576 1837 642 rebus‘
1862 575 2201 659 infaustis,
2223 600 2515 666 quorum

310 677 743 743 simulacrum
771 676 859 741 ab
884 673 1221 741 Armeniis
1241 682 1632 760 usurpatum
1653 676 1775 743 est.
1865 676 1937 743 N
1938 698 2177 765 amque
2204 688 2275 749 et
2298 686 2515 751 muni-

310 785 540 845 menta
560 780 836 863 ingressi
853 784 1030 857 sunt,
1052 784 1407 862 antequam
1435 797 1670 863 agmen
1689 779 2069 848 Romanum
2107 786 2517 866 excederet‚⁵

309 888 376 949 et
405 884 893 950 circumstetere
922 882 1095 960 via8‚
1143 878 1444 966 captiva¹
1481 882 1641 947 olim
1668 885 2036 970 mancipia,
2076 893 2191 952 ant
2210 887 2515 973 jumenta

299 1065 462 1129 fania,
497 1067 680 1143 missas
703 1067 860 1128 sitisse
882 1066 1174 1132 subjugum
1195 1065 1445 1133 legiones,
1475 1072 1523 1118 et
1555 1067 1671 1131 alia,
1697 1072 1754 1118 at
1784 1067 1925 1120 rebus
1955 1066 2255 1134 improspera
2280 1086 2392 1126 mos
2414 1080 2517 1143 est,

308 1133 440 1193 caius
461 1133 757 1196 ignominiae
779 1133 979 1196 speciem
999 1147 1278 1198 ιιειιηιαυενε
1300 1133 1535 1183 Αηπεπίἰ.
1602 1133 1787 1198 Quippe
1808 1139 1855 1184 et
1877 1139 2033 1184 castra
2061 1135 2324 1202 intrarunt,
2351 1139 2514 1203 prius-

306 1213 447 1274 quam
463 1199 615 1247 exiret
631 1197 866 1248 exercitus
881 1199 1021 1248 Rom.
1043 1203 1090 1248 et
1106 1199 1380 1248 obsederunt
1394 1198 1595 1261 itinera,
1610 1205 1910 1261 agnoscentes

1923 1199 2287 1266 abducendosque
2303 1204 2514 1268 captivos

250 1334 257 1340 ”
302 1264 492 1327 pridem
512 1277 683 1323 servos,
720 1268 807 1313 aut
837 1268 1051 1314 armenta
1081 1268 1130 1314 et
1156 1277 1344 1329 pecora.
1408 1263 1624 1329 Abi-epta
1652 1265 1796 1314 etiam
1824 1266 2119 1332 vestimenta,
2148 1270 2339 1318 ααειηέα
2359 1282 2516 1334 arma,

1230 1425 1587 1448 &oeten-ovete

308 1513 537 1579 Lipsius,
574 1530 719 1582 neque
737 1517 801 1567 iis
819 1518 944 1569 usui.
1012 1519 1337 1572 Brotier.--5
1373 1520 1459 1571 Ita
1493 1519 1628 1573 Μαι.
1649 1500 1806 1573 'Flora
1846 1519 2008 1572 Harl.
2040 1520 2195 1572 Bodl.
2234 1496 2413 1573 Guelf.
2454 1527 2514 1575 et

308 1580 564 1631 editiones
596 1587 804 1633 veteres
839 1598 901 1633 ac
940 1585 1275 1636 recentiores.

1341 1587 1641 1650 Rhenanus,
1659 1602 1771 1636 aava
1792 1591 1839 1636 et
1863 1619 1877 1635 .
1897 1619 1914 1635 .
1932 1620 1949 1636 .
1963 1621 1976 1637 .
1998 1588 2253 1638 decederet.
2321 1587 2382 1636 In
2407 1587 2511 1639 Ms.

308 1644 426 1697 Jes.
445 1661 557 1697 mm
579 1651 626 1696 et
652 1681 668 1698 .
686 1684 701 1700 .
716 1682 733 1699 .
752 1684 766 1700 .
789 1651 1051 1715 excedo-et,
1077 1650 1211 1716 quod
1228 1651 1433 1703 mallem
1450 1653 1516 1705 ob
1538 1651 1819 1718 superiora,
1831 1666 2032 1716 nmque
2048 1650 2113 1702 iis
2130 1652 2254 1704 usui.
2291 1676 2296 1681 ·
2321 1648 2385 1706 In
2406 1653 2512 1706 ΜΒ.
2560 1671 2566 1677 ·

1307 1807 1521 1860 NOTAE

304 1913 592 1964 transmisit
637 1915 883 1979 amnem,)
939 1916 1033 1967 sed
1073 1917 1372 1969 ostenderet

306 1990 571 2053 Romanis,
616 2005 675 2041 se
719 1992 1042 2056 superiorem
1083 2010 1145 2046 ac
1190 2002 1372 2061 poten·

303 2067 498 2117 tiorem
520 2067 666 2118 esse!
733 2068 942 2133 Lipsius.

324 2190 329 2193 ,
374 2144 873 2208 Recte,namqueiis.·
905 2147 1098 2212 quippe
1114 2148 1372 2201 Romanus

304 2229 520 2287 pontem
541 2223 734 2274 struxit
752 2229 999 2290 tanquam
1021 2227 1152 2289 sibi;
1187 2244 1374 2279 revera

305 2313 403 2364 pro
424 2300 657 2363 Parthis,
675 2301 760 2366 qui
782 2301 835 2351 id
849 2303 1144 2367 jusserant:
1181 2308 1373 2370 quare?

304 2377 444 2442 quod
468 2377 594 2442 ipsis
616 2378 729 2428 usui
760 2377 967 2430 futurus
995 2387 1128 2432 erat.
1162 2381 1372 2432 Deinde

304 2459 364 2505 et
407 2454 681 2522 sequentia
724 2455 824 2508 hoc
879 2458 1095 2521 volunt;
1151 2458 1373 2525 opponit

301 2532 441 2581 enim
467 2533 758 2596 haec,nostri
770 2548 859 2597 per
875 2535 1057 2584 diversa
1069 2536 1168 2586 iere
1179 2553 1196 2586 .-
1228 2537 1375 2602 quasi

302 2608 648 2674 diceret,-aam
663 2610 761 2659 illis
776 2611 1015 2675 asaisuit,
1036 2613 1229 2663 nostris
1247 2627 1372 2670 vero

301 2701 406 2737 non
429 2686 552 2750 fuit,
575 2688 662 2754 qni
676 2688 787 2739 alio
808 2688 996 2739 itinere
1021 2690 1100 2739 usi
1123 2697 1260 2742 sunt.

371 2765 489 2815 Nec
508 2764 678 2828 obest,
694 2765 835 2830 qnod
849 2781 970 2816 mox
980 2768 1371 2830 narratur,Par-

302 2841 422 2891 thos
435 2842 567 2890 vado
578 2842 821 2891 transisse
834 2857 848 2890 z
870 2856 972 2896 nec
986 2842 1122 2892 enim
1134 2843 1372 2909 sequitur

300 2918 515 2983 exinde,
537 2925 749 2982 pontem
771 2918 898 2982 ipsis
927 2919 1043 2970 usui
1065 2934 1170 2969 non
1186 2918 1372 2970 fnisse.

302 2997 667 3060 Praeterquam
699 2996 855 3058 enim,
890 2995 1026 3061 quod
1061 2996 1136 3050 sic
1170 3011 1373 3062 quoque

304 3073 501 3122 mentio
531 3072 592 3122 fit
625 3072 692 3121 de
724 3078 874 3136 parte
915 3072 1205 3137 copiarum,
1257 3088 1371 3137 quie

303 3156 468 3213 ponte
506 3148 843 3207 transierunt,
896 3147 1053 3199 facile
1097 3149 1373 3200 intellectu

302 3232 407 3290 est,
436 3240 555 3276 eum
589 3224 960 3290 magno-fuisse
983 3225 1097 3275 usui
1119 3226 1187 3275 ad
1210 3226 1376 3291 qnoti-

304 3301 488 3351 dianos
512 3301 776 3362 transitus,
806 3309 860 3350 et
882 3307 1220 3360 commeatus,
1252 3300 1374 3350 alia-

305 3392 408 3443 que
432 3377 572 3427 bello
597 3377 889 3427 necessaria
907 3376 1308 3428 transvehenda.

308 3490 313 3496 α
371 3457 648 3507 Necenim
672 3457 920 3506 credibile
943 3462 1046 3518 est,
1080 3469 1169 3506 eos
1199 3455 1264 3504 de
1282 3452 1376 3504 flu-

303 3535 443 3584 mine
489 3535 651 3583 semel
713 3539 914 3583 tantum
973 3531 1372 3583 transmittendo

304 3611 598 3675 cogitasse3
651 3625 715 3659 eo
759 3610 1077 3671 transmisso,
1130 3609 1375 3671 omnium,

302 3705 423 3755 quae
459 3689 516 3738 in
556 3691 723 3740 altera
756 3691 869 3753 ripa
907 3697 1077 3753 eraut,
1115 3688 1374 3739 oblivione

303 3772 492 3831 captos
514 3781 647 3830 esse,
678 3767 827 3832 quasi
851 3782 949 3817 non
971 3768 1246 3827 Arsaniam,
1280 3766 1374 3820 sed

302 3845 495 3894 when
516 3844 891 3894 transivissent.
962 3844 1328 3895 Freinshemius.

374 3922 500 3971 Ueni
525 3920 656 3985 fuit]
711 3922 867 3972 Licet
905 3923 1024 3972 Rex
1063 3922 1374 3971 Parthorum

302 4012 411 4063 per:
420 4006 636 4062 pontem
659 4013 761 4047 non
783 4000 1072 4060 incesserit,
1102 4008 1247 4049 metu
1267 3998 1374 4048 doli

303 4081 361 4125 et
408 4073 732 4138 insidiarum,
770 4083 999 4125 attamen
1035 4076 1124 4125 alii
1156 4074 1306 4125 multi
1343 4090 1374 4124 e

298 4149 465 4214 vulgo
489 4150 803 4200 Parthorum
827 4152 1041 4215 ingressi
1064 4159 1203 4214 sunt,
1235 4158 1375 4216 post-

299 4242 463 4293 quam
496 4226 796 4278 firmitatem
837 4229 952 4292 ejus
990 4229 1374 4293 explorassent.

301 4303 449 4357 fleo
470 4302 766 4359 fabricatio
786 4303 982 4368 ventis
1033 4305 1174 4357 haud
1212 4303 1375 4354 dubie

440 4385 628 4451 Delph.
648 4389 698 4438 et
724 4385 840 4438 Vm.
859 4386 989 4439 Clas.

1331 4382 1487 4438 M.

1450 1921 1592 1972 inter
1612 1919 1741 1970 alias
1775 1916 2054 1970 deditionis
2084 1919 2405 1971 conditiones
2430 1934 2514 1971 ac·

1452 2004 1608 2064 cepta
1630 2003 1710 2048 est
1733 2014 1764 2048 a
1786 1999 1936 2048 Paeto
1966 1988 2332 2062 pet-'summum
2356 1996 2514 2048 dedes

1452 2090 1566 2138 cus,
1585 2082 1646 2125 ut
1666 2082 1723 2125 et
1742 2076 1905 2125 multa
1925 2072 2046 2125 ali'a.

1519 2149 1546 2185 Β
1574 2151 1856 2213 Subjugum
1876 2151 2041 2199 missas
2061 2149 2290 2213 legiones]
2318 2149 2513 2214 Jugum

1452 2244 1519 2280 ex
1542 2229 1742 2279 duabus
1759 2229 1915 2278 hastis
1933 2230 2052 2277 fixis
2075 2238 2132 2280 et
2159 2228 2320 2279 tertia
2349 2237 2516 2278 trans*
2587 2272 2591 2276 Α

1452 2320 1603 2356 verse
1646 2306 1972 2370 superposita
2012 2304 2191 2368 fiebat,
2234 2306 2330 2355 sub
2374 2305 2511 2370 quod

1451 2381 1673 2432 devicta
1707 2388 1904 2447 gentes⁴
1927 2382 2158 2445 abibant,
2188 2389 2246 2431 ut
2281 2383 2515 2446 saepele·

1453 2458 1593 2524 gitur
1614 2457 1753 2524 apud
1778 2457 1999 2510 Livium.
2064 2458 2218 2511 Quod
2250 2465 2423 2508 autem
2446 2455 2514 2508 de

1451 2550 1660 2586 rumore
1680 2535 1890 2585 Tacitus
1917 2536 2009 2598 sit,
2028 2535 2359 2599 Tranquillus
2382 2535 2509 2585 Ner·

1452 2618 1535 2664 30.
1559 2627 1655 2678 pro
1675 2627 1799 2663 vero
1819 2612 2019 2663 scribit.
2078 2613 2294 2663 Ver-tran.
2343 2610 2513 2677 quue

1451 2705 1519 2740 ex
1542 2704 1747 2740 rumore
1768 2688 1931 2754 vulgi,
1972 2694 2030 2739 nt
2061 2690 2225 2739 multa
2251 2688 2354 2738 alia
2385 2687 2515 2738 Sue·
2608 2698 2618 2708 ·

1452 2767 1623 2818 tonius
1644 2764 1824 2816 refert.

1514 2840 1530 2876 ¹
1570 2842 1798 2908 Coptica]
1830 2843 2037 2905 Nempe
2055 2849 2234 2905 captos
2257 2840 2395 2890 bello
2418 2838 2517 2889 Ar-

1450 2919 1670 2984 menios,
1701 2919 1789 2985 qui
1823 2927 1934 2970 tum
1967 2922 2106 2970 inter
2137 2918 2395 2983 mancipia
2418 2919 2519 2988 ¹³⁰⁵.

1452 3011 1716 3048 manorum
1726 2996 1849 3061 jure
1867 2998 2008 3048 belli.
2071 2997 2171 3047 Vel
2185 3011 2361 3046 servos
2374 2995 2516 3061 ipsos

1452 3073 1839 3144 Armeniorum,
1873 3088 2000 3138 quos
2025 3074 2135 3138 jam
2155 3074 2296 3136 olim,
2324 3071 2516 3137 praedoe

1451 3151 1588 3213 loco,
1627 3150 1842 3200 Romani
1886 3150 2238 3213 possidebant,
2275 3147 2520 3215 quemad-

1450 3227 1661 3275 modum
1684 3231 1739 3274 et
1748 3224 1988 3288 jumenta
2004 3225 2225 3275 illorum.

1521 3303 1726 3366 Captiva
1745 3301 1858 3350 olim
1877 3301 2139 3364 mancipia]
2173 3301 2327 3352 Quod
2357 3298 2520 3364 possit

1451 3380 1676 3442 intelligi
1700 3378 1766 3427 de
1788 3378 2057 3441 mancipiis
2086 3381 2310 3443 ipsorum
2338 3377 2518 3427 Arme·

1453 3457 1674 3518 nicrum,
1712 3470 1849 3521 qum,
1875 3456 1996 3519 jure
2029 3454 2173 3516 belli,
2204 3454 2341 3504 inter
2364 3453 2517 3503 aliam

1451 3534 1684 3598 praedam
1706 3532 1892 3581 abacta
1913 3538 2088 3581 essent
2108 3546 2140 3580 a
2162 3531 2427 3583 Romanis.

1516 3608 1621 3659 Sed
1663 3605 1840 3674 potius
1879 3607 2115 3671 intelligo
2165 3606 2232 3657 de
2281 3606 2520 3671 ipsismet

1453 3685 1733 3746 Armeniis,
1767 3684 1853 3749 qui
1884 3684 2024 3733 bello
2046 3684 2190 3749 capti
2221 3689 2373 3733 erant
2394 3682 2519 3733 olim

1452 3780 1486 3813 a
1506 3761 1673 3812 milite
1694 3762 1945 3812 Romano.
2007 3763 2109 3812 Vel
2127 3762 2427 3811 indistincte
2449 3760 2518 3809 de
2559 3791 2570 3798 ι

1453 3841 1867 3905 quibuscumque
1912 3838 2182 3901 mancipiis
2234 3838 2355 3887 olim
2401 3851 2522 3900 cap—

1457 3918 1596 3980 tivis,
1628 3924 1686 3967 et
1727 3931 1842 3981 quae
1879 3915 2090 3980 propria
2124 3915 2379 3977 possessio
2401 3927 2521 3976 pro-

1452 3994 1693 4060 prioeque
1716 4008 1839 4056 opes
1862 3998 2012 4041 erant
2044 3992 2378 4053 capientium,
2411 3990 2521 4038 sive

1453 4070 1664 4120 natione
1688 4068 1923 4117 Armenii
1959 4073 2151 4129 essent,
2182 4066 2291 4114 sive
2319 4078 2385 4116 ex
2407 4064 2524 4116 aliis

1455 4147 1698 4213 gentibus
1720 4145 1860 4194 bello
1883 4144 2053 4194 victis.

1520 4226 1594 4276 Et
1616 4221 1896 4272 verisimile
1929 4227 2031 4284 est,
2062 4221 2116 4270 in
2149 4235 2214 4270 eo
2247 4218 2444 4284 pudore
2463 4225 2531 4294 et

1455 4301 1513 4353 ia
1549 4313 1617 4354 ea
1653 4298 2079 4355 consternatione
2112 4297 2389 4363 legionum,
2423 4292 2527 4347 Δι’»
