3063 4952
284 443 349 511 J,
372 453 435 509 c.
456 451 573 527 aa]

1024 446 1444 500 ANNALmM
1490 449 1642 506 LIB.
1690 443 1859 503 xlv-

2332 420 2507 515 1⁵79?

1292 648 1512 708 NOTA!

288 799 500 851 tunium
534 799 677 867 loqui
720 801 786 852 de
819 802 1005 853 eodem
1051 802 1261 868 Plauto,
1298 803 1365 854 de

288 894 404 945 quo
435 880 652 932 Tacitus
683 882 800 934 hic:
845 883 1079 947 ‘jactans
1117 883 1366 935 dilectum

288 958 363 1007 ab
386 971 470 1020 ea,
493 966 548 1008 et
563 959 629 1009 ad
651 975 796 1024 spem
819 954 1023 1027 imperii
1038 962 1314 1026 impulsum
1333 960 1366 1012 τ’

291 1034 423 1084 nihil
443 1036 654 1086 certius.

369 1113 530 1177 Caput
547 1114 815 1179 interfecti]
859 1116 1144 1167 Contendit
1166 1117 1369 1183 Lipsius

292 1190 504 1240 huncce
547 1191 790 1243 Plautum
842 1208 944 1250 nou
988 1196 1207 1244 eundem
1257 1209 1368 1245 esse

295 1282 422 1317 cum
446 1269 535 1317 illo
560 1271 622 1320 A.
648 1271 877 1334 Plautio,
915 1271 983 1320 de
1022 1288 1123 1337 quo
1159 1273 1368 1322 Sueton.

295 1344 434 1394 Ner.
461 1349 541 1397 35.
578 1346 654 1395 sic
692 1346 890 1399 babet:
925 1349 1062 1399 ‘Eat
1101 1364 1259 1411 nuuc,
1294 1350 1368 1399 in-

296 1422 437 1487 quit,
458 1429 627 1473 mater
645 1439 777 1488 mea,
810 1431 865 1475 et
898 1440 1246 1476 successorem
1270 1439 1375 1475 me-

296 1515 391 1549 um
414 1504 681 1553 osculetur
702 1503 734 1552 ι’
787 1503 904 1568 quia
941 1504 1112 1570 iuquit
1156 1504 1376 1570 Lipsius,

296 1575 391 1626 ine
437 1577 500 1627 A.
539 1578 800 1642 Plautius,
841 1582 906 1630 de
954 1596 1053 1646 quo
1099 1583 1375 1632 Suetonius

297 1651 448 1702 inter
471 1668 676 1719 pueros,
697 1662 788 1705 aut
817 1664 963 1707 certe
982 1664 1135 1708 aetate
1158 1658 1374 1709 inferior

300 1745 462 1795 quam
490 1732 650 1794 Nero,
690 1739 749 1782 ut
785 1734 871 1782 cui
903 1734 1078 1785 illudit
1098 1742 1221 1785 aute
1241 1752 1372 1786 mor-

298 1816 429 1860 tem.
478 1808 690 1872 Ariste,
714 1810 779 1860 de
806 1827 908 1878 quo
930 1813 1012 1863 hic
1031 1814 1253 1879 Tacitus,
1264 1815 1370 1881 jam

304 1886 578 1951 grandior.
644 1889 743 1938 Ille
789 1889 970 1940 Romae
1015 1908 1080 1942 ex
1129 1893 1374 1943 Suetonio

301 1978 423 2015 esse
448 1965 646 2029 debuit,
665 1981 781 2016 cum
793 1968 991 2018 occisus
1008 1976 1113 2031 est;
1133 1971 1229 2019 iste
1250 1985 1373 2019 vero

303 2041 359 2090 in
401 2040 531 2090 Asia
566 2059 580 2090 ε
644 2044 733 2092 ille
777 2044 891 2094 viva
943 2043 1248 2112 Agrippina,
1289 2048 1372 2097 hic

301 2124 518 2168 mortua
535 2120 755 2183 pridem,
780 2120 1089 2174 interfectus
1111 2131 1210 2175 est.

376 2194 588 2245 Deinde
609 2196 884 2246 Suetonius
925 2198 1005 2248 hic
1060 2201 1162 2250 alia
1204 2202 1377 2252 diceu-

304 2280 416 2322 tem
440 2274 703 2323 Neronem
739 2275 973 2326 inducit:
1007 2276 1023 2304 ‘
1048 2279 1166 2339 Eat,
1188 2279 1375 2343 inquit,

305 2349 517 2412 mater,’
543 2354 640 2400 διο.
706 2349 781 2401 At
817 2353 919 2401 alia
955 2353 1116 2403 verba
1159 2355 1381 2404 Neronis

307 2429 527 2481 Tacitus
548 2428 702 2481 affert
729 2448 741 2481 :
778 2432 795 2460 ‘
823 2433 980 2497 Quin,
1012 2433 1195 2501 inquit,
1218 2433 1382 2498 Nero,

307 2508 550 2573 deposito
573 2517 734 2571 metu,
767 2513 973 2575 nuptias
1007 2513 1254 2577 Poppaeae
1277 2527 1380 2562 ma-

310 2591 492 2635 turare
511 2586 698 2651 parat.'
736 2588 944 2651 Lipsius.

379 2662 475 2726 At,
496 2669 555 2712 ut
566 2662 679 2727 jam
703 2679 842 2728 saepe
863 2666 1166 2728 notavimus,
1200 2666 1382 2718 Sueto-

310 2740 432 2789 nius
473 2754 558 2788 res
599 2746 774 2804 gestas
796 2755 897 2790 non
922 2742 1101 2791 ordine
1141 2758 1243 2809 quo
1268 2758 1382 2807 ges-

313 2826 388 2867 tae
429 2822 569 2880 sunt,
609 2823 700 2867 aut
734 2831 829 2881 per
876 2818 1288 2874 circumstantias
1327 2828 1384 2871 et

315 2903 562 2960 tempora
595 2895 880 2956 describit;
927 2911 1007 2945 res
1061 2902 1260 2946 tautum
1303 2912 1384 2947 or-

316 2972 442 3021 dine
483 2986 675 3037 rerum,
708 2987 810 3021 nou
868 2973 1048 3022 ordine
1093 2981 1383 3037 temporum

317 3050 547 3115 digerit:
584 3065 755 3116 neque
788 3052 922 3101 enim
957 3052 1071 3115 ipse
1096 3051 1384 3103 Historiam

318 3137 408 3184 anit
455 3127 685 3178 Annales
730 3129 1012 3194 componit,
1064 3137 1123 3178 ut
1154 3130 1383 3179 Tacitus.

317 3206 494 3256 Vitam
521 3208 665 3273 quasi
680 3208 931 3272 privatam
947 3208 1237 3273 principum
1262 3209 1386 3259 scri-

318 3283 414 3347 bit,
458 3283 903 3350 substantiamque
957 3299 1128 3333 rerum
1172 3284 1388 3348 attingit

318 3360 432 3411 fere
454 3361 648 3425 obiter,
664 3370 817 3426 prout
842 3370 1146 3427 argumento
1162 3376 1253 3410 suo
1266 3376 1387 3411 con·

318 3441 568 3490 veniunt:
605 3441 782 3506 sicque
825 3442 1011 3491 multas
1043 3456 1182 3505 saepe
1213 3455 1384 3490 rerum

319 3517 757 3582 circumstantias,
778 3518 1049 3568 brevitatis
1065 3532 1240 3583 causa,
1256 3533 1386 3583 prae-

322 3596 592 3646 termittit.

385 3674 459 3723 Et
482 3672 579 3722 boc
604 3673 738 3734 loco,
764 3679 824 3722 ut
842 3678 896 3722 et
919 3673 1095 3722 multis
1117 3672 1249 3735 aliis,
1267 3687 1387 3721 ean-

319 3752 443 3802 dem
483 3767 594 3814 rem
625 3753 676 3801 iu
701 3753 989 3804 substantia
1005 3751 1202 3803 referre
1228 3753 1389 3803 voluit

324 3845 443 3880 cum
477 3837 656 3879 nostro
700 3831 907 3893 Tacito,
940 3830 1064 3881 licet
1091 3830 1145 3879 in
1183 3830 1389 3896 quibus-

323 3907 446 3957 dam
513 3908 917 3958 circumstantiis
985 3907 1249 3971 dissideat,
1300 3915 1393 3958 aut

322 3991 471 4036 certe
491 3985 741 4034 dissidere
763 3986 1013 4036 videatur.

391 4064 583 4126 Neque
606 4072 750 4112 certe
776 4063 1051 4112 verisimile
1073 4069 1169 4128 est,
1209 4063 1288 4112 bis
1329 4063 1396 4112 si·

323 4141 609 4191 milimodo
644 4143 939 4204 conjurasse
963 4140 1304 4205 Agrippinam
1343 4141 1395 4190 in

324 4217 490 4267 filium
517 4218 822 4281 prinoipem,
847 4225 937 4268 aut
972 4219 1026 4268 id
1064 4219 1143 4269 bis
1178 4218 1396 4282 perinde

329 4294 383 4347 in
405 4309 522 4343 eam
546 4294 826 4344 confictum
851 4310 964 4344 esse
989 4311 1020 4345 a
1047 4295 1393 4347 delatoribus:

329 4385 449 4421 nam
494 4378 645 4422 certe
700 4373 993 4436 conjuratio
1063 4373 1224 4439 ipsius
1281 4389 1401 4424 cum

1444 803 1639 856 Plauto
1675 803 1875 868 juvene
1931 800 2034 853 fuit
2075 816 2255 853 verum
2297 800 2512 866 figmen-

1447 887 1576 951 tum,
1596 895 1686 930 seu
1722 879 1915 943 fabula,
1952 882 2096 932 velut
2134 894 2324 943 scenae,
2358 880 2509 929 ador-

1445 962 1588 1020 nata,
1610 964 1668 1007 ut
1699 958 1868 1023 inquit
1902 959 2015 1023 ipsa
2050 957 2339 1023 Agrippina
2371 954 2509 1021 apud

1445 1035 1707 1084 Tacitum.

1515 1112 1831 1162 Nullateuus
1884 1113 2047 1176 igitur
2087 1110 2365 1162 verisimile
2409 1117 2512 1176 est,

1449 1188 1530 1238 bis
1553 1188 1718 1252 ipsam
1740 1189 2054 1253 conjurasse,
2078 1198 2133 1239 et
2155 1189 2397 1240 habuisse
2418 1187 2512 1237 du,-

1449 1281 1507 1315 os
1521 1267 1741 1330 juvenes
1770 1268 2005 1330 amasios,
2025 1282 2180 1317 unum
2202 1266 2511 1330 cognomine

1451 1344 1718 1405 Plautiam,
1756 1350 1811 1394 et
1845 1345 2067 1394 alterum
2091 1344 2342 1394 vocabulo
2368 1343 2514 1392 Plau-

1451 1426 1585 1471 tum.-
1614 1423 1728 1487 quis
1756 1422 1852 1471 hoc
1874 1422 2093 1471 credat?
2127 1435 2256 1486 quos
2278 1419 2514 1468 similiter

1452 1506 1508 1547 et
1541 1493 1758 1548 subinde
1798 1504 2017 1560 amaret,
2040 1505 2098 1547 et
2135 1497 2200 1546 ad
2239 1496 2515 1560 imperium

1452 1574 1717 1635 eveheret,
1738 1589 2015 1640 eorumque
2033 1575 2269 1639 conjugio
2287 1573 2516 1622 domina·

1453 1652 1646 1702 tionem
1692 1668 1869 1702 rursus
1902 1658 2205 1716 occuparet.
2272 1650 2398 1715 Ipsa
2429 1647 2516 1697 vel

1453 1730 1733 1781 similitudo
1757 1731 1974 1781 nominis
1991 1730 2241 1795 declarat,
2278 1743 2434 1778 unum
2458 1733 2518 1778 et

1452 1809 1672 1859 eundem
1697 1824 1810 1859 esse
1826 1809 2093 1873 juvenem,
2113 1807 2179 1856 de
2204 1821 2307 1872 quo
2329 1805 2515 1855 Sueto·
2613 1820 2614 1825 ¹

1453 1885 1569 1936 nius
1592 1892 1647 1935 et
1666 1887 1877 1936 Tacitus
1898 1885 2034 1935 idem
2071 1884 2284 1934 tradunt
2318 1884 2371 1933 in
2396 1879 2515 1930 sub-

1454 1964 1663 2013 stantia.
1717 1964 1788 2012 Et
1810 1963 1852 2011 si
1875 1962 2001 2012 duos
2017 1962 2242 2027 juvenes
2267 1961 2340 2009 sic
2365 1972 2520 2023 pren·-

1457 2049 1621 2091 sasset
1661 2040 1967 2106 Agrippina,
2007 2045 2153 2089 certe
2194 2033 2525 2087 accuratissi-

1456 2135 1570 2169 mus
1594 2126 1865 2170 auctorum
1884 2119 2103 2168 Tacitus
2123 2117 2177 2167 id
2201 2130 2303 2165 non
2327 2114 2517 2164 reticu-

1455 2198 1603 2249 isset.

1523 2278 1640 2326 Nee
1662 2277 1797 2328 satis·
1814 2276 2041 2326 advertit
2064 2274 2270 2339 Lipsius
2283 2272 2384 2321 hoc
2402 2272 2521 2321 loco

1462 2354 1593 2405 Ner.
1627 2359 1707 2403 35.
1744 2353 1817 2404 ita
1840 2369 1947 2403 rem
1969 2367 2178 2402 narrare
2201 2350 2524 2411 Suetonium,

1461 2438 1521 2482 ut
1560 2431 1648 2482 ine
1673 2432 1911 2496 Plautius
1948 2431 2138 2494 illusuS,
2161 2443 2251 2480 seu
2290 2427 2520 2492 pollutus

1461 2517 1517 2560 et
1535 2508 1886 2559 interfectusa
1907 2509 2139 2569 Nerone,
2162 2507 2396 2556 Caesares
2414 2499 2524 2552 affi-

1461 2588 1628 2637 nitate
1652 2586 1998 2649 contingeret.
2022 2585 2036 2612 ‘
2057 2580 2337 2642 Similiter,'
2356 2578 2525 2644 iuquit

1460 2664 1759 2725 Suetonius,
1783 2664 1797 2691 ‘
1824 2661 2089 2711 interemit
2127 2664 2349 2719 ceteros,
2368 2653 2528 2704 affini-

1464 2749 1574 2791 tate
1615 2741 1785 2806 aiiqua
1836 2739 1953 2802 sibi,
1995 2743 2085 2787 aut
2140 2733 2525 2800 propinquitate

1463 2821 1790 2886 conjunctos,
1831 2819 1883 2868 iu
1906 2816 2090 2884 quibus
2113 2813 2302 2865 Aulum
2325 2810 2525 2862 Plauti—

1462 2914 1547 2948 um
1561 2897 1840 2964 juvenem,'
1865 2899 1963 2947 διο.

1527 2979 1604 3030 At
1658 2978 1804 3028 nobis
1855 2976 2045 3042 probet
2098 2972 2321 3037 Lipsius,
2360 2967 2525 3018 filium

1463 3055 1678 3120 Plautii,
1700 3055 1858 3121 quise
1882 3067 2040 3103 ovans
2064 3066 2132 3101 ex
2153 3046 2425 3098 Britannia
2448 3059 2528 3094 re·

1464 3133 1609 3191 tulit,
1632 3140 1723 3181 aut
1747 3131 1902 3181 alium
1926 3128 2191 3179 Plautium
2215 3122 2530 3191 quempiam,

1468 3209 1855 3274 propinquitate
1878 3208 2207 3270 conjunctum
2231 3199 2387 3250 fuisse
2410 3212 2530 3249 cum

1469 3286 1679 3335 Caesare
1700 3302 1712 3335 z
1750 3298 1901 3333 nemo
1923 3284 2021 3331 hoc
2045 3280 2203 3330 dicat.

1521 3362 1623 3411 Sed
1645 3369 1790 3411 certe
1812 3360 1894 3408 hic
1915 3356 2172 3417 Plautius,
2194 3353 2261 3402 de
2282 3366 2384 3419 quo
2406 3352 2532 3402 Sue·

1469 3437 1659 3498 tonius,
1693 3435 1805 3500 ipso
1826 3433 2073 3483 Suetonio
2091 3436 2246 3492 teste,
2274 3429 2415 3478 idem
2434 3432 2534 3491 est,

1467 3514 1578 3579 qui,
1593 3510 1856 3562 referente
1867 3509 2077 3572 Tacito,
2091 3508 2107 3535 ‘
2126 3521 2223 3573 per
2243 3514 2534 3556 maternam

1469 3588 1758 3655 originem,'
1781 3589 1903 3655 (per
1918 3586 2110 3639 Juliam
2133 3590 2375 3646 matrem,
2393 3591 2535 3632 uem-

1471 3668 1581 3734 pe,)
1603 3670 1617 3697 ‘
1645 3668 1756 3732 pari
1774 3683 1834 3717 ac
1856 3667 2000 3717 Nero
2024 3663 2184 3730 gradu
2208 3677 2238 3711 a
2260 3661 2402 3712 Divo
2425 3659 2534 3709 Au-

1471 3745 1640 3811 gusto’
1685 3744 1785 3794 fnit
1807 3760 1821 3806 3
1854 3750 1909 3794 et
1962 3744 2037 3793 sic
2093 3740 2365 3792 Suetonius
2421 3739 2535 3802 ipse

1473 3829 1668 3888 pugnat
1688 3823 1932 3871 adversus
1957 3819 2208 3885 Lipsium.

1539 3900 1601 3948 Iu
1636 3914 1692 3948 re
1725 3899 1884 3963 igitur
1923 3897 2077 3961 plane
2100 3891 2428 3945 consentiunt
2442 3891 2541 3938 Tae·

1474 3978 1609 4028 citus
1630 3984 1682 4025 et
1705 3976 1997 4036 Suetonius,
2020 3982 2076 4021 et
2115 3976 2319 4020 tantum
2353 3969 2405 4016 in
2439 3975 2539 4016 'no-

1475 4055 1613 4104 mine
1637 4054 1957 4116 discrepant,
1979 4057 2070 4098 aut
2091 4048 2142 4097 iu
2167 4051 2316 4110 parte
2352 4054 2444 4092 seu
2478 4042 2542 4093 u·-

1478 4133 1647 4182 terula
1683 4128 1960 4194 una‚forte
1991 4123 2397 4175 exscribentium
2432 4121 2546 4174 cul»

1515 4224 1564 4259 a.

1478 4225 1513 4274 p
1544 4286 1637 4349 At,
1656 4285 1829 4350 inquit
1849 4281 2069 4347 Lipsius,
2073 4278 2252 4343 junior
2272 4275 2542 4326 fuitPiau·

1480 4363 1583 4415 tius
1620 4364 1703 4417 hic
1740 4360 2013 4423 Suetonii3
2047 4363 2418 4422 constupratus
2440 4352 2544 4408 fuit
