3063 4952
374 364 432 420 J.
455 361 653 429 απ]
1078 358 1493 412 summust
1539 359 1688 410 mu.
1732 359 1920 414 xlv:
2411 346 2593 419 1805

371 510 615 581 ‚tuuntz
657 505 1002 590 repetitam
1041 507 1469 571 venerantur.¹
1492 499 1517 540 ¹‘
1608 503 1752 570 Itur
1801 509 1870 573 et
1924 504 2000 570 in
2053 502 2389 595 Principis
2442 506 2591 575 lau·

376 689 435 725 ae
455 673 666 726 delubris
686 675 860 723 benai.
895 673 1147 723 Celebrate
1167 673 1312 723 diam
1326 674 1531 737 gloriam
1556 675 1798 733 Caesaris5
1832 678 2211 738 personamque
2235 688 2386 723 voces
2405 673 2592 729 civium

1313 801 1670 822 “‘OOOOO‘N‘

449 875 483 923 1
522 868 790 935 Expetitur
819 869 1167 919 venerantibus.
1235 867 1321 918 Ita
1364 867 1640 918 Brotierus
1672 884 1790 918 cum
1828 869 2028 934 Ryckio
2070 870 2281 931 scribit;
2316 878 2372 919 et
2401 871 2490 920 ille
2520 871 2600 925 sie,

380 950 497 986 rem
519 938 782 1000 explicat:
833 936 899 985 In
920 936 1052 984 Mss.
1076 936 1216 984 Flor.
1246 934 1385 984 Bnd.
1405 935 1561 984 Corb.
1586 942 1643 984 et
1666 935 1893 984 editione
1914 938 2167 1000 principe,
2185 938 2444 1000 repetitum
2462 951 2599 987 veus-

378 1001 617 1051 mium.
685 1002 748 1049 ln
771 1001 899 1050 Mss.
921 1001 1073 1050 Harl.
1095 1000 1245 1049 Bodl.
1263 1000 1375 1051 Jes.
1396 998 1577 1049 Guelf.
1596 1008 1651 1050 et
1676 996 2276 1067 Puteolani-„repetitum
2302 1008 2600 1054 reiterantur.

382 1067 621 1132 Ryckius
645 1082 673 1111 e
698 1067 799 1115 Ms.
824 1065 951 1130 Agr.
973 1066 1219 1129 expetitur
1234 1066 1584 1114 taumatibus.
1622 1065 1840 1117 Grotius
1856 1068 2184 1126 emendabat,
2204 1070 2442 1127 repetitur
2461 1081 2596 1117 vm

379 1133 531 1188 ratio.
598 1132 861 1193 Harlaeus,
881 1131 1086 1194 repetita
1105 1131 1421 1180 veneratione.
1487 1131 1801 1194 Gronovius,
1828 1134 2029 1195 repetit«
2050 1134 2383 1181 mmmm.
2411 1174 2418 1179 .
2449 1133 2626 1184 δοιὼ.

382 1197 520 1262 pbus
546 1197 760 1254 Nerius,
781 1195 918 1259 quod
943 1196 1084 1245 Nero
1109 1194 1255 1245 Antii
1278 1212 1416 1260 saepe
1440 1196 1805 1258 diversaretur,
1826 1199 2142 1259 corrigebat,
2161 1200 2414 1261 repetitam
2433 1213 2600 1249 venere

383 1262 606 1313 Antium.
678 1263 737 1310 ln
763 1261 859 1310 bac
883 1269 1026 1310 tanta
1043 1276 1271 1311 errorum
1292 1268 1348 1310 et
1365 1261 1809 1325 conjectationum
1830 1264 2048 1326 caligine·
2076 1264 2326 1325 Ryckinm
2365 1272 2420 1313 et
2459 1263 2601 1329 nodi.

386 1342 503 1379 cem
527 1328 787 1390 Agricolae
828 1342 937 1375 sum
974 1336 1199 1377 secutus.
1266 1327 1351 1376 Sic
1376 1328 1455 1376 Cl.
1480 1327 1744 1385 Gordon,‘
1768 1329 1882 1376 And
1924 1330 2106 1392 sought
2146 1337 2199 1377 to
2234 1327 2365 1377 ofler
2399 1330 2502 1379 him
2543 1329 2599 1378 in

378 1393 1064 1508 Ξῖἓὲἳέἷιῗέἔὲἳῖὲῗῖἓὲ
1079 1386 2601 1521 tssefff'azinffixtssz}⁹⁰⁰1‘3552213'2‘233313‘ae‘ffl2

385 1530 474 1574 est
488 1522 649 1572 lectio
667 1522 990 1587 antiquorum
1014 1522 1279 1585 librorum,
1301 1531 1359 1571 ut
1382 1523 1511 1571 Mss.
1536 1523 1678 1572 Flor.
1700 1524 1836 1571 Bud.
1854 1523 1939 1572 ed.
1964 1540 2041 1587 pr.
2065 1526 2200 1571 nude
2222 1526 2449 1572 restituit
2466 1525 2601 1573 Rbe-

384 1603 575 1649 nanus,
591 1602 707 1636 cum
736 1588 943 1637 Puteol.
964 1593 1020 1636 et
1043 1602 1190 1652 seqq.
1211 1587 1480 1637 dedissent
1501 1593 1802 1649 venerantur,
1827 1595 1885 1638 ut
1923 1599 2006 1638 est
2040 1589 2092 1638 in
2116 1587 2296 1638 Guelf.
2318 1589 2446 1639 Cod.
2469 1588 2600 1652 Agr.

385 1654 637 1718 expetitur
657 1653 1004 1713 vesermrtibns,
1026 1653 1166 1717 quod
1210 1653 1414 1717 recepit
1449 1653 1702 1717 Ryckius.
1768 1655 1984 1704 Grotius
2027 1655 2344 1718 conjiciebat
2364 1669 2391 1701 r
2506 1655 2519 1667 ⁰

383 1718 661 1768 mio.-
697 1718 940 1767 Harlaens
959 1718 1167 1780 repetita
1186 1719 1510 1768 veneratione.-
1542 1733 1691 1768 sensu
1715 1725 1935 1784 uterque
1957 1719 2243 1769 commodo.
2296 1717 2372 1769 At
2396 1719 2448 1771 J.
2472 1719 2605 1770 Gro-

385 1784 573 1835 novius
610 1783 822 1847 propius
850 1784 917 1831 ad
955 1782 1268 1846 scripturam
1287 1784 1494 1847 repetita
1526 1786 1868 1834 sennanim.
1934 1785 2048 1836 sos.
2087 1785 2278 1834 Nerius
2309 1784 2464 1836 Anat.
2486 1799 2526 1836 1.
2547 1790 2601 1836 6.

386 1849 647 1914 repetitum
670 1862 833 1897 venere
847 1848 1067 1898 Antium.
1133 1849 1322 1898 Carum
1345 1850 1592 1914 oppidum
1611 1850 1811 1899 Neroni
1845 1847 2020 1910 fuisse,
2045 1863 2288 1914 saepeque
2323 1850 2394 1898 ibi
2416 1850 2603 1913 egisse,

384 1915 513 1964 satis
534 1919 760 1963 constat.
822 1913 944 1961 Vid.
972 1927 1063 1962 xv.
1088 1917 1171 1963 23.
1238 1915 1437 1965 Probat
1460 1922 1516 1965 et
1540 1915 1594 1964 in
1611 1917 1843 1966 versione
1865 1917 2098 1979 sequitur
2124 1916 2390 1966 Mullerus.
2425 1915 2601 1980 Ryck-

384 1980 497 2030 ium
537 1979 772 2043 sequitur
792 1978 1080 2028 Brotierus.
1136 1980 1333 2028 Ernst.
1398 1980 1645 2030 Heinsius
1683 1982 1891 2031 Puteol.
1931 1980 2178 2031 Beroaldi
2225 1987 2282 2030 et
2315 1993 2427 2045 seq.
2450 1981 2604 2045 bene,

386 2051 453 2095 nt
477 2050 625 2110 puto,
646 2043 905 2110 emendat,
935 2058 1039 2093 una
1076 2044 1285 2094 liternla
1321 2052 1553 2096 mutata:
1586 2047 1839 2110 repetitam
1870 2046 1980 2095 scil.
2007 2045 2281 2096 Octaviam
2301 2052 2601 2098 venerantur.

1387 2162 1601 2215 No‘rAE

383 2256 403 2288 ⁴
430 2258 733 2322 Purpureos
754 2274 990 2325 spargam
1006 2258 1179 2323 flores,
1216 2260 1459 2309 animam-
1534 2258 1695 2310 babet
1713 2260 1922 2311 Sueton.
1944 2260 2146 2313 Domit.
2169 2266 2252 2311 13.
2283 2261 2302 2291 ‘
2326 2263 2518 2329 Neque
2544 2260 2605 2313 in

389 2353 495 2404 que
534 2340 744 2404 nepotis
788 2339 889 2390 His
926 2340 1106 2392 saltem
1122 2339 1456 2408 :accumulem

391 2416 581 2466 donis!
615 2416 822 2482 Lipsius.

456 2494 708 2558 Spu-gunt
728 2495 957 2561 floribus]
996 2497 1246 2548 Solebant
1281 2497 1336 2548 in
1374 2499 1460 2548 ho·

387 2585 521 2628 nore
554 2578 612 2622 et
649 2573 838 2622 laetitia
874 2581 1107 2624 sternere
1142 2582 1200 2625 et
1235 2575 1457 2639 injicere

388 2645 634 2699 flosculos
655 2655 712 2699 et
742 2650 983 2713 corollas,
1012 2657 1068 2701 at
1089 2651 1142 2701 in
1163 2652 1243 2701 ira
1258 2659 1315 2703 et
1339 2651 1458 2703 odio

385 2726 700 2791 lapidabant
721 2735 813 2779 aut
830 2727 1203 2782 subvertebant
1220 2732 1348 2782 talia
1368 2730 1458 2781 de-

390 2818 537 2855 cora.

454 2880 481 2915 ὶ
503 2883 780 2948 Repetilum
801 2885 1107 2949 mmm]
1141 2886 1346 2938 Iterant
1368 2889 1457 2938 ho·

388 2969 547 3012 nores
588 2960 1074 3012 acclamationibus:
1123 2963 1263 3029 quod
1295 2978 1457 3027 genus

385 3036 741 3087 venerationis
763 3037 1080 3089 describitur
1089 3040 1155 3090 ab
1167 3041 1299 3090 AElio
1310 3042 1460 3091 Lam·

389 3112 565 3177 pridie
584 3129 600 3161 :
633 3114 650 3142 ‘
672 3111 1047 3179 Acclamatum,
1060 3115 1295 3180 Auguste
1317 3119 1459 3169 inno·

391 3203 538 3254 cens,
557 3190 651 3240 Dii
673 3197 726 3240 te
748 3198 959 3241 servent
980 3208 995 3241 ε
1030 3190 1332 3243 Alexander
1353 3195 1459 3244 Im-

392 3273 626 3331 perator,
646 3267 736 3316 Dii
755 3275 808 3316 te
843 3275 1053 3317 servent
1073 3285 1086 3318 ε
1123 3270 1217 3318 1)ίί
1240 3277 1294 3318 te
1312 3271 1462 3320 nobis

390 3343 687 3395 dederunt:
722 3344 815 3394 Dii
831 3352 1139 3396 conservent
1155 3344 1189 3396 ε’
1207 3352 1264 3396 ot
1281 3353 1463 3398 cetera

385 3419 445 3478 in
468 3422 691 3473 eandem
711 3423 1042 3473 sententiam.
1107 3423 1375 3475 Fen-ectus.

457 3498 570 3550 Per
603 3499 982 3563 appositionem
1014 3497 1074 3547 τὸ
1108 3498 1379 3564 repetitum,
1402 3503 1462 3549 ut

389 3576 428 3625 1.
454 3589 498 3627 ι.
532 3576 551 3604 ‘
573 3582 630 3626 et
659 3577 921 3627 libertatis
952 3579 1271 3641 improspere
1311 3591 1461 3641 repe-

394 3651 548 3703 titoess
613 3652 691 3703 At
728 3667 794 3704 ea
822 3654 1068 3718 repetitio
1099 3654 1260 3704 flebat
1292 3652 1461 3720 (reor)

393 3731 462 3781 ad
500 3730 637 3781 hunc
656 3730 920 3781 Vmodum:
953 3730 967 3757 ‘
992 3730 1227 3795 Auguste
1257 3730 1471 3790 Claudi,‘

391 3808 491 3859 Dii
513 3813 569 3857 te
591 3807 739 3857 nobis
760 3807 1050 3872 praestent,'
1084 3808 1282 3857 dictum
1315 3822 1462 3858 sexa-

389 3884 542 3949 gies:
597 3884 614 3912 ‘
639 3884 823 3934 Claudi
880 3883 1135 3949 Auguste,
1178 3886 1462 3951 principem

392 3966 469 4024 te,
507 3964 600 4010 aut
632 3961 799 4025 qualis
831 3968 889 4009 tu
924 3974 1000 4023 es,
1033 3976 1239 4025 semper
1261 3962 1464 4026 optavi·

388 4051 510 4088 mus
529 4036 566 4087 :’
600 4037 803 4087 dictum
822 4035 1150 4102 quadragies.
1214 4038 1373 4089 Salia.

460 4114 708 4164 Frustra:
740 4112 1014 4177 repetitum,
1052 4113 1110 4163 id
1144 4121 1245 4177 est,
1265 4115 1466 4165 instau-

393 4197 566 4242 ratum
589 4191 887 4257 conjugium
909 4200 1237 4243 venerantur.

460 4268 741 4336 nepam
758 4267 1104 4333 mamam]
1138 4268 1315 4321 simne
1335 4268 1463 4337 qum

1537 2337 1834 2387 reducenda
1855 2346 1973 2402 post
2008 2337 2285 2388 divortium
2316 2352 2477 2388 uxore
2500 2337 2609 2388 edi·

1536 2429 1656 2465 cere
1702 2415 2011 2482 (dubitavit)
2053 2423 2351 2466 revocatam
2395 2432 2510 2466 eam
2549 2417 2604 2466 in

1538 2495 1780 2559 pulvinar
1817 2511 1995 2545 suum:
2032 2494 2307 2544 acclamari
2352 2494 2513 2544 etiam
2547 2493 2605 2544 in

1538 2570 1964 2636 Amphitheatro,
2002 2571 2207 2636 epulari
2238 2570 2342 2633 die,
2379 2570 2605 2622 libenter

1539 2650 1721 2713 audiit,
1741 2650 1963 2700 Domino
1997 2657 2052 2699 et
2086 2648 2346 2700 domiuael
2415 2649 2604 2714 Neque

1539 2734 1689 2792 puto,
1710 2729 1870 2778 semel
1889 2730 2225 2779 acclamatum
2246 2734 2349 2792 est,
2366 2728 2457 2778 sed
2481 2727 2609 2778 mul·

1538 2806 1698 2857 toties
1737 2806 1792 2857 id
1827 2809 2140 2872 repetitum:
2191 2813 2251 2857 ut
2292 2812 2473 2856 nostro
2503 2806 2604 2857 boe

1536 2883 1651 2934 loco
1663 2885 1852 2946 Taciti,
1868 2900 1970 2934 nou
1993 2900 2125 2948 nego
2144 2884 2334 2948 saepius
2347 2884 2609 2933 acclama·

1536 2967 1647 3012 tnm
1691 2975 1835 3023 essu
1874 2963 1969 3013 sed
2012 2970 2155 3026 puto,
2193 2975 2296 3010 non
2334 2960 2410 3010 ibi
2448 2972 2608 3025 agere

1535 3039 1751 3090 Tacitus
1795 3040 1863 3089 de
1920 3041 2148 3104 repetita
2199 3038 2605 3089 acclamatione:

1538 3130 1642 3165 non
1657 3116 1779 3184 „haec
1802 3117 1997 3180 satagit
2019 3117 2255 3165 Tacitus.

1606 3194 1767 3243 Forte
1809 3194 1882 3242 ibi
1923 3193 2115 3242 desunt
2155 3192 2390 3255 quedam
2431 3204 2608 3253 voces,

1541 3274 1687 3318 utV.
1726 3284 1778 3332 g.
1831 3270 2032 3318 sturia
2073 3267 2607 3330 prindpkhudmet

1541 3343 1853 3393 audiebantur
1878 3347 2095 3407 plausus,
2119 3358 2209 3393 seu
2234 3358 2388 3393 voces
2422 3344 2608 3396 multo·

1543 3435 1659 3472 rum
1711 3420 1901 3470 civium
1950 3421 2301 3470 matrimonium
2354 3421 2610 3484 repetition

1540 3497 1877 3546 venerantiam.
1943 3495 2054 3547 A‘ut
2087 3496 2226 3547 sorte
2251 3496 2500 3561 pauciora
2520 3496 2611 3547 de·

1543 3579 1682 3637 sunt,
1703 3574 1804 3622 itur
1824 3575 1874 3622 in
1905 3573 2136 3638 principis
2154 3576 2336 3635 laudes,
2356 3580 2413 3623 et
2431 3572 2609 3637 conju·

1542 3650 1682 3715 gium
1704 3652 1957 3713 repetitum
1977 3656 2277 3701 remeatur.
2312 3650 2376 3700 Id
2401 3657 2501 3713 est,
2520 3650 2608 3703 vel

1543 3728 1858 3793 principem,
1873 3730 1960 3778 vel
1981 3730 2125 3780 Deos
2147 3730 2306 3793 ipsoS,
2323 3728 2390 3777 ob
2414 3726 2608 3791 repeti-

1543 3812 1653 3856 tum
1696 3806 2074 3856 matrimonium
2116 3811 2424 3856 merantur.-
2464 3800 2608 3869 quod

1542 3883 1681 3933 idem
1704 3889 1806 3947 est,
1828 3897 1890 3935 ac
1914 3890 2091 3948 grates
2114 3891 2291 3947 agunt.

1605 3960 1883 4024 Repetam
1935 3959 2281 4022 muntium]
2358 3958 2425 4012 In
2475 3957 2606 4011 Mssa

1539 4041 1855 4096 ueneratur,-
1888 4037 2025 4101 quod
2063 4037 2277 4086 melius:
2313 4036 2437 4101 quia
2458 4035 2608 4086 omit·

1543 4114 1612 4166 tit
1630 4114 2019 4179 conjunctiones
2046 4114 2281 4165 Tacitus.
2339 4112 2606 4178 Intellige,

1542 4200 1599 4243 et
1620 4192 1874 4256 repetitum
1894 4196 2178 4241 venerantur
2190 4206 2211 4250 ς
2243 4192 2378 4257 quod
2409 4190 2486 4242 sic
2519 4204 2616 4241 ea*

1539 4270 1663 4340 pio:
1696 4270 1783 4324 vel
1801 4269 1880 4321 illi
1898 4270 2155 4336 repetitum
2182 4265 2479 4340 eonjugium
2499 4268 2612 4321 Oc·
