3063 4952
350 427 403 480 J.
425 425 485 479 C.
510 420 643 493 59.]'
684 472 685 475 ,

1049 417 1461 491 auxanium
1492 420 1660 472 ms.
1693 414 1898 474 x111.'

1685 202 1715 218 N

2381 382 2582 479 1628'

351 570 498 636 tio¹0
514 560 701 650 fuit:
740 569 906 656 quia
957 560 1320 639 svictor'es‘
1364 563 1698 636 diversam
1736 569 1948 637 aciem
1969 566 2195 636 'Marti
2242 574 2327 636 σο
2373 568 2586 637 Mer-'

353 671 585 738 curio'b
614 692 987 751 sacravere,
1018 693 1151 758 quo
1180 679 1364 740 voto⁰
1389 675 1566 760 equi,
1594 675 1748 753 viri,
1789 680 2032 742 cuncta
2070 675 2263 740 vita¹¹
2308 675 2584 749 occidi-¹

350 827 589 902 hostilem
612 851 904 903 exercitum
927 851 1171 902 dicavere
1195 851 1359 904 Marti
1378 859 1434 903 et
1450 851 1737 918 Mercurio,
1755 868 1845 918 quo
1875 857 1999 918 voto,
2014 851 2138 919 equi,
2156 851 2380 919 homines,
2400 853 2560 905 omnm

1279 997 1307 1016 O
1310 997 1455 1018 OM

1458 998 1633 1019 ““““

351 1098 575 1166 petitum
608 1117 675 1152 ex
707 1103 1079 1168 superioribus,
1099 1102 1180 1154 sid
1213 1100 1458 1169 witimiro.
1492 1104 1850 1156 Brotier.—-10
1885 1104 2153 1155 Exitiosius
2188 1103 2415 1155 Brotier.
2447 1103 2559 1157 Ms-

350 1167 488 1218 Flor.
532 1168 770 1218 Pichena
803 1176 859 1219 et
891 1171 1226 1221 recentiores.
1290 1171 1354 1220 In
1394 1170 1625 1220 editione
1662 1170 1917 1235 principe,
1955 1171 2223 1221 exitiosum.
2258 1171 2383 1220 Mss.
2405 1170 2559 1221 Harl.

350 1233 503 1282 Bodl.
529 1233 643 1285 Jes.
666 1241 722 1284 et
741 1235 1076 1299 Puteolanus,
1097 1236 1246 1286 exitio
1257 1234 1398 1296 suin
1431 1235 1569 1300 quod
1588 1246 1733 1286 certe
1753 1236 2056 1301 elegantius.
2092 1236 2370 1285 Idem—11
2408 1237 2562 1286 Cunc-

347 1302 400 1347 ta
431 1299 563 1348 victa
600 1301 847 1364 Brotier.,
883 1309 938 1351 et
975 1302 1051 1350 ita
1091 1302 1195 1351 Ms.
1219 1301 1356 1352 Flor.
1395 1301 1654 1351 editiones
1692 1309 1897 1352 veteres
1936 1308 1991 1353 et
2013 1302 2348 1351 recentiores.
2414 1302 2561 1352 Male

347 1364 681 1414 emendatum
706 1365 758 1415 in
784 1367 966 1417 mediis
989 1365 1297 1431 quibusdam
1321 1367 1656 1430 editionibus,
1674 1383 1780 1418 cum
1809 1368 1884 1416 itu
1903 1367 2047 1417 victa.
2117 1367 2174 1415 Li
2182 1367 2295 1429 psio
2318 1366 2564 1429 placebat

347 1429 570 1479 Danesii
587 1431 901 1495 conjectura,
921 1437 1088 1482 cunc-m
1104 1432 1225 1481 viva.
1287 1433 1545 1483 Tentabat
1565 1433 1619 1484 J.
1643 1434 1700 1483 F.
1723 1433 2036 1491 Gronovius,
2054 1437 2221 1482 cuncta
2233 1431 2366 1495 victi,
2381 1432 2434 1480 id
2458 1440 2562 1496 est,

347 1502 561 1556 cuncta,
603 1511 716 1560 quae
758 1497 927 1546 victus
968 1504 1088 1547 ante
1127 1498 1450 1561 possederat.
1483 1498 1702 1552 Brotier.
1758 1499 1946 1549 Placet
1983 1499 2200 1548 Danesii
2239 1498 2564 1562 conjectura,

346 1564 517 1610 cuncta
540 1559 663 1610 viva.
699 1561 919 1624 Lipsius.
953 1562 1057 1611 ΜΒ.
1083 1562 1223 1612 Flor.
1257 1563 1445 1627 (Bud.)
1475 1564 1596 1614 edd.
1634 1579 1808 1615 omnes
1844 1570 2015 1614 cuncta
2043 1564 2186 1626 victa,
2205 1562 2362 1628 idque
2383 1560 2562 1623 desem

347 1624 699 1675 dit‘Freinsh.
723 1627 787 1675 ad
831 1628 971 1677 Flor.
1005 1631 1056 1690 4,
1095 1631 1145 1677 2.
1173 1634 1227 1677 et
1252 1628 1318 1677 ad
1340 1630 1391 1679 h.
1415 1630 1449 1679 l.
1484 1629 1716 1679 Faernus
1740 1645 1941 1695 quoque
1966 1629 2195 1693 conjecit
2215 1629 2340 1678 υἰυα.
2405 1627 2481 1678 At
2501 1627 2558 1680 J.

349 1686 432 1741 rr.
456 1690 726 1741 Gronovio
748 1699 984 1742 neutrum
1007 1694 1203 1759 placet,
1224 1693 1314 1743 sed
1338 1695 1481 1746 vieti.-
1529 1702 1739 1761 cuncta,
1771 1711 1886 1760 quai
1918 1695 2088 1746 victus
2124 1701 2278 1746 antea
2309 1693 2561 1761 possedit.

1344 1827 1556 1887 NOTAE

350 1949 468 1986 eum
495 1936 718 2002 inspexi,
747 1940 799 1988 in
838 1954 940 2005 qua
962 1941 1124 1991 omnis
1147 1940 1234 1991 illa
1257 1942 1413 1992 confi-

348 2015 525 2069 ciendi
567 2030 628 2065 ac
680 2017 956 2080 colligendi
1001 2018 1256 2082 ejusmodi
1296 2019 1415 2070 salis

348 2093 482 2165 ratio
524 2096 909 2145 accuratissime
950 2097 1160 2163 depicta
1190 2098 1415 2149 habeba-

268 2186 269 2189 *
349 2176 450 2239 tur.
522 2173 843 2224 Bombornius.

390 2257 431 2305 7²
469 2250 632 2299 Cattis
652 2250 800 2300 exitio
825 2251 955 2317 suit]
1009 2253 1129 2303 Non
1152 2253 1416 2303 dissimulo

348 2326 803 2378 hallucinationem
818 2336 874 2379 et
887 2327 1132 2394 παρόραμα
1155 2330 1250 2381 viri
1273 2330 1416 2381 docti

351 2406 619 2470 nostratis,
639 2407 727 2471 qni
748 2406 815 2456 ab
836 2409 937 2457 hac
966 2423 1138 2474 pugna
1159 2408 1416 2459 initia‘de·

352 2483 489 2532 rivat
529 2484 750 2534 Batavae
795 2485 958 2551 genti.
1041 2487 1235 2538 Censet
1280 2488 1415 2537 enim

352 2559 523 2610 victos
567 2562 844 2626 pulsosque
890 2577 953 2612 eo
992 2564 1172 2627 praelio
1215 2565 1418 2628 Cattos,

355 2636 624 2685 devenisse
665 2638 946 2690 maritimos
985 2641 1144 2704 locos,
1169 2641 1258 2691 ubi
1281 2657 1417 2692 nunc

355 2713 596 2780 Batavia,
639 2721 695 2763 et
739 2715 989 2780 originem
1033 2718 1240 2769 dedisse
1280 2720 1417 2770 inter

356 2791 544 2857 Belgas
588 2793 920 2844 nobilissimae
964 2796 1125 2859 genti.
1197 2798 1419 2850 Caecita·

358 2872 495 2920 tem!
1024 2929 1027 2930 γ

384 2975 389 2976 ⁷
418 2951 609 3001 Batavi
640 2952 773 3002 noti
793 2953 1128 3020 celebresque
1167 2954 1254 3006 diu
1288 2962 1418 3006 ,aute

356 3026 485 3079 banc
507 3044 621 3079 aevo
662 3030 886 3080 Neronis
909 3046 1165 3097 pugnam:
1218 3040 1273 3084 et
1298 3034 1420 3084 Cat·

357 3112 525 3157 torum
547 3107 811 3173 migratio,
833 3110 901 3159 de
924 3125 1024 3176 qua
1044 3110 1260 3162 Tacitus
1282 3113 1336 3162 in
1357 3113 1420 3163 li-

354 3184 491 3236 bello
527 3186 595 3237 de
636 3187 934 3253 Germania,
966 3203 1069 3238 non
1108 3190 1263 3241 dubie
1286 3190 1419 3242 anti·

356 3263 527 3328 quior.

418 3340 434 3368 ‘
460 3340 685 3403 Batavi,'
725 3342 910 3408 inquit,
946 3344 963 3373 ‘
987 3359 1089 3395 non
1112 3345 1327 3396 multum
1353 3360 1420 3397 ex

358 3417 492 3482 ripa,
507 3419 601 3469 sed
617 3419 830 3470 insulam
847 3422 1014 3472 Rheni
1034 3424 1195 3473 amnis
1214 3424 1420 3485 colunt;

361 3493 632 3545 Cattorum
656 3498 913 3561 quondam
947 3501 1186 3564 populus,
1210 3507 1267 3551 et
1288 3501 1421 3551 sedi-

356 3570 498 3630 tione
538 3571 826 3623 domestica
862 3575 917 3623 in
950 3590 1039 3625 eas
1074 3578 1223 3627 sedes
1258 3583 1422 3628 trans-

358 3653 583 3713 gressus,
623 3649 674 3698 in
713 3652 896 3715 quibus
936 3668 1058 3716 pars
1092 3654 1311 3703 Romani
1334 3655 1422 3703 im-

356 3726 488 3790 perii
510 3725 736 3777 fierent!
767 3729 977 3793 Lipsius.

419 3809 444 3836 ⁸
485 3804 722 3867 Victores]
773 3808 859 3855 De
892 3807 1123 3872 utrisque
1136 3805 1348 3874 'populis
1369 3807 1424 3858 id

357 3879 624 3945 intellige:
659 3897 865 3948 nempe,
885 3885 928 3933 si
948 3885 1212 3936 vicissent.

430 3957 562 4013 Quia
583 3958 809 4022 victores]
864 3960 1085 4023 Ipsimet
1106 3961 1250 4014 Catti
1271 3976 1424 4012 vove·

360 4040 498 4096 rant,
557 4034 603 4083 si
657 4035 904 4085 vicissent
955 4037 1076 4101 ipsi,
1116 4045 1423 4102 ¹sacratui-os

362 4118 554 4161 cuncta
576 4112 799 4162 hostium
838 4114 1002 4166 Marti
1046 4120 1102 4164 et
1138 4116 1422 4167 Mercurio.

360 4186 435 4246 Et
451 4188 526 4239 sic
545 4190 690 4239 minae
710 4189 905 4240 hostiles
929 4190 984 4252 in
1002 4192 1219 4255 ipsosmet
1241 4193 1423 4244 Cattos

354 4264 684 4320 seviebatur.
805 4284 809 4288 ·

428 4338 454 4380 b
483 4342 644 4396 Marti
658 4358 721 4398 ‚ae
741 4300 1033 4412 Merui-iol
1056 4345 1173 4399 Lib.
1197 4328 1263 4400 de
1285 4346 1426 4401 Mor.

1494 1945 1672 1995 Germ.
1694 1950 1744 1996 9.
1799 1945 1815 1974 ‘
1839 1944 2069 1997 Deorum
2103 1945 2324 1996 maxime
2355 1946 2567 1997 Mercu-

1495 2024 1628 2073 rium
1649 2024 1848 2074 colunt.
1915 2023 2013 2074 Cui
2050 2024 2211 2074 certis
2248 2022 2452 2088 diebus,
2472 2026 2568 2077 lin-i

1494 2099 1659 2148 manis
1699 2113 1905 2164 quoque
1939 2098 2120 2148 hostiis
2157 2098 2310 2149 litare
2350 2097 2429 2149 fas
2471 2101 2562 2151 ha·

1494 2173 1640 2225 bent.
1707 2175 1991 2225 Herculem
2015 2168 2325 2225 ac‘Martem
2348 2191 2565 2229 conces·

1496 2250 1567 2300 sis
1589 2252 1889 2301 animalibus
1912 2251 2155 2315 placant,'
2178 2255 2278 2303 ὅτε.

1560 2336 1583 2362 ⁰
1618 2330 1723 2388 Quo
1741 2329 1872 2393 voto]
1925 2328 2078 2379 Idem
2119 2329 2256 2392 apud
2301 2329 2562 2382 Romanos

1494 2406 1690 2459 factum
1725 2414 1859 2458 teste
1899 2406 2047 2456 Livio
2080 2405 2168 2455 lib.
2203 2420 2243 2455 1.
2301 2407 2317 2434 ‘
2343 2406 2563 2472 Tarqui'·

1496 2486 1612 2535 nius
1671 2483 1966 2535 instandum
2027 2484 2323 2548 perterritis
2396 2476 2568 2549 ratus,

1497 2562 1678 2628 praeda
1721 2561 2048 2627 captivisque
2112 2561 2328 2610 Romam
2371 2561 2563 2624 missis,

1498 2638 1677 2704 spoliis
1716 2638 1959 2700 hostium,
1995 2635 2195 2703 (votum
2232 2636 2289 2686 id
2322 2637 2564 2688 Vulcano

1497 2715 1635 2782 erat)
1657 2715 1857 2781 ingenti
1881 2714 2087 2764 cumulo
2118 2713 2369 2778 accensis,
2388 2716 2567 2780 pergi-t

1498 2809 1656 2861 porro
1695 2793 1748 2844 in
1784 2807 1967 2857 agrum
2004 2790 2249 2843 Sabinum
2274 2792 2566 2843 exercitum

1498 2869 1786 2922 inducere.'
1939 2913 1942 2916 ,
2411 2899 2412 2904 =
2562 2915 2568 2921 .

1566 2950 1636 2999 Et
1657 2949 1747 3000 lib.
1770 2963 1825 2999 v.
1844 2951 1924 2998 39.
1956 2948 2024 2998 de
2062 2947 2261 2998 Gallis:
2316 2946 2334 2975 ‘
2355 2946 2568 2998 Postre-

1501 3041 1586 3076 mo
1609 3040 1859 3079 caesorum
1882 3025 2046 3090 spolia
2070 3024 2264 3088 legere,
2283 3017 2576 3075 armorum?

1503 3118 1605 3169 que
1639 3104 1892 3172 cumulos,
1914 3109 1974 3152 ut
2008 3117 2119 3151 mos
2144 3102 2217 3151 eis
2239 3109 2340 3165 est,
2361 3116 2569 3153 coacer-

1500 3179 1663 3230 vare?
1745 3180 1811 3229 Id
1852 3184 1976 3243 post
2018 3193 2242 3243 pugnam
2284 3178 2567 3231 Alliensem

1500 3255 1715 3307 factum.
1777 3257 1849 3306 Et
1872 3262 2019 3320 puto,
2042 3255 2115 3304 sic
2136 3255 2316 3305 Gallos
2337 3254 2565 3306 victores

1501 3348 1838 3385 coacervasse
1874 3333 2041 3397 spolia
2072 3338 2128 3382 et
2161 3347 2322 3398 arma,
2351 3338 2411 3382 ut
2451 3329 2578 3384 cre?

1497 3417 1736 3473 marent3
1772 3411 1953 3461 saltem
1978 3425 2136 3460 arma.
2462 3447 2466 3450 ψ

1563 3490 1635 3539 Et
1657 3488 1833 3538 Livius
1857 3487 1951 3537 lib.
1975 3500 2183 3537 xxviii.
2213 3487 2230 3516 ‘
2254 3487 2434 3551 Spolia
2449 3481 2576 3540 bos-²

1499 3566 1636 3618 tium
1665 3566 1947 3617 Marcellus
1980 3566 2219 3616 Vulcano
2252 3572 2432 3617 votum
2452 3582 2568 3621 cre-

1498 3641 1695 3694 mavit!
1749 3644 1820 3693 Et
1863 3643 1958 3694 lib.
2002 3656 2207 3695 xxvm.
2257 3644 2274 3673 ‘
2300 3645 2449 3695 Caesa
2477 3640 2572 3696 aut

1500 3722 1685 3773 hausta
1730 3721 1973 3772 Flammis
2014 3721 2355 3786 quadraginta
2405 3721 2570 3773 millia

1500 3798 1762 3849 hominum
1786 3805 1925 3861 sunt,
1959 3804 2115 3861 capta
2151 3813 2309 3863 supra
2339 3793 2579 3865 quinque*

1502 3870 1681 3941 inillis,
1712 3877 1863 3927 multi
1908 3875 2388 3940 Carthaginensium
2425 3877 2572 3927 nobi?

1504 3954 1599 4019 les,
1620 3954 1860 4004 undecim
1896 3961 2181 4014 senatores,
2213 3952 2362 4016 signa
2383 3952 2569 4010 milita·

1503 4033 1583 4084 ria
1603 4040 1812 4083 centum
1834 4034 2168 4098 septuaginta
2183 4038 2423 4096 quatuor,
2445 4032 2568 4098 eqni

1504 4112 1770 4162 Numidici
1811 4126 1967 4175 supra
2010 4110 2111 4161 duo
2154 4109 2336 4174 millia,
2369 4110 2572 4174 septin-

1504 4189 1650 4253 genti
1672 4188 1971 4252 Elephanti,
1985 4200 2078 4240 sex
2100 4185 2262 4252 capti,
2284 4192 2404 4238 octo
2425 4180 2567 4237 flam-

1504 4280 1591 4315 ma
1613 4263 1854 4331 ferroque
1879 4262 2117 4322 absumti.
2184 4264 2261 4316 Ea
2279 4258 2452 4314 omnia
2472 4258 2566 4314 im'·

1506 4335 1721 4407 perator
1740 4334 1979 4394 Vulcano
1994 4335 2201 4392 sacrata
2221 4339 2486 4393 incendit:
2509 4369 2514 4378 ι
2533 4345 2538 4350 ’
