3063 4952
2388 403 2565 502 isos

352 572 530 629 sum·
550 563 865 629 Senatus:
889 566 908 596 ‘
927 563 1058 627 ille³
1083 569 1342 628 auctor*
1360 565 1857 631 constitutionis
1880 560 2104 642 fieret,’
2124 567 2197 627 ut
2213 561 2377 627 inter
2392 580 2559 646 pau-

352 430 485 495 3,.(3.
509 422 656 509 ετςχ
1051 419 1460 488 nmmum
1510 425 1655 493 ms.
1706 426 1883 492 xm.

341 755 401 806 ,nt
424 750 514 801 ille
538 743 726 813 auctor
747 748 950 801 decreti
982 747 1154 814 fieret,
1188 755 1412 815 tanquam
1432 751 1561 801 inter
1588 767 1778 816 paucos,
1805 755 1852 802 et
1881 749 2126 801 aevaeum
2148 746 2401 799 communi
2421 760 2562 811 oppo-

1274 893 1507 914 “1000“
1513 894 1631 914 ‘OOO

350 971 447 1032 —48
475 971 684 1038 Illejam
704 981 868 1028 auctor
889 976 1117 1027 Brotier.
1140 990 1255 1025 cum
1302 977 1673 1027 Romen—Ita
1696 979 1799 1029 Ms.
1823 975 1957 1041 Reg.
1989 976 2205 1026 In-Mss.
2230 975 2380 1024 Harl.
2409 972 2560 1024 Bodl.

349 1039 457 1093 Jes.
485 1041 668 1093 Guelf.
686 1042 823 1091 Bnd.
845 1051 899 1090 et
919 1042 1232 1091 editionibus
1257 1041 1539 1103 veteribus,
1560 1043 1639 1092 ille
1654 1059 1715 1092 an
1737 1048 1916 1092 auctor.
1954 1042 2158 1105 Lipsius
2178 1041 2344 1089 omisit
2364 1055 2444 1089 an.
2494 1038 2560 1087 In

338 1107 449 1157 ‘Msz
471 1107 600 1171 Agr.
616 1108 706 1168 illi,
721 1123 781 1155 an
795 1112 984 1164 auctom-
1008 1107 1143 1170 qnod
1161 1120 1407 1170 recepere
1426 1106 1655 1171 Ryckius
1672 1115 1727 1157 et
1746 1110 2015 1157 Ernestus.
2032 1106 2124 1166 At,
2140 1113 2199 1155 ut
2215 1107 2416 1168 opinor,
2431 1118 2560 1152 nun·

351 1187 503 1236 qnam
523 1173 737 1234 scripsit
750 1172 983 1228 Tacitus,
996 1172 1306 1235 perscripsere
1319 1177 1477 1220 tamen
1491 1188 1761 1223 comessum
1776 1179 1967 1223 senatus
1981 1172 2056 1221 illi
2071 1190 2088 1222 .-
2108 1188 2170 1220 απ
2192 1177 2373 1232 auctor,
2386 1172 2465 1233 ᾃτ.
2495 1168 2560 1228 ld

347 1238 482 1287 enim
501 1238 711 1287 omnino
730 1236 933 1298 durum,
951 1250 1201 1301 auresque
1222 1230 1459 1296 offendit.
1504 1238 1721 1290 Brotier.
1787 1239 1927 1289 Puto
1945 1239 2045 1301 leg.
2069 1236 2561 1299 interpungendum·

336 1317 467 1367 ‚que,
484 1302 795 1365 perscripsere
809 1305 964 1350 tamen
976 1316 1241 1352 consensum
1259 1301 1461 1351 Senatus
1477 1302 1567 1365 illi,
1581 1318 1642 1352 an
1657 1308 1821 1354 auctor
1836 1303 2180 1357 constitutionis
2180 1303 2328 1366 fieret
2334 1337 2348 1361 ,
2365 1306 2417 1348 ut
2434 1302 2561 1349 inter

336 1379 516 1431 paucos
536 1371 584 1416 et
599 1366 845 1416 sententiae
861 1367 1084 1416 diversos.
1104 1366 1337 1414 Firmant
1361 1366 1452 1414 illa
1466 1367 1633 1416 Taciti
1656 1381 1770 1417 xlv.
1791 1372 1869 1416 19.
1906 1369 1921 1396 ‘
1942 1367 2016 1417 At
2035 1368 2281 1416 Consules
2306 1364 2561 1429 perficere

344 1433 569 1486 Senatus
593 1432 862 1481 decretum
878 1445 978 1480 non
997 1431 1123 1492 ausi,
1145 1430 1209 1479 de
1229 1435 1478 1480 consensu
1503 1433 1761 1497 scripsere
1780 1432 2011 1482 Caesari!
2045 1432 2179 1495 Lips.
2213 1433 2413 1480 Pavent
2430 1431 2559 1478 Mas.

340 1497 486 1547 Ποῖ.
527 1495 666 1545 B'ud.
699 1494 878 1545 Guelf.
917 1494 1038 1545 edd.
1057 1510 1138 1559 pr.
1162 1495 1287 1546 Put.
1307 1502 1363 1545 et
1393 1496 1608 1561 reliquae
1635 1503 1765 1547 vett.
1791 1511 1986 1558 omnes,
2008 1501 2122 1561 qnae
2161 1496 2354 1544 habent
2374 1496 2453 1544 ille
2474 1509 2559 1544 an.

345 1564 427 1610 Δπ
450 1575 579 1611 casu
599 1561 838 1609 omissum
863 1567 1013 1623 puto,
1038 1560 1175 1624 quod
1208 1574 1310 1609 non
1344 1560 1539 1610 habent
1561 1562 1713 1611 Pich.
1751 1563 1897 1626 Lips.
1937 1569 1992 1612 et
2018 1576 2163 1625 seqq.
2197 1561 2270 1609 At
2291 1559 2405 1614 cod.
2429 1559 2559 1623 Agr.

344 1624 710 1689 placitumve
731 1641 779 1674 α.
802 1641 843 1674 c.
857 1624 907 1684 s.
943 1626 1080 1675 unde
1106 1627 1308 1689 recepit
1330 1625 1585 1689 Ryckius,
1606 1642 1760 1692 quern
1786 1627 2069 1692 sequimur.
2138 1627 2273 1676 Nam
2296 1625 2350 1673 id
2374 1626 2558 1677 saltem

346 1700 426 1748 est
448 1693 507 1746 in
537 1691 762 1754 scripto:
797 1690 879 1739 ille
920 1695 1082 1739 auctor
1105 1691 1245 1740 clare
1276 1698 1355 1740 est
1388 1691 1575 1741 vitium
1615 1707 1909 1756 operarum,
1945 1690 2169 1756 posteris
2215 1698 2559 1754 propagatum

346 1755 656 1804 editoribus.
722 1755 996 1803 Broterius
1034 1770 1062 1804 e
1098 1756 1199 1804 Ms.
1236 1771 1342 1818 reg.
1387 1754 1553 1818 dedit,
1583 1756 1662 1806 ille
1682 1757 1792 1818 jam
1827 1763 2004 1807 auctor.
2073 1758 2201 1805 Mox
2239 1755 2394 1805 eredo
2435 1769 2558 1804 vere

344 1819 759 1869 Freinshemiurn
784 1820 1041 1881 corrigere
1061 1819 1104 1868 ei
1126 1821 1398 1869 sententies.-
1432 1821 1571 1883 qnod
1591 1823 1830 1885 placebat
1853 1823 2011 1871 etiam
2035 1821 2256 1886 Ryckio.
2324 1820 2481 1882 Nam,
2517 1819 2561 1868 si

330 1881 522 1949 'capias
543 1889 590 1933 et
625 1899 741 1933 cum
760 1884 811 1935 J.
834 1885 922 1933 Fr.
948 1884 1209 1934 Gronovio
1243 1885 1374 1934 Obs.
1398 1898 1438 1932 1.
1460 1889 1542 1935 22.
1564 1901 1616 1950 p.
1642 1891 1755 1937 1⁷⁷.
1795 1902 1890 1950 pro
1912 1889 2077 1948 etiam,
2096 1893 2155 1936 ut
2183 1900 2223 1935 1.
2246 1890 2295 1934 4.
2334 1899 2463 1946 oegro
2509 1890 2559 1933 et

341 1964 565 2014 corpore.-
598 1955 771 1998 tamen
804 1949 977 2013 friget,
999 1956 1060 1998 ut
1093 1951 1295 2014 opinor.
1362 1949 1494 1999 Nan»
1518 1952 1737 2000 haberet
1761 1953 1860 2012 vim
1886 1952 2128 2015 augendi,
2164 1963 2281 2014 quae
2304 1951 2424 2002 huic
2442 1951 2556 1999 loeo

340 2030 447 2063 non
471 2014 740 2065 convenit.
805 2014 892 2063 An
929 2015 1067 2063 enim
1107 2015 1294 2064 mirum
1338 2023 1436 2077 est,
1474 2019 1753 2066 sententiae
1794 2032 1889 2081 per
1912 2018 2259 2080 egressionem
2294 2015 2556 2069 relationis

341 2077 504 2131 dictae
553 2079 820 2129 adversari
859 2079 1141 2144 quosdam?
1207 2078 1480 2144 Minimum
1506 2081 1558 2129 in
1602 2082 1697 2131 tali
1730 2095 1787 2130 re
1827 2088 1910 2131 est
1948 2082 2230 2143 sententia,
2273 2080 2363 2129 tali
2402 2079 2558 2128 modo

330 2145 507 2195 dicta.
576 2145 843 2207 Ceterum,
864 2145 1006 2196 nullo
1042 2144 1195 2200 inodo
1218 2151 1499 2208 potuerunt
1539 2146 1686 2200 Coss.
1721 2148 2007 2214 postulare,
2033 2146 2168 2211 qnod
2195 2144 2401 2194 videtur
2422 2145 2555 2194 Gro-

338 2212 498 2268 novio
542 2210 578 2261 1.
604 2225 651 2259 c.
679 2216 753 2268 nt,
790 2210 927 2274 qnod
968 2225 1061 2273 pro
1110 2209 1370 2258 sententia
1414 2209 1612 2259 dictum
1638 2219 1751 2264 erat
1785 2227 1814 2260 a
1863 2212 2211 2274 Senator-ibus,
2252 2210 2556 2259 relationem

343 2275 585 2339 egressis,
608 2287 777 2323 rarum
797 2275 1008 2335 habeat,
1032 2280 1087 2323 et
1117 2273 1541 2324 constitutionem
1565 2291 1677 2325 esse
1702 2277 1894 2326 sineret
1919 2277 2026 2325 sine
2048 2276 2326 2326 relatione:
2383 2275 2557 2323 Nulioe

341 2347 452 2389 tum
487 2339 891 2389 constitutiones
934 2338 1087 2389 factas
1133 2341 1245 2388 sine
1288 2339 1574 2389 relatione:
1613 2356 1738 2405 ergo
1779 2349 2040 2407 qnaerunt,
2072 2356 2136 2390 an
2184 2341 2443 2390 sententia
2461 2339 2558 2392 ‘illa

340 2405 573 2468 placeat,
608 2404 835 2469 velitque
862 2404 1162 2454 relationem
1182 2404 1313 2452 fieri.
1346 2403 1427 2453 Cf.
1454 2418 1548 2453 xv.
1574 2409 1654 2455 22.
1695 2409 1819 2456 Ern.
1869 2407 2008 2456 Bnd.
2045 2406 2179 2455 male
2196 2406 2250 2453 in
2286 2419 2559 2454 consensum

334 2470 463 2521 ‘Sem
485 2471 613 2535 Rip.
651 2469 773 2534 jure
797 2470 1080 2531 extrudunt
1100 2486 1181 2534 nn,
1216 2469 1470 2533 rejectum
1496 2471 1609 2535 jam
1633 2472 1696 2521 ab
1731 2472 1860 2534 aliis,
1895 2487 1962 2521 ex
2001 2470 2239 2535 sequenti
2271 2474 2434 2519 auctor
2456 2469 2557 2518 huc

340 2536 574 2600 irrepsit.
642 2538 833 2587 Sensus
856 2536 931 2584 sic
953 2536 1155 2598 planus.
1221 2534 1408 2583 Similis
1432 2534 1545 2584 fere
1569 2537 1711 2586 locus
1732 2551 1848 2585 xiv·
1872 2541 1954 2586 49.
2006 2538 2201 2586 Torum
2222 2535 2358 2584 hunc
2384 2535 2556 2582 locum

332 2601 606 2669 quomodo
647 2599 901 2665 refingere
945 2600 1148 2651 laboret
1179 2600 1293 2651 Jac.
1334 2599 1706 2665 GothofreduS,
1730 2617 1778 2650 v.
1802 2602 1866 2651 ad
1892 2601 2021 2652 Cod.
2062 2599 2257 2650 Theod.
2284 2615 2346 2649 11.
2371 2603 2452 2649 22.
2487 2597 2555 2652 dc

1342 2720 1397 2776 N
1401 2724 1564 2777 0¹1*AE
1598 2726 1602 2731 ’

330 2849 411 2907 ta,
430 2841 698 2906 dictisque
720 2848 924 2907 patrum
943 2839 1232 2901 sententiis,
1248 2839 1264 2869 ‘
1291 2854 1409 2906 con-

330 2908 476 2973 sules
499 2915 760 2982 perficere
779 2922 987 2977 senatus
1015 2916 1284 2969 decretum
1306 2929 1408 2965 non

335 2995 451 3045 ausi
469 2993 629 3049 sunt.’

378 3071 523 3127 -Vel
552 3084 673 3129 cum
721 3068 928 3131 omnino
971 3084 1058 3119 res
1111 3064 1405 3141 propositas

333 3147 543 3198 referre
568 3149 803 3198 consules
820 3149 1038 3208 nollent,
1052 3155 1107 3197 et
1122 3163 1229 3197 rem
1244 3149 1407 3198 tacite

331 3224 569 3288 principi
614 3232 957 3288 reservarent,
998 3227 1204 3290 majoris
1238 3225 1410 3275 adula-

333 3303 494 3352 tionis
539 3316 712 3363 causa,
757 3308 812 3351 et
855 3301 993 3352 forte
1036 3304 1102 3352 ob
1142 3310 1407 3355 auctorem

324 3379 633 3442 sententiae,
653 3380 740 3444 qui
763 3379 926 3443 gloria
944 3387 1037 3437 aut
1073 3380 1269 3431 virtute
1302 3397 1407 3430 ma-

322 3457 435 3519 jor,
456 3471 614 3521 quam
631 3463 692 3510 ut
711 3457 919 3508 tolerari
939 3465 1186 3521 corrupta
1204 3457 1407 3522 Repub.

334 3539 539 3596 posset.

392 3609 569 3663 ,Quod
589 3610 811 3673 contigit
830 3611 1075 3661 Thraseae
1100 3625 1193 3662 xv.
1215 3615 1297 3661 22.
1319 3613 1409 3669 uhi

335 3686 629 3750 censebat:
664 3686 681 3714 ‘
705 3701 771 3735 ne
805 3688 919 3752 quis
940 3688 1006 3744 ad
1029 3689 1302 3738 concilium
1328 3704 1407 3738 so-

330 3763 539 3823 ciorum
560 3762 806 3827 referret,
845 3766 1069 3829 agendas
1094 3765 1232 3828 apud
1265 3780 1408 3815 sena-

324 3848 452 3890 tum
499 3841 908 3904 propraetoribus
947 3843 1411 3906 proveconsulibus

334 3916 555 3980 grates:
595 3919 698 3968 διε.
766 3917 904 3970 Nam
945 3925 1052 3967 tum
1088 3926 1409 3983 proponente

284 4029 309 4047 .,
329 3992 591 4057 Thrasea,
614 3995 892 4049 noluerunt
913 3994 1111 4063 referre
1135 3997 1406 4059 consules;

334 4073 431 4122 sed
478 4078 685 4136 postea,
733 4060 922 4122 'tractore
957 4072 1188 4137 principe,
1227 4073 1408 4123 eadem

334 4165 424 4203 res
468 4152 757 4204 constituta
783 4157 1065 4215 sanctaque
1086 4171 1101 4211 3
1128 4166 1238 4199 -nec
1262 4157 1406 4200 certe

334 4241 422 4277 res
443 4228 580 4292 ipsa,
600 4226 695 4279 sed
721 4234 905 4285 auctor
935 4227 1208 4280 sententiae
1232 4227 1409 4294 displi-

335 4303 516 4358 cebet.

1553 2848 1577 2874 ¹¹
1611 2842 1934 2907 Per-scripsere
1957 2848 2112 2895 tamen
2131 2840 2420 2905 consensum]
2451 2840 2555 2892 Pn-

1480 2906 1546 2975 fo
1571 2919 1669 2981 leg.
1705 2919 2296 2985 interpungendumque‚
2322 2917 2558 2983 perscrip-

1486 3010 1586 3046 sere
1622 3002 1779 3050 tamen
1828 3013 2095 3048 consensum
2132 3002 2321 3047 senatus
2361 2995 2455 3057 illi,
2494 3010 2558 3063 aa

1485 3078 1651 3122 auctor
1670 3074 2186 3139 constitutionisfieret,
2217 3078 2270 3122 ut
2292 3073 2419 3121 inter
2437 3087 2556 3135 pau-

1486 3165 1563 3201 cos
1577 3155 1626 3201 et
1655 3151 1900 3203 sententia>
1921 3153 2139 3200 diversos.
2204 3151 2434 3207 Firmant
2471 3150 2558 3197 illa

1486 3229 1653 3279 Taciti
1679 3231 1713 3279 l.
1737 3244 1854 3295 xrv·
1888 3231 1903 3257 ‘
1929 3230 2001 3278 At
2035 3228 2268 3279 consules
2302 3225 2559 3290 perficere

1487 3305 1707 3354 Senatus
1745 3306 2014 3355 decretum
2055 3320 2158 3354 non
2197 3303 2325 3366 ansi,
2347 3302 2412 3351 de
2437 3316 2558 3352 con-

1488 3396 1638 3432 sensu
1658 3383 1910 3446 scripsere
1934 3379 2167 3431 Caesari.'
2212 3378 2424 3445 Lipsius.
2535 3384 2538 3387 '

1559 3450 1865 3520 Conre'nsum]
1918 3458 2040 3507 Non
2089 3457 2213 3508 satis
2254 3455 2421 3517 capio,
2469 3453 2557 3518 qui

1489 3549 1792 3584 consensum
1838 3539 2047 3582 senatus
2092 3531 2413 3595 perscribere
2447 3530 2557 3585 Ne,-

1489 3611 1604 3660 roni
1631 3610 1911 3683 potuerint,
1941 3610 1983 3657 si
2005 3624 2114 3659 rem
2137 3623 2240 3657 non
2264 3608 2556 3658 retulerunt

1490 3692 1738 3753 consules,
1771 3690 1812 3738 si
1846 3703 1947 3738 non
1987 3694 2236 3751 rogarunt
2271 3686 2556 3736 sententias

1489 3773 1738 3829 patruum
1771 3765 1871 3813 nisi
1917 3763 2074 3828 forte,
2123 3779 2218 3828 per
2263 3765 2563 3828 relationem,

1491 3842 1752 3904 intelligat
1815 3841 1982 3904 ipsum
2033 3841 2557 3907 senatusconsultum,

1491 3920 1629 3984 quod
1665 3920 1918 3982 incipere,
1959 3932 2129 3982 neque
2168 3915 2420 3980 perficere
2445 3915 2558 3967 ansi

1490 3997 1596 4045 sint
1615 4014 1629 4058 3
1656 3997 1748 4059 sed
1768 3996 1971 4045 disertis
1993 3995 2163 4052 verbis
2178 3994 2555 4058 dicitincipere

1480 4062 1788 4125 'relationem
1815 4087 1916 4130 non
1937 4087 2084 4123 ausos
2104 4086 2217 4120 esse
2243 4086 2258 4133 ;
2298 4070 2433 4140 qnod
2458 4068 2556 4120 dis-

1487 4149 1775 4229 ficnltaterp
1798 4148 1947 4199 facit.

1554 4227 1656 4276 Sed
1696 4238 1867 4279 tamen
1910 4227 2063 4276 aliter
2101 4227 2428 4277 innotescere
2464 4240 2556 4289 po·

1487 4306 1591 4359 tuit
1628 4320 1907 4359 consensus
1949 4304 2058 4370 ille,
2094 4312 2217 4355 ante
2253 4302 2555 4353 relationem
