3063 4952
384 2525 410 2542 l

512 384 689 453 1670
1221 400 1288 449 c.
1338 396 1708 449 constant
1756 392 2017 448 rAclrr

508 548 830 615 nobilium
870 544 1273 612 familiarum
1301 552 1627 631 posteroS,
1660 554 1963 632 egestate
2009 547 2303 628 VenaleS,
2344 549 2414 614 in
2454 558 2727 615 scenam

508 652 782 718 deduxit
803 661 851 716 :v
894 672 1064 735 quos
1093 652 1229 716 sato
1259 652 1664 735 perfunctoS,
1711 673 1791 716 ne
1836 654 2223 717 nominatim
2263 653 2726 730 tradam,‘ma-

497 756 764 842 ⁸foribus
813 774 1037 820 eornm
1080 755 1542 820 tribuendum*
1584 762 1784 839 puto:
1847 761 2059 821 nam¹0
2104 764 2172 823 et
2220 757 2368 841 ejus
2394 757 2724 839 flagitium

508 844 634 937 est,
654 861 781 944 ,qui
809 860 1163 944 pecuniam
1212 861 1298 924 ob
1345 858 1591 926 delicta
1645 862 1874 945 potius
1925 861 2127 938 dedit,
2159 879 2363 944 quam
2402 881 2486 924 ne
2520 856 2730 924 delin-

508 960 801 1048 querent.
889 962 1141 1028 Notos¹
1170 982 1437 1047 quoque
1481 964 1766 1049 Equites
1815 964 2195 1029 Romanoss
2228 983 2469 1048 operas
2497 981 2724 1030 arenae

2402 407 2494 473 [Α.
2515 402 2584 458 U.
2609 412 2726 459 sis.

504 1179 666 1244 plures
699 1179 1076 1241 contamimmet,
1116 1180 1374 1230 illustrium
1412 1182 1651 1230 domorum
1676 1182 1894 1243 juvenes,
1929 1183 2090 1247 inopia
2127 1184 2364 1245 antistes,
2392 1185 2452 1232 in>
2488 1183 2730 1233 theam

509 1246 716 1295 adduxit
733 1262 754 1304 ;
786 1247 865 1309 qui
886 1262 990 1295 cum
1011 1246 1236 1295 exstincti
1258 1246 1372 1309 sint,
1385 1247 1497 1309 jam
1520 1249 1623 1296 avis
1640 1262 1794 1297 eorum
1835 1249 1884 1297 id
1923 1252 2264 1299 concedendum
2289 1250 2533 1310 existimo,
2553 1264 2614 1298 ne
2635 1249 2731 1298 ain-

503 1312 622 1373 gula
654 1326 812 1359 eorum
833 1311 1022 1360 ποηιίκα
1046 1326 1320 1360 memorem:
1353 1312 1522 1375 quippe
1541 1317 1590 1361 et
1609 1313 1741 1362 illius
1760 1315 1908 1362 scelus
1942 1320 2030 1375 est,
2069 1316 2148 1377 qui
2176 1315 2423 1378 pecuniam
2453 1314 2614 1377 potius
2632 1315 2728 1362 lar-

501 1376 635 1439 gitus
650 1382 721 1426 est
743 1375 798 1424 ob
806 1376 1030 1441 flagitia,
1046 1392 1187 1440 quam
1206 1392 1266 1426 ne
1282 1382 1547 1439 peccarent.
1618 1374 1852 1442 Compulit
1876 1380 2022 1429 etiam
2060 1380 2271 1443 insignes
2304 1381 2484 1444 equites
2504 1380 2651 1430 Rom.
2671 1383 2728 1428 ut

1439 1512 1794 1534 OOO‘OOOON‘O

508 1594 627 1648 Non
654 1597 979 1663 ineleganter
999 1598 1216 1664 dictum,
1238 1599 1430 1650 molliri.
1467 1598 1827 1648 Brotier.-—-10
1850 1599 1935 1650 Sic
1959 1599 2278 1651 Puteolanus
2302 1602 2358 1652 et
2381 1600 2725 1652 recentiores.

1498 1778 1719 1830 NOTAE

570 1919 593 1944 v
616 1913 675 1961 In
692 1928 876 1962 scenam
899 1913 1121 1980 deduxit]
1141 1914 1226 1965 Sic
1252 1916 1430 1966 Caesar
1452 1916 1574 1965 olim
1657 1915 1886 1981 videtur,
1908 1914 2026 1966 cum
2066 1932 2243 1967 eorum
2273 1916 2466 1966 nomini
2485 1930 2608 1964 -uon
2636 1930 2724 1980 pe-

505 1990 800 2056 quingentis
850 1991 1074 2041 millibus
1128 1993 1368 2042 invitavit
1409 1993 1573 2042 Labe-
1656 1992 1951 2058 percit‚qui
1991 1993 2146 2043 famae
2187 2008 2293 2057 suae
2327 2007 2431 2044 non
2470 2000 2726 2056 peperce-

505 2069 639 2117 rium
671 2066 735 2116 ad
759 2080 998 2128 scenam;
1030 2067 1166 2117 unde
1188 2068 1439 2133 illeapud
1459 2070 1573 2118 Ma·
1654 2075 1795 2133 runt,
1830 2069 2141 2136 familiisque
2170 2069 2462 2120 clarissimis
2497 2068 2726 2119 aeternad

508 2144 653 2194 crob.
695 2157 757 2194 n.
797 2148 847 2193 7.
902 2145 916 2170 ‘
952 2145 1423 2209 EquesRomanns
1463 2146 1573 2207 lare
1654 2147 1884 2197 maculas
1907 2148 2300 2212 impresserunt.
2374 2146 2676 2197 Vertranius.

504 2236 741 2287 egressus
781 2236 896 2271 tneo
940 2222 1166 2271 Demum
1207 2231 1443 2273 revertar
1479 2223 1571 2271 mi-

503 2314 646 2371 mus3
681 2299 921 2359 nimirum
939 2299 1035 2349 hoc
1061 2300 1142 2350 die
1166 2301 1282 2350 Uno
1307 2302 1425 2366 plus
1450 2300 1574 2366 vixi,

506 2377 631 2427 mihi
655 2392 808 2443 quam
827 2377 1102 2429 vivendum
1124 2377 1259 2429 fuit?

566 2456 834 2523 Augustus
857 2456 1013 2508 etiam
1037 2457 1294 2524 equitibus
1328 2458 1571 2508 Romanis

500 2548 620 2585 usus
658 2542 741 2585 est
775 2535 838 2584 ad
876 2536 1107 2585 scenicas
1144 2542 1200 2586 et
1234 2536 1569 2600 gladiatorias

498 2627 700 2676 operas.
722 2615 933 2663 Sueton.
953 2612 1085 2678 Aug.
1102 2618 1186 2663 43.
1206 2615 1275 2664 Et
1295 2614 1375 2663 his
1399 2615 1572 2678 potuit

500 2690 661 2754 objici
703 2689 838 2754 quod
875 2691 1087 2740 Sallust.
1127 2689 1270 2740 Hist.
1306 2704 1346 2738 1.
1380 2690 1395 2717 ‘
1422 2691 1570 2740 Prae·

495 2766 638 2817 clara
661 2769 940 2816 Brutorum
979 2774 1135 2832 atque
1159 2767 1481 2817 AEmiliorum
1513 2773 1570 2817 et

500 2845 821 2893 Lutatiorum
846 2845 1037 2909 proles,
1078 2845 1240 2909 geniti
1263 2845 1331 2894 ad
1366 2861 1426 2895 ea
1450 2860 1566 2910 quae

500 2920 719 2983 majores
742 2936 995 2986 peperere
1018 2921 1405 2973 subvertenda.’
1468 2922 1569 2972 Au-

497 2997 659 3046 relius.

566 3079 600 3106 v
634 3074 899 3136 Maioribus
918 3089 1079 3125 eorum
1111 3077 1430 3142 tribuendum]
1465 3078 1567 3129 Im·

500 3166 586 3200 mo
607 3165 731 3201 vero
756 3151 838 3216 iis,
860 3154 946 3217 qui
970 3154 1045 3203 ita
1068 3170 1099 3204 a
1121 3157 1340 3218 perenni
1365 3165 1568 3207 contes-

498 3233 713 3293 tataque
749 3229 1002 3292 majorum
1032 3230 1228 3281 virtute
1261 3232 1568 3297 degeneras-

500 3313 636 3366 sent,
671 3312 732 3355 ut
751 3304 1032 3356 foedissima
1070 3309 1345 3371 servitute,
1379 3316 1433 3359 et
1457 3326 1567 3361 sce-

497 3382 629 3436 nicis
649 3383 848 3433 artibus
882 3383 1044 3434 vitam
1067 3391 1124 3434 et
1143 3400 1310 3435 mores
1348 3386 1565 3436 infama-

497 3465 637 3522 rent,
671 3459 946 3523 ignominia
968 3459 1283 3526 infamiaque
1312 3472 1569 3528 perpetua

497 3532 756 3587 inurenda
778 3537 897 3588 fuit.

498 3659 503 3662 .
566 3614 719 3669 Quod
757 3615 972 3680 perinde
1008 3616 1062 3664 in
1100 3615 1213 3666 illos
1244 3631 1451 3680 censeo,
1476 3620 1566 3684 qui

496 3704 552 3741 se
574 3690 795 3754 invitos,
815 3707 877 3742 ac
916 3692 969 3741 in
1005 3708 1113 3757 eos,
1136 3693 1224 3760 qni
1249 3709 1305 3744 se
1330 3696 1566 3746 volentes

495 3767 839 3832 foedaverunt,
894 3784 1012 3819 cum
1070 3772 1275 3823 deesset
1328 3774 1562 3839 utrisque

496 3848 695 3897 animus
716 3861 839 3898 vere
866 3848 1151 3898 Romanus:
1188 3857 1241 3899 et
1263 3850 1329 3899 ab
1348 3841 1566 3902 lismoi·-

492 3925 562 3974 tls
584 3924 978 3993 honestissimae,
1002 3941 1119 3990 quae
1157 3928 1470 3992 turpitudini
1506 3938 1563 3980 et

496 4002 739 4054 servituti
783 4003 1151 4067 anteponenda
1194 4019 1401 4069 semper
1443 4004 1563 4070 fuit,

490 4079 837 4144 pulcherrima
859 4088 913 4130 et
935 4081 1224 4145 ⁸histissima
1244 4084 1561 4146 praetermit·

492 4161 698 4207 teretur
719 4157 943 4208 occasio.

510 4265 515 4272 ι
559 4232 733 4285 Quare
755 4234 878 4283 mihi
903 4235 1007 4285 Dio
1026 4234 1230 4285 Cassius
1252 4237 1561 4301 prudentius

490 4306 691 4375 fecisse,
733 4323 891 4376 qnam
930 4310 1016 4362 hic
1060 4319 1241 4364 noster
1288 4301 1567 4365 Cornelius

1720 2227 1886 2276 Recte
1909 2226 2119 2276 Tacitus
2142 2226 2247 2290 hic,
2267 2233 2321 2275 et
2345 2225 2508 2274 multa
2531 2225 2724 2273 v'esane
2821 2270 2826 2271 γ

1653 2301 1857 2365 profert
1882 2302 2003 2365 Dio,
2026 2302 2220 2367 ubique
2261 2304 2508 2352 Romanae
2537 2288 2728 2359 virtuti

1652 2377 1870 2429 infestus
1893 2379 2187 2442 Graeculus,
2224 2371 2494 2443 et'aperte
2515 2378 2726 2428 histrio*

1652 2471 1790 2520 nem,
1826 2472 1918 2508 seu
1947 2457 2363 2520 declamatorem,
2384 2470 2484 2506 non
2522 2455 2726 2508 histori-

1651 2549 1768 2584 cum
1792 2536 1920 2598 agit.
2663 2537 2672 2542 ²

1715 2618 1741 2643 ¹
1781 2612 1952 2675 Notos]
1987 2611 2049 2661 Id
2071 2619 2171 2676 est,
2208 2612 2417 2676 insignes
2453 2628 2543 2662 sen
2590 2613 2724 2663 iuue-

1649 2692 1747 2737 tres
1770 2687 1996 2752 equites:
2023 2688 2111 2754 qui
2137 2688 2328 2739 fuerint
2350 2688 2562 2752 insignes
2578 2689 2722 2753 equi-

1652 2770 1752 2826 teS,
1794 2764 2053 2814 illustrare
2078 2764 2283 2814 videtur
2316 2766 2422 2816 Dio
2455 2765 2488 2815 l.
2513 2778 2722 2817 xxxrx.

1648 2839 1735 2889 ubi
1770 2840 1834 2890 de
1855 2840 1995 2891 Julio
2021 2841 2153 2892 Caes.
2187 2846 2208 2872 ί
2227 2841 2355 2890 Cum
2384 2840 2512 2891 ordo
2538 2843 2723 2907 eques-

1650 2916 1745 2966 tris
1787 2915 2070 2967 diminutus
2111 2925 2271 2982 esset,
2312 2933 2377 2967 ex
2421 2919 2561 2968 omni
2608 2934 2723 2982 sno,

1649 2994 1807 3043 etiam
1829 3001 1980 3044 extra
1999 2995 2227 3058 Italiam,
2261 2996 2497 3059 imperio,
2532 2997 2722 3045 multos

1651 3070 2010 3135 affinitatibus,
2033 3079 2088 3123 et
2112 3073 2295 3138 opibus
2329 3073 2604 3137 primarios
2641 3089 2724 3124 ac·

1649 3150 1864 3198 cersitos
1889 3149 1941 3198 in
1966 3163 2082 3198 eum
2106 3149 2304 3213 allegit,
2327 3156 2382 3198 et
2406 3149 2721 3214 quibusdam

1647 3226 1851 3275 illorum
1887 3227 2163 3276 senatoriae
2193 3225 2350 3275 vestis
2383 3240 2553 3289 nsum,
2577 3233 2724 3277 ante·

1647 3318 1799 3369 quam
1841 3305 2196 3369 magistratum
2236 3303 2416 3366 ullum,
2439 3317 2541 3369 quo
2566 3304 2618 3352 in
2640 3315 2721 3353 se-

1645 3387 1825 3431 natum
1839 3381 2010 3431 aditus
2030 3388 2262 3446 paratur,
2282 3382 2582 3445 gessissent,
2599 3391 2721 3431 con·

1647 3459 1823 3521 cessit,
1837 3465 1896 3508 ut
1913 3474 2057 3523 spem
2074 3459 2425 3524 adipiscendae
2441 3459 2720 3510 senatoriae

1646 3536 1916 3600 dignitatis
1959 3536 2230 3600 haberent,
2267 3537 2404 3601 quod
2436 3544 2559 3587 ante
2597 3539 2720 3589 solis

1643 3611 1677 3662 e
1716 3627 1903 3675 genere
1944 3614 2202 3664 senatorio
2242 3614 2368 3663 ortis
2409 3628 2720 3664 concessum

1646 3690 1797 3740 erat!
1870 3690 2024 3740 Haud
2046 3691 2202 3739 dubie
2226 3691 2302 3740 illi
2324 3691 2551 3755 insignes
2574 3692 2720 3757 equi-

1647 3775 1747 3831 tes,
1772 3769 1862 3834 qui
1894 3767 2232 3830 affinitatibus
2255 3777 2312 3821 et
2332 3771 2514 3835 opibus
2549 3771 2720 3821 excel-

1645 3848 1841 3898 lebant.
2574 3884 2580 3891 .

1644 3949 1658 3959 ’
1709 3924 1863 3976 Quod
1883 3925 2041 3975 etiam
2072 3924 2305 3975 firmatur
2338 3940 2403 3975 ex
2425 3928 2547 3976 Tac.
2572 3926 2719 3977 Hlst.

1642 4015 1723 4050 ιν.
1746 4005 1828 4051 63.
1862 4003 1876 4030 ‘
1906 4002 2094 4051 Curam
2130 4002 2440 4052 restituendi
2464 4002 2714 4066 Capitolii

1642 4079 1695 4128 in
1719 4079 1780 4128 L.
1808 4078 2080 4128 Vestinum
2104 4078 2329 4142 confert,
2351 4079 2610 4146 equestris
2632 4093 2715 4130 or-

1641 4155 1774 4206 dinis
1798 4157 1980 4220 virum,
2018 4156 2110 4206 sed
2134 4158 2448 4208 auctoritate
2469 4155 2713 4222 famaque

1642 4233 1783 4283 inter
1806 4232 2083 4298 proceres!
2201 4233 2204 4238 ’

1709 4314 1881 4378 Igitur
1901 4311 2130 4365 illustres
2144 4307 2352 4379 equites
2368 4314 2606 4378 Romani,
2624 4313 2712 4379 qni
