3063 4952
2391 384 2562 451 1767

348 544 707 626 Marullus,
736 542 987 610 Consul
1014 539 1445 628 designatus}
1491 547 1511 577 ‘
1539 540 1974 608 adimendam¹
2016 563 2131 609 reo
2161 543 2557 626 Praeturam,

340 646 848 731 necandumque
874 665 1058 710 more
1078 644 1483 730 maj0rum.’¹¹²
1577 645 1826 711 Ceteris
1854 647 2003 711 inde
2025 649 2579 728 assentientibus,

346 750 589 814 Paetus
632 740 1236 826 Thrasea,4,11'1ulto
1288 768 1457 813 cum,
1487 749 1736 828 honore
1784 749 2097 827 Caesaris»,
2129 758 2194 815 et
2245 753 2558 816 acerrime

343 852 671 935 increpito
718 848 1035 926 Antistio,
1084 855 1104 884 ‘
1129 871 1280 930 non,
1313 849 1633 937 quicquid
1676 868 1927 916 nocens
1969 872 2119 915 reus
2174 857 2314 936 pati
2355 856 2559 917 mere-

340 960 546 1032 retur,
579 955 670 1031 id,
701 954 960 1037 egregio
991 956 1116 1019 sub
1148 954 1483 1038 Principe,
1513 959 1580 1018 et
1605 954 1792 1017 nulla
1817 954 2215 1019 necessitate
2242 956 2559 1021 obstricto

252 1108 255 1111 ,
343 1056 650 1135 Senatu‚⁵
713 1043 1168 1135 statuendum,'
1233 1056 1584 1123 disseruit:
1640 1063 1660 1092 ‘
1687 1058 2060 1122 carnificem
2108 1069 2172 1121 et
2221 1060 2561 1142 laqueum¹¹

342 1158 604 1241 pridem
634 1159 920 1224 abolita:
965 1166 1031 1225 et
1059 1146 1208 1223 esse
1245 1180 1482 1244 poenas
1528 1161 1790 1241 legibus
1839 1163 2258 1240 constitutas,
2290 1150 2557 1246 quibus,

343 1260 492 1324 sine
514 1276 517 1279 ·
525 1261 834 1345 judicum
883 1262 1148 1328 saevitia
1195 1270 1262 1327 et
1308 1268 1673 1347 temporum
1723 1262 2019 1341 infamia,
2074 1263 2414 1346 supplicia
2443 1263 2558 1328 de·

343 1374 783 1451 cernerentur.
877 1364 1059 1444 Quin
1088 1366 1153 1430 in
1183 1362 1456 1442 insula‚⁶
1500 1365 1862 1447 publicatis
1883 1365 2099 1443 bonis,
2132 1385 2264 1448 quo
2287 1366 2555 1449 longius

340 405 623 470 J·C.6⁸.]
1061 397 1472 446 ANNAMUM
1523 397 1669 448 mu.
1718 398 1880 447 xlv.

335 1548 627 1609 destinatus,
646 1551 1011 1601 removendum
1040 1568 1137 1602 esse
1158 1551 1441 1603 Antistium
1476 1560 1726 1616 praetura,
1749 1550 2266 1616 interficiendumque
2288 1563 2430 1599 more
2453 1563 2557 1597 ma·

328 1614 531 1676 jorum.
580 1616 729 1664 ‘Dein
751 1617 961 1667 omnibus
980 1618 1091 1666 aliis
1111 1620 1235 1668 idem
1272 1620 1581 1680 censentibus,
1607 1619 1772 1667 Poetus
1798 1618 2019 1679 Thrasea,
2036 1633 2139 1666 cum
2160 1618 2298 1665 decus
2323 1614 2558 1678 principis

342 1685 469 1727 aute
491 1681 782 1744 celebrasset,
802 1697 858 1730 ac
875 1684 1276 1733 vehementissime
1293 1685 1503 1734 invectus
1523 1689 1646 1733 esset
1667 1684 1717 1732 iu
1743 1683 2029 1745 Antistium,
2069 1683 2269 1743 censuit,
2301 1680 2395 1729 sub
2416 1678 2570 1743 opti-‚

339 1757 427 1791 mo
450 1744 782 1809 imperatore,
804 1754 856 1796 et
878 1750 1020 1797 nulla
1043 1751 1090 1797 vi
1111 1750 1297 1799 adacto
1319 1756 1518 1808 senatu,
1539 1763 1641 1799 non
1661 1749 2042 1798 decernendum
2057 1747 2416 1811 quodcumque
2433 1759 2553 1793 reus

339 1811 551 1872 perpeti
597 1810 844 1864 deberet:
873 1814 986 1877 jam
1036 1814 1125 1863 diu
1167 1816 1459 1866 exolevisse
1493 1815 1660 1864 Romoe
1692 1821 1961 1875 tortorem,
1998 1813 2309 1875 funemque:
2346 1819 2401 1860 et
2442 1824 2553 1858 esse

342 1874 606 1937 supplicia
631 1876 829 1933 legibus
848 1879 1065 1941 sancita,
1089 1880 1272 1943 quibus
1297 1895 1461 1943 poeuae
1482 1887 1842 1929 statuerentur
1857 1880 1967 1927 sine
1990 1877 2306 1926 imma'nitate
2330 1883 2559 1940 patrum,

342 1948 397 1987 et
423 1940 613 2003 probro
657 1941 1047 1994 dominantium.
1114 1946 1254 1997 Quin
1291 1946 1535 1995 ininsula
1566 1960 1690 2009 reus,
1713 1945 1934 2017 ademtis
1971 1944 2176 2008 opibus,
2215 1956 2318 2007 quo
2358 1940 2551 1991 diutius

1264 2071 1625 2092 OOOOO‘OmOO

344 2167 470 2203 vero
495 2154 753 2220 integrum
774 2157 1004 2215 restituit
1028 2157 1143 2210 Jac.
1165 2157 1489 2208 Gronovius:
1527 2159 1668 2208 clara
1691 2164 1918 2223 aptaque
1942 2155 2115 2205 omnia
2136 2155 2178 2203 si
2201 2168 2317 2203 cum
2339 2153 2431 2227 illo
2452 2149 2556 2227 dis·

338 2220 590 2270 tinxeris:
633 2222 755 2271 Tum
792 2223 999 2286 primum
1040 2229 1258 2272 reuocata
1297 2239 1353 2273 ea
1385 2226 1481 2274 lex.
1552 2224 1930 2285 credebaturque
1964 2222 2090 2270 haud
2121 2219 2313 2283 perinde
2351 2222 2554 2266 exitium

344 2284 579 2347 Antistio,
606 2302 743 2350 quam
767 2289 1050 2351 Imperatori
1062 2289 1268 2351 gloriam
1286 2291 1450 2352 quoeri,
1468 2294 1522 2337 ut
1544 2291 1892 2349 condemnatus,
1912 2289 1992 2349 ᾄτ.
2059 2284 2211 2334 Haud
2236 2284 2307 2332 ita
2326 2282 2554 2331 feliciter

345 2349 616 2400 Mercerus
636 2359 689 2401 et
709 2354 961 2412 Muretus,
995 2353 1228 2416 quahaud
1254 2353 1448 2416 perinde
1450 2387 1536 2402 .....
1540 2357 1787 2415 quoereret.
1852 2350 2111 2409 Placebat
2144 2348 2405 2409 Acidalio,
2426 2361 2553 2422 ques:

343 2415 490 2464 sisse:
543 2417 912 2481 Freinshemio,
941 2420 1098 2481 gloria
1136 2418 1349 2483 quoesita.
1395 2418 1597 2467 Probat
1642 2418 2011 2475 Cl.Ernestus,
2052 2414 2313 2479 quesitam.
2385 2412 2553 2488 Qufen

345 2482 516 2544 aptius
541 2483 762 2535 videtur.
831 2486 1044 2534 Brotier.
1114 2484 1454 2550 Freinshemii
1496 2483 1910 2532 emendationem
1932 2496 2098 2529 meam
2131 2479 2252 2529 feci.
2321 2478 2551 2541 Ryckms

341 2547 602 2609 probavit,
623 2549 714 2598 sed
738 2565 838 2599 nou
863 2552 1081 2614 recepit.
1151 2549 1461 2601 merliu—4
1485 2550 1614 2598 Cod.
1639 2549 1825 2613 Ryckii
1852 2548 2058 2605 ‘stasea,·
2091 2553 2146 2594 et
2169 2544 2241 2593 sic
2265 2556 2555 2606 semper.—

345 2618 373 2659 5
399 2613 550 2662 vett.
573 2615 695 2663 edd.
721 2625 841 2664 ante
865 2616 1186 2679 Rhenauum,
1209 2616 1434 2665 Senatui:
1467 2615 1507 2663 si
1525 2615 1712 2678 copula
1733 2619 1781 2663 et
1802 2613 2028 2674 abesset,
2065 2610 2339 2674 probarem
2363 2625 2375 2656 :
2412 2620 2550 2656 nunc

345 2675 527 2727 Senatu
571 2693 747 2728 verum
787 2688 884 2730 est.
954 2683 1146 2732 Ernest.
1213 2681 1348 2730 Bud.
1378 2679 1586 2730 Senatu:
1637 2688 1692 2729 et
1725 2680 1802 2728 sic
1829 2678 1940 2742 jam
1978 2676 2184 2726 Puteol.
2225 2682 2411 2724 contra
2448 2673 2550 2748 {39-

347 2742 513 2793 ruald.
555 2744 872 2796 Senatui.--6
894 2747 996 2799 Με.
1016 2746 1144 2811 Agr.
1168 2756 1221 2794 et
1240 2746 1583 2810 Puteolanus,
1620 2745 1837 2795 insulam.
1903 2742 2093 2792 Melius
2112 2742 2214 2790 Ms.
2236 2741 2373 2789 Flor.
2389 2737 2550 2787 editio

1337 2878 1551 2929 NOTAE

378 2963 381 2968 v
405 2988 432 3023 Β
462 2991 640 3041 Juuius
656 2993 910 3055 Marullus,
928 2998 1085 3046 consul
1106 2995 1404 3059 designatus]

339 3067 486 3116 luter
530 3066 776 3119 suffectos
820 3086 923 3121 nou
957 3073 1402 3124 dubie'consules.

338 3143 442 3193 Sed
467 3144 521 3192 in
564 3145 697 3196 hunc
721 3147 886 3212 ipsum
910 3163 1114 3213 anuum,
1150 3149 1403 3201 Annaeum

1485 2993 1655 3044 exitus
1693 2992 2029 3058 magistratus
2073 2989 2474 3056 expectabatur,
2509 2983 2551 3033 si

1482 3065 1539 3122 in
1557 3073 1859 3134 magistratu
1880 3072 2000 3135 quid
2019 3069 2350 3134 deliquisset:
2377 3073 2551 3117 tamen

1483 3164 1586 3198 nou
1610 3149 1685 3198 ita
1705 3150 1756 3197 in
1780 3148 1993 3198 crimine
2014 3148 2152 3195 laesae
2174 3142 2484 3208 majestatis.

338 3224 590 3271 senecam
646 3229 702 3272 et
754 3225 1070 3276 Trebellium
1116 3228 1403 3277 Maximum

340 3313 470 3349 coss.
497 3297 731 3349 referunt
755 3302 850 3351 viri
873 3303 1014 3353 docti
1034 3304 1083 3352 in
1100 3320 1261 3369 opere
1281 3305 1404 3354 Fas·

338 3383 539 3426 torum:
576 3385 633 3427 et
655 3379 768 3429 loca
790 3387 926 3445 sunt,
947 3398 1064 3446 quae
1087 3391 1336 3433 annuunt.

403 3451 669 3504 Ausonius
730 3464 921 3521 tamen,
959 3460 1014 3507 iu
1064 3443 1417 3521 Panegyrico,

335 3531 553 3579 Senecae
579 3532 898 3582 consulatum
936 3542 1118 3599 aperte
1141 3531 1396 3585 detrahit:

335 3612 352 3634 ⁴
375 3608 541 3657 Dives
585 3601 805 3674 Seneca,
847 3626 946 3662 nec
991 3619 1163 3661 tamen
1202 3612 1398 3675 consul,

335 3692 586 3748 arguetur
607 3688 797 3736 rectius
830 3703 982 3752 quam
1013 3688 1402 3752 praedicabitur,

339 3776 445 3812 non
488 3763 736 3813 erudiisse
759 3765 982 3815 indolem
1022 3767 1266 3828 Neronis,
1307 3766 1402 3816 sed

335 3852 564 3889 armasse
588 3840 877 3891 saevitiam.'
943 3845 1062 3895 Quo
1100 3844 1216 3894 loco
1248 3845 1400 3894 video

333 3928 447 3963 esse
465 3914 554 3979 qui
596 3917 925 3980 negationem
964 3920 1292 3982 subtrahant,
1325 3921 1398 3969 le-

339 3998 589 4057 gantque,
623 3993 754 4043 dites
782 3995 978 4057 Seneca,
1024 4001 1182 4047 tamen
1223 3989 1396 4048 consul.

336 4067 568 4132 Lipsius.
595 4070 717 4120 Non
734 4070 833 4122 fuit
855 4074 1030 4123 consul
1054 4074 1155 4139 hic,
1170 4075 1261 4125 sed
1279 4091 1398 4127 con·

333 4146 443 4194 sule
461 4145 644 4209 major.

400 4220 412 4253 ¹
443 4222 784 4289 Adimendam]
829 4228 893 4278 In
931 4228 1045 4280 aliis
1082 4229 1399 4295 criminibus,

340 4308 396 4349 ut
422 4300 537 4367 quis
574 4311 925 4370 accusaretur,
951 4323 1013 4357 uc
1056 4306 1402 4373 damnaretur,

1550 3226 1763 3290 Quippe
1801 3225 2017 3274 Romani
2065 3224 2207 3285 olim,
2248 3229 2306 3269 ut
2344 3219 2549 3282 frange-

1484 3309 1597 3352 rent
1621 3301 1790 3351 foedus
1832 3302 1885 3350 iu
1926 3299 2173 3352 Caudinis
2206 3298 2386 3357 ictum,
2422 3294 2550 3344 nihil

1482 3386 1788 3443 expectato,
1821 3379 1984 3441 ipsum
2010 3376 2367 3439 magistratum
2391 3371 2550 3421 hosti·

1480 3456 1921 3516 busdediderunt.
1936 3455 2020 3505 Sic
2035 3463 2089 3504 et
2099 3456 2159 3504 L.
2176 3453 2379 3503 Silanus
2403 3452 2550 3501 Clau·

1480 3535 1552 3585 dii
1570 3534 1925 3600 gener-statim
1948 3534 2141 3597 petitus
2165 3539 2260 3582 est.
2309 3530 2548 3580 Aurelius.

1546 3620 1581 3645 ¹¹¹
1617 3613 1756 3662 More
1776 3608 2030 3673 maiorum]
2076 3610 2289 3659 Suetou.
2313 3609 2441 3658 Ner.
2465 3611 2548 3656 49.

1482 3694 1496 3719 ‘
1521 3690 1979 3753 Interrogavitque
2034 3685 2233 3754 (Nero)
2286 3686 2437 3751 quale
2493 3684 2549 3733 id

1483 3782 1645 3831 genus
1662 3773 1800 3816 esset
1821 3781 2020 3830 poenae;
2047 3773 2101 3814 et
2125 3780 2241 3814 cum
2266 3762 2547 3827 comperis·

1483 3851 1580 3908 set,
1602 3846 1725 3893 nudi
1743 3844 1964 3893 hominis
1988 3844 2241 3893 cervicem
2265 3841 2418 3891 inseri
2442 3838 2548 3889 fur-

1478 3937 1572 3986 cae,
1588 3935 1775 3986 corpus
1797 3922 1954 3985 virgis
1968 3922 2031 3974 ad
2049 3933 2230 3969 necem
2254 3916 2422 3979 caedi‚’
2443 3921 2545 3966 ὅτε.

1544 4005 1568 4031 ¹¹
1606 3999 1890 4065 Carnificem
1913 4003 1960 4046 et
1983 3994 2222 4060 laqueum]
2289 3993 2420 4042 Ha’c
2467 4007 2546 4042 re·

1477 4078 1737 4141 spondent
1780 4077 1856 4125 illi
1899 4074 2132 4137 decreto,
2151 4087 2277 4121 more
2320 4071 2549 4133 maiorum

1479 4156 1754 4205 necandum.
1823 4154 1903 4203 Ex
1930 4166 2032 4216 quo
2056 4152 2196 4201 clare
2222 4148 2400 4211 discis,
2424 4146 2546 4213 quid

1479 4231 1548 4280 sit
1565 4233 1739 4296 punire
1761 4230 1961 4293 Tacito,
1981 4239 2107 4277 more
2130 4227 2375 4290 majanum.
2428 4224 2547 4289 Lip-

1481 4323 1603 4359 sius.
