3063 4952
354 419 412 475 J.
435 421 497 475 c.
514 415 628 485 aa]
2387 359 2567 464 2015

446 562 555 627 64.
599 557 697 624 At
726 557 936 637 Nero,
965 557 1148 622 nullo
1176 559 1246 622 in
1276 558 1629 624 Paulinam
1656 561 1928 645 proprio
1949 555 2133 640 odio,
2156 580 2267 641 ac,
2294 579 2379 625 ne
2405 560 2567 645 glis-

364 671 540 731 ceret
567 662 824 728 invidia
863 661 1299 740 crudelitatis,
1328 663 1603 727 inhiberi
1623 672 1642 700 ¹
1675 670 1942 728 mortem
1991 666 2292 749 imperat.
2381 665 2564 730 Hor-

361 768 663 834 tantibus
709 767 1052 844 militibus,
1108 768 1287 830 servi
1331 767 1684 851 libertique
1728 769 2019 850 obligant
2064 770 2361 845 brachia,
2407 787 2561 852 pref

363 879 549 937 munt
578 870 985 952 sanguinem,
1008 870 1329 934 incertum
1359 891 1445 935 an
1473 873 1721 952 ignarae
1744 892 1760 936 ε
1782 870 1844 906 2‘
1867 890 2047 950 nam,
2069 876 2146 935 ut
2173 878 2276 936 est
2320 872 2563 954 vulgus

367 974 454 1039 ad
483 975 805 1039 deteriora
840 980 1194 1057 promtum,
1247 995 1380 1039 non
1407 974 1694 1052 defuere,
1722 975 1838 1057 qui
1887 974 2270 1052 crederent,³
2303 978 2323 1007 ‘
2355 973 2565 1038 donec

364 1076 855 1160 implacabilem
879 1076 1216 1141 Neronem
1243 1077 1553 1156 timuerit,
1571 1077 1820 1141 famam
1848 1078 2122 1142 sociatae
2151 1096 2302 1141 cum
2326 1078 2563 1152 marito

364 1182 595 1246 mortis
637 1181 998 1265 petivisse:
1044 1180 1302 1260 deinde,
1329 1180 1558 1245 oblata
1604 1180 1897 1244 mitiore4
1921 1199 2065 1263 spe,
2096 1179 2565 1245 blandimentis

365 1283 526 1348 vitae
554 1285 838 1348 evictam
865 1282 904 1347 ε’
947 1283 1058 1348 cui
1084 1284 1344 1349 addidit
1387 1304 1648 1367 paucos
1696 1289 1951 1367 postea⁵
1979 1302 2210 1360 annOS,
2238 1283 2566 1349 laudabili

362 1386 434 1449 in
463 1387 768 1450 maritum
814 1387 1157 1463 memoria,
1187 1391 1254 1449 et
1298 1404 1412 1449 ore
1464 1406 1544 1449 ac
1589 1385 1902 1448 membris
1948 1385 2018 1447 in
2047 1405 2195 1449 eum
2243 1386 2565 1469 pallorem

365 1486 764 1566 albentibus,
793 1491 872 1550 ut
916 1489 1199 1553 ostentui
1243 1495 1440 1565 esset,
1469 1488 1748 1552 multum
1786 1488 2008 1554 vitalis
2057 1488 2331 1571 spiritus
2377 1507 2564 1572 eges·

1069 409 1496 461 ANNALIUH
1543 409 1693 461 mn.
1736 412 1863 461 XV·

425 1685 523 1736 Sed
544 1687 673 1735 Nero
694 1689 822 1738 nulla
839 1689 1034 1752 propria
1052 1689 1104 1738 in
1127 1690 1384 1739 Paulinam
1402 1691 1674 1755 offensione,
1695 1705 1751 1739 ac
1772 1706 1830 1739 ne
1848 1690 2195 1752 ingravesceret
2215 1688 2373 1738 odium
2395 1688 2563 1738 imma-

361 1752 532 1801 nitatis
548 1753 726 1815 ipsius,
744 1755 964 1816 impediri
983 1756 1295 1814 necemjubet.
1345 1756 1662 1805 latitantibus
1684 1755 1929 1818 militibus,
1948 1755 2073 1804 servi
2091 1754 2340 1818 libertique
2362 1754 2565 1803 obstrin-

357 1821 485 1878 gunt
504 1832 662 1881 veum,
682 1819 896 1867 cohibent
917 1820 1211 1881 song-niuem
1233 1820 1425 1869 dubiam
1442 1837 1507 1869 an
1528 1821 1691 1870 inscia
1700 1820 1934 1880 foeminoe.
2004 1821 2209 1885 Quippe,
2227 1825 2280 1867 ut
2301 1823 2370 1869 est
2391 1820 2565 1881 vulgus

359 1883 424 1930 ad
460 1882 621 1946 peiora
649 1884 911 1932 credenda
946 1899 1163 1946 pronum,
1199 1895 1290 1933 non
1325 1885 1536 1946 defuere,
1585 1887 1666 1949 qui
1703 1886 2054 1945 existimarent,
2090 1886 2359 1947 Paulinam,
2393 1883 2562 1934 donec

359 1947 608 1996 metuerit
629 1947 888 1997 Neronem
911 1948 1298 2014 inexorabilem,
1334 1951 1553 2013 gloriam
1569 1951 1744 2015 juncti
1767 1965 1885 1999 cum
1919 1951 2108 2001 marito
2130 1948 2246 1998 finis
2268 1949 2527 2013 cupivisse
2546 1965 2563 2009 ς

362 2011 481 2061 dein
501 2012 733 2062 exhibita
752 2013 947 2062 leniore
967 2029 1080 2076 spe,
1098 2014 1446 2065 delinimentis
1468 2017 1591 2065 vitae
1618 2017 1844 2065 illectam
1867 2013 2028 2065 fuisse
2049 2032 2064 2076 ;
2098 2017 2174 2064 eui
2193 2019 2356 2078 postea
2385 2014 2564 2076 adiecit

356 2091 533 2139 paucos
549 2093 714 2141 annos,
733 2079 1084 2127 commendabili
1104 2081 1156 2127 in
1173 2078 1329 2127 virum
1351 2081 1598 2140 memorio,
1620 2086 1664 2129 et
1684 2080 1818 2139 socie
1839 2097 1894 2129 ae
1910 2081 2129 2130 membris
2167 2080 2219 2129 in
2240 2095 2345 2128 eum
2366 2080 2562 2128 colorem

354 2142 658 2206 pallentibus,
678 2148 732 2192 ut
751 2144 1020 2192 documento
1042 2148 1177 2207 esset,
1191 2145 1447 2208 plurimum
1467 2146 1629 2193 citatis
1647 2146 1847 2209 spiritns
1868 2146 2144 2195 exhaustum
2158 2143 2337 2193 fuisse.
2372 2144 2565 2193 Interea

1295 2284 1650 2306 ommate&

426 2374 454 2421 1
475 2369 560 2419 Ita
579 2369 711 2419 Mss.
733 2369 884 2418 Harl.
901 2370 1176 2421 Bodl.Jes.
1212 2370 1533 2420 Puteolanus
1552 2386 1613 2421 ac
1637 2370 1885 2435 Ryckins.
1921 2370 2134 2420 [inhiberi
2153 2375 2349 2420 mortem
2364 2371 2563 2423 habent

365 2449 567 2512 quoque
603 2435 730 2485 Mss.
769 2436 904 2485 Flor.
931 2436 1063 2498 Reg.
1086 2435 1221 2485 Bud.
1244 2434 1373 2499 Agr.
1399 2436 1555 2487 Corb.
1581 2443 1637 2487 et
1676 2437 1836 2487 editio
1877 2436 2141 2501 princeps5
2183 2452 2360 2487 verum
2400 2436 2465 2488 ab
2499 2438 2563 2487 iis

364 2500 957 2629 affimat-³³⁰3&
977 2501 2275 2632 {22235332313’223221&misma-2
2298 2501 2563 2632 ῗιῗῗιῗὲἒῗ

1358 2730 1408 2780 N
1414 2731 1579 2781 0¹1·AE

432 2842 504 2894 Et
525 2848 669 2893 certe
703 2857 874 2893 rerum
909 2844 1205 2894 auctoribus
1237 2844 1427 2895 condo·

365 2919 610 2979 nandum,
631 2919 768 2983 quod
791 2920 1030 2983 increpat
1050 2920 1101 2969 in
1124 2922 1235 2970 aliis
1264 2921 1427 2971 homi-

364 2997 515 3048 nibus
554 2998 739 3048 Cicero
782 2997 847 3046 de
889 2998 1002 3047 Fin.
1035 2998 1070 3046 l.
1098 3013 1153 3048 v.
1195 3003 1276 3048 ⁷0.
1309 3000 1325 3027 ‘
1351 2999 1428 3049 Ut

362 3073 506 3124 sures
550 3088 728 3123 earum
770 3088 958 3137 rerum,
990 3090 1118 3140 quas
1155 3082 1427 3140 ceperunt,

365 3152 515 3214 signa
552 3158 887 3214 commutant,
929 3153 1004 3201 sic
1048 3153 1198 3201 multi
1247 3154 1426 3203 alienis

366 3229 660 3291 sententiis,
694 3244 788 3291 pro
822 3230 927 3278 suis
951 3236 1186 3290 utuntur,
1219 3230 1424 3279 nomina

364 3314 611 3371 tanquam
632 3320 803 3354 rerum
826 3313 975 3355 notas
995 3305 1292 3355 mutantes.'
1342 3308 1427 3355 In-

349 3388 567 3449 cedere,
589 3390 671 3433 est
708 3383 927 3433 eandem
967 3397 1075 3432 rem
1116 3382 1230 3432 aliis
1253 3382 1427 3432 verbis

367 3459 586 3510 referre.

434 3537 699 3600 [numere]
735 3537 795 3586 Id
821 3542 922 3597 est,
942 3535 1229 3585 transferre
1251 3535 1306 3585 in
1327 3535 1428 3584 his·

366 3616 554 3667 toriam
575 3632 721 3676 suani⁴
732 3616 901 3666 noluit
909 3616 1119 3666 Tacitus
1137 3615 1253 3678 ipsa
1269 3615 1429 3664 verba

365 3695 601 3756 Senecae,
637 3700 728 3742 ant
760 3708 912 3742 sensa
945 3691 1082 3743 illius
1118 3692 1235 3741 aliis
1254 3692 1428 3740 verbis

367 3777 597 3830 vertere,
620 3777 677 3817 et
696 3770 790 3817 sibi
813 3782 1056 3833 arrogare
1077 3785 1091 3818 ι
1115 3768 1214 3818 hoc
1236 3767 1426 3817 intelli-

367 3848 446 3912 git
463 3861 559 3911 per
578 3844 638 3894 τὸ
659 3848 908 3894 invertere.

433 3924 564 3973 Cum
586 3922 800 3971 Tacitus
843 3922 896 3970 in
934 3922 1143 3971 historia
1175 3931 1427 3985 memorat

369 3999 627 4063 affertque
672 3997 976 4060 orationem,
1012 4012 1102 4047 seu
1156 3999 1428 4062 epistolam

370 4078 639 4143 principis,
679 4083 771 4123 ant
790 4075 944 4124 etiam
981 4078 1288 4126 seutentiam
1311 4093 1429 4127 con-

329 4180 334 4184 ·
368 4154 492 4204 aulis
513 4154 792 4215 designati,
821 4153 907 4215 qui
953 4152 1147 4215 primus
1185 4169 1252 4203 ex
1285 4171 1427 4205 more

367 4231 615 4283 censebat
649 4231 704 4278 in
743 4237 947 4290 senatu,
971 4239 1061 4277 ant
1099 4231 1257 4279 eiiam
1281 4246 1428 4281 sena-

369 4308 499 4360 toris
520 4306 759 4372 alicujus,
781 4319 885 4356 non
909 4306 1068 4357 verba
1089 4308 1303 4374 propria
1320 4308 1431 4361 ilio-

1506 2859 1619 2894 rum
1643 2842 1818 2905 affert,
1850 2843 1943 2894 sed
1978 2842 2268 2908 praecipuos
2289 2855 2569 2915 sensus-as-

1507 2922 1684 2984 sumit,
1710 2929 1765 2972 et
1787 2921 1915 2971 alios
1938 2919 2076 2971 forte
2099 2919 2255 2969 etiam
2273 2918 2568 2982 validiores,

1507 2999 1601 3063 qni
1618 2997 1683 3046 ad
1708 3012 1813 3046 rem
1836 2995 2052 3060 faciant,
2072 2994 2300 3057 adhibet,
2320 3002 2375 3044 et
2394 2993 2569 3044 verbis

1508 3075 1633 3137 suis,
1655 3089 1846 3138 suaque
1884 3073 2182 3139 eloquentia
2206 3088 2301 3137 pro
2315 3074 2438 3137 jure
2471 3087 2567 3121 suo

1505 3153 1703 3202 utitur:
1738 3152 1835 3201 hoc
1853 3159 2011 3201 vocat
2031 3151 2239 3200 Tacitus
2263 3152 2513 3200 invertere.

1572 3229 1714 3292 Lege
1736 3227 2018 3276 orationem
2041 3225 2247 3274 Claudii
2265 3225 2484 3274 Caesaris
2499 3223 2567 3275 de

1506 3305 1673 3354 Gallis
1693 3303 1901 3365 nostris,
1916 3309 2151 3381 senatum
2175 3316 2266 3350 seu
2280 3301 2369 3364 jus
2387 3301 2572 3365 magis·

1506 3390 1738 3433 tratuum
1775 3379 2177 3432 obtinendorum
2210 3379 2264 3426 in
2291 3377 2421 3427 urbe
2454 3392 2569 3441 pos-

1504 3460 1804 3510 tulantibus.
1871 3457 2009 3506 Dein
2036 3469 2289 3520 compone
2313 3469 2428 3505 cum
2451 3455 2568 3518 ipsa

1500 3537 1669 3588 Taciti
1691 3537 1925 3586 oratione
1960 3533 1997 3582 l.
2020 3545 2100 3582 ιι.
2122 3532 2188 3582 de
2214 3531 2391 3579 eodem
2416 3543 2567 3593 argu·

1505 3620 1683 3664 mento
1704 3610 2063 3675 compositam,
2084 3615 2139 3658 et
2170 3608 2301 3667 haec,
2324 3622 2438 3671 quae
2459 3620 2567 3658 mo-

1503 3705 1704 3752 nemus,
1729 3690 1864 3738 ultro
1887 3687 1996 3750 ipse
2019 3684 2403 3735 animadvertes

1572 3768 1589 3800 ⁸
1618 3767 1700 3817 Διι
1734 3763 1941 3827 ignat-cv]
1973 3761 2113 3814 Quia
2144 3761 2254 3824 jam
2278 3774 2401 3813 ,aon
2439 3759 2567 3810 vivi.

1506 3845 1629 3894 dum
1648 3849 1830 3907 pectus
1849 3839 2093 3898 foeminae,
2116 3850 2212 3885 nec
2237 3837 2351 3899 ipsa
2379 3839 2568 3887 mentis

1507 3932 1597 3973 aut
1619 3936 1797 3972 sensus
1821 3918 1945 3968 satis
1962 3931 2169 3979 compos
2194 3923 2327 3973 erat,
2346 3914 2567 3964 eternis·

1507 4016 1564 4050 so
1587 3997 1853 4062 sanguiue,
1868 3996 1979 4059 jam
2003 3992 2158 4041 animi
2182 3990 2462 4054 deliquium
2476 4006 2566 4056 pa.

1510 4077 1757 4126 tiebatur.
1821 4072 2051 4134 Ideoque
2075 4068 2209 4117 forte
2235 4069 2413 4130 ignara
2441 4069 2565 4133 qnid

1508 4155 1651 4202 circa
1683 4165 1736 4199 se
1770 4157 2034 4213 ageretur,
2072 4160 2136 4193 an
2179 4145 2569 4210 extinguerent,

1509 4245 1574 4281 an
1598 4233 1863 4287 necarent,
1884 4238 1948 4273 an
1971 4222 2109 4272 alind
2131 4225 2347 4288 agerent
2372 4220 2569 4289 liberti,

1509 4305 1676 4358 inscia
1688 4311 1805 4356 erat
1825 4301 2062 4354 Paulina.
