3063 4952
522 394 694 478 1584

1227 414 1291 465 0.
1339 414 1703 467 coRNE-LH
1745 417 2006 468 ΤΔῦῙ-ΤΙ
2041 462 2052 467 -

2406 425 2502 493 [Ag.
2526 427 2733 479 usu.

601 560 717 626 46.
763 559 964 639 Otho,
997 561 1140 627 sive
1169 581 1391 627 amore
1412 564 1768 646 incautus:
1795 567 2070 633 laudare
2104 573 2125 604 ‘
2153 568 2435 636 formam
2465 571 2731 655 elegan-

520 766 529 773 ‘
590 756 717 805 Otho
737 755 835 806 sive
854 752 1069 821 cupidine
1086 771 1294 822 μαι-ιρι
1329 762 1379 808 et
1406 759 1721 826 inconsultus,
1733 758 2055 822 commendare
2075 751 2302 828 speciem
2326 756 2387 814 ac
2407 756 2734 815 venustatem

1508 932 1729 986 NOT‘AE
1817 936 1822 941 ’

514 1061 665 1110 ritus.
754 1061 912 1112 Forte
962 1069 1239 1130 utrumque
1289 1063 1425 1127 fuit3
1478 1064 1580 1116 fuit

515 1139 760 1199 moechus,
806 1155 925 1190 cum
965 1156 1080 1191 eam
1120 1141 1337 1193 abduxit
1372 1159 1412 1192 a.
1442 1143 1578 1194 Rufo

516 1219 669 1281 πίνος
699 1218 798 1271 fuit
838 1221 1078 1286 moechus,
1112 1237 1227 1272 cum
1265 1223 1579 1273 transiit-Sa-

515 1295 640 1345 bina
654 1297 707 1345 in
726 1299 911 1360 aulam,
928 1305 983 1348 et
997 1299 1197 1351 Neroni
1213 1301 1377 1351 mixta
1396 1308 1579 1366 stupro

515 1379 609 1421 aut
630 1374 951 1424 matrimonio
970 1381 1081 1425 est:
1113 1374 1214 1426 fuit
1237 1375 1373 1426 forte
1395 1385 1448 1426 et
1471 1392 1580 1426 ma-

516 1444 807 1513 ritus,‘cum
829 1465 942 1502 eam
966 1452 1102 1516 apud
1127 1466 1181 1501 se
1206 1452 1498 1517 depositam
1525 1458 1581 1503 et

515 1522 809 1592 corruptam
834 1529 984 1579 duxit
1006 1543 1239 1593 uxorem,
1263 1536 1353 1580 aut
1368 1529 1579 1580 duxisse

515 1605 794 1656 simulavit.

522 1710 529 1715 -
577 1683 767 1748 Itaque
785 1699 848 1734 eo
867 1699 987 1733 casu
1012 1690 1117 1734 tam
1139 1685 1457 1748 multiplicis,
1470 1691 1578 1734 tam

515 1760 643 1808 varii
668 1761 1011 1825 perplexique
1038 1762 1197 1823 mimi,
1220 1768 1276 1810 et
1311 1762 1446 1828 inre
1469 1767 1578 1810 tam

514 1835 733 1898 incerta,
771 1843 826 1886 et
849 1836 1034 1887 fabulis
1070 1852 1237 1887 scenae
1268 1839 1404 1887 haud
1431 1839 1579 1888 dissi-

465 1935 476 1949 ·
515 1910 643 1973 mili,
662 1925 766 1960 non
799 1912 999 1973 mirum,
1023 1912 1306 1966 dissideant
1339 1920 1578 1965 auctores

516 1987 653 2037 inter
673 2002 751 2050 se,
771 1995 828 2038 et
850 1989 1006 2038 etiam
1025 1988 1128 2053 ipsi
1144 2003 1175 2037 a
1192 1989 1390 2053 seipsis.
1443 1991 1579 2040 Nam

515 2065 628 2126 quis
648 2065 878 2115 mimicas
902 2066 1016 2115 illas
1042 2066 1249 2130 nuptias
1273 2068 1398 2116 satis
1422 2081 1579 2131 expe-

515 2141 630 2190 diat
671 2148 761 2192 aut
811 2143 1080 2206 explicet?
1150 2141 1292 2193 Otho
1335 2145 1581 2207 moechus,

517 2218 661 2267 Otho
683 2219 917 2281 maritus,
935 2219 1164 2282 abducit,
1184 2219 1332 2271 ducit
1352 2236 1581 2285 uxorem,

514 2294 748 2358 deposita
787 2303 843 2346 et
887 2294 1160 2346 abducitur
1206 2296 1270 2347 ab
1310 2290 1441 2361 ipso.
1508 2301 1581 2350 Et

513 2372 630 2435 ipsa
669 2372 857 2422 Sabina
907 2373 1058 2423 modo
1116 2375 1288 2445 pellex
1335 2377 1579 2439 Othonis,

515 2449 671 2500 modo
695 2465 842 2515 uxor,
863 2450 983 2501 dein
1001 2452 1176 2518 pellex
1199 2453 1443 2518 Neronis,
1457 2453 1578 2503 dein

486 2539 489 2540 ’
517 2533 574 2577 et
595 2527 743 2578 uxor.

579 2606 650 2654 Et
687 2619 803 2656 cum
836 2617 1074 2659 auctores
1097 2609 1251 2659 hasce
1275 2615 1415 2660 artes
1438 2610 1577 2660 frau-

450 2703 457 2706 Δ
515 2681 708 2748 desque
748 2686 1001 2748 occultas„
1042 2701 1144 2736 non
1189 2701 1286 2750 per
1334 2689 1578 2739 minutias

514 2766 856 2824 exequantur,
875 2776 980 2828 non
1002 2761 1205 2826 mirum,
1239 2765 1283 2814 si
1309 2767 1436 2815 satis
1472 2766 1574 2817 sibi

514 2841 749 2886 constare
772 2851 870 2885 non
895 2838 1185 2889 videantur.

502 2921 503 2924 ’
579 2913 666 2963 Sic
707 2913 859 2978 fingit
903 2916 1063 2981 Otho,
1116 2921 1190 2969 sic
1221 2919 1374 2985 fingit
1409 2923 1575 2988 Nero,

516 3002 702 3054 nempe
729 2992 793 3039 ob
817 2992 1092 3044 Octaviam
1128 3012 1361 3060 uxorem,
1386 2999 1451 3048 oh
1475 3015 1578 3050 ma-

517 3071 651 3115 trem
690 3067 928 3117 acerbius
971 3070 1344 3138 increpantem,
1367 3076 1432 3124 ob
1472 3091 1577 3125 ma·

518 3141 705 3204 gistros
728 3142 1088 3196 dominationis
1112 3150 1366 3201 Burrhum
1405 3162 1460 3202 et
1485 3152 1576 3203 Se-

516 3229 719 3283 necam,
755 3226 811 3271 et
850 3222 1005 3272 etiam
1045 3228 1337 3278 reverentia
1369 3238 1576 3293 patrum

515 3311 906 3364 procerumque.
974 3300 1177 3368 Aliquis
1213 3305 1378 3354 adhuc
1410 3306 1578 3369 pudor
1605 3336 1609 3339 <

508 3374 690 3437 juveni
716 3378 953 3441 relictus,
987 3393 1082 3429 nec
1105 3381 1292 3444 jugum
1314 3384 1480 3435 adhuc
1501 3386 1575 3435 le-

518 3466 639 3515 gum
663 3459 719 3501 et
751 3454 872 3504 boni
912 3456 1065 3505 moris
1099 3458 1304 3521 penitus
1337 3475 1577 3512 excusse-

516 3536 618 3591 rat,
648 3531 814 3581 adhuc
848 3533 1088 3584 violentae
1130 3536 1487 3589 dominationis
1522 3547 1578 3591 et

517 3604 841 3670 impotentiae
863 3609 1085 3658 noudum
1112 3626 1298 3674 gnarus
1315 3614 1339 3662 ε’
1353 3629 1450 3664 nec
1472 3632 1577 3666 ma·

514 3680 578 3729 lis
602 3683 824 3731 consiliis
844 3684 960 3733 ullis
984 3685 1214 3738 firmatus
1248 3691 1416 3741 adhue
1435 3693 1577 3743 inva-

513 3757 751 3808 lescebat
787 3759 1030 3812 adversus
1068 3764 1224 3815 honos
1259 3775 1313 3818 et
1349 3770 1576 3820 retinen·

513 3842 612 3885 tes.
684 3873 687 3874 γ

579 3913 738 3963 Forte
757 3929 856 3963 non
876 3918 1052 3966 statim
1071 3919 1231 3982 primo
1250 3936 1420 3971 amore
1433 3924 1573 3989 Pop-

514 4004 681 4053 paeam
707 3990 898 4041 ducere
922 3994 1174 4056 cogitavit
1212 4003 1303 4047 aut
1342 4000 1573 4062 speravit

516 4066 678 4129 Nero,
700 4068 883 4117 saltem
907 4070 1116 4120 vivente
1150 4080 1310 4121 matre
1330 4092 1344 4135 ;
1381 4076 1472 4124 sed
1496 4077 1576 4126 ta}

515 4156 634 4190 men
673 4157 789 4191 eam
826 4145 1041 4195 abduxit
1077 4148 1218 4197 Otho
1255 4165 1345 4198 suo
1471 4153 1573 4203 rito

515 4235 577 4269 ea
598 4237 690 4285 spe
714 4221 937 4273 illectam
969 4227 1282 4276 matrimonii
1314 4225 1574 4293 priucipa-

514 4293 578 4348 Ε·
594 4313 612 4359 5
649 4297 925 4349 abductam
948 4302 1137 4353 marito
1172 4303 1268 4368 per
1291 4300 1574 4372 Othonem,

1667 1084 1780 1119 eam
1818 1077 1877 1120 ut
1911 1070 2056 1135 apud
2098 1070 2319 1125 amicum
2364 1070 2647 1135 deposuit3
2683 1075 2740 1120 et

1665 1148 1789 1197 dato
1810 1153 2064 1212 tempore,
2077 1155 2133 1198 et
2156 1149 2402 1198 audacior
2416 1147 2609 1207 fectus,
2622 1150 2741 1198 eam

1664 1224 1856 1288 repetit
1875 1225 2041 1286 Nero,
2064 1238 2282 1289 eamque
2320 1224 2531 1274 inducit
2564 1224 2618 1273 in
2654 1238 2744 1289 pas

1658 1301 1873 1363 latium3
1925 1302 2045 1349 dein
2093 1310 2167 1363 et,
2205 1308 2266 1352 ut
2312 1304 2505 1352 crescit
2548 1303 2739 1366 libido,

1659 1393 1768 1428 eam
1791 1379 1939 1428 duxit
1964 1393 2191 1429 uxorem.
2260 1381 2368 1429 Per
2401 1381 2520 1429 illos
2542 1380 2740 1445 gradus

1657 1450 2042 1504 matrimonium¹
2058 1462 2377 1508 transactum
2399 1463 2501 1507 est.

1725 1539 1743 1564 ¹·
1780 1533 1925 1595 Otho,
1945 1534 2044 1584 sive
2064 1550 2231 1585 amore·
2243 1536 2479 1600 iucundus,
2499 1535 2613 1598 θα]
2638 1537 2748 1586 Ve-

1573 1630 1580 1637 ·
1658 1624 1714 1658 re
1757 1609 2026 1661 incautus:
2077 1617 2133 1660 et
2184 1612 2444 1661 simillima
2486 1615 2744 1662 vecordia

1657 1685 1744 1734 ille
1781 1686 2071 1736 Candaules
2111 1686 2251 1750 apud
2293 1688 2561 1739 Justinum
2612 1691 2650 1739 l.
2699 1698 2742 1739 ιζ

1656 1763 1672 1790 ‘
1699 1763 1801 1812 Hic
1826 1778 2057 1826 uxorem,
2078 1779 2233 1829 quam
2263 1767 2746 1837 propter'pulchriss

1659 1840 1893 1889 tudinem
1929 1839 2225 1904 deperibat,
2248 1841 2540 1906 praedicare
2578 1842 2746 1892 omni-⁵

1662 1916 1755 1966 bus
1792 1914 2009 1979 solebat,
2050 1913 2154 1966 non
2190 1911 2469 1969 contentus
2495 1915 2747 1984 volupta-

1660 2000 1769 2044 tum
1810 2011 2016 2046 suarum
2042 1984 2202 2046 tacita
2226 1990 2568 2060 conscientia,
2594 2013 2747 2062 pror-

1658 2085 1741 2120 sus
1761 2073 1907 2136 quasi
1941 2073 2202 2123 silentium
2236 2074 2482 2125 damnum
2506 2076 2746 2140 pulchri-

1661 2149 1856 2198 tudinis
1890 2150 2061 2201 esset!
2108 2151 2427 2214 vecordia,
2414 2167 2655 2218 inquam,
2679 2153 2749 2203 si·

1659 2226 1788 2286 mili,
1812 2226 1903 2275 sed
1923 2232 1980 2276 et
1999 2225 2125 2276 fato.
2159 2229 2371 2292 Lipsius.

1729 2302 1881 2366 Otho]
1916 2305 1999 2352 De
2023 2320 2128 2374 quo
2153 2305 2295 2355 Plin,
2320 2320 2447 2358 xm.
2472 2312 2521 2359 2.
2546 2309 2643 2358 ubi
2675 2308 2748 2359 de

1658 2379 1822 2427 luxu
1809 2394 1860 2427 m
1885 2383 2191 2445 unguentis:
2229 2385 2245 2411 ⁸
2271 2385 2407 2434 Haec
2448 2393 2533 2435 est
2569 2394 2747 2437 mate-

1658 2456 1736 2506 ria
1758 2457 1928 2522 luxus,
1949 2473 1979 2508 e
2002 2460 2207 2511 cunctis
2237 2462 2459 2513 maxime
2483 2480 2743 2528 superva-

1657 2533 1762 2583 cui.
1828 2535 2136 2600 Margaritae
2159 2539 2294 2589 euim
2315 2555 2662 2607 gemmasque
2679 2544 2749 2593 ad

1656 2611 1916 2661 haeredem
1959 2620 2136 2664 tamen
2179 2623 2488 2679 transeunt3
2559 2627 2746 2671 vestes

1658 2698 1942 2754 prorogant
1985 2697 2227 2757 tempus:
2283 2702 2552 2759 unguenta
2596 2695 2748 2750 illico

1662 2763 1924 2831 expirant,
1968 2782 2029 2817 ac
2074 2770 2178 2819 suis
2227 2772 2523 2823 moriuntur
2572 2775 2745 2827 horis.

1659 2842 1868 2892 Summa
1882 2847 2265 2899 commendatio
2278 2863 2476 2914 eorum,
2489 2857 2550 2901 ut
2567 2856 2749 2903 trans-
2771 2845 2778 2850 ⁴

1661 2923 1815 2967 eunte
1870 2917 2097 2984 foemina,
2141 2922 2275 2974 odor
2330 2926 2522 2977 invitet
2563 2930 2746 2981 etiam

1659 2995 1799 3044 aliud
1826 2998 2079 3062 agentesss
2100 3003 2200 3052 ὅτε.

1723 3074 1738 3100 ‘
1760 3073 2025 3125 Quosdam
2063 3079 2351 3130 crassitudo
2390 3082 2628 3135 maxime
2654 3086 2747 3137 de-

1658 3150 1840 3213 lectat,
1863 3152 2081 3216 spissum
2136 3160 2490 3223 appellantes,
2535 3163 2747 3229 linique

1646 3227 1774 3291 jam,
1805 3243 1909 3278 non
1951 3230 2115 3281 solum
2161 3235 2410 3297 perfundi
2450 3243 2745 3305 unguentis

1658 3304 1902 3366 gaudent.
1968 3307 2207 3359 Vidimus
2224 3314 2382 3363 etiam
2400 3317 2632 3381 vestigia
2654 3334 2749 3383 pe-

1656 3381 1776 3430 dum
1812 3382 1974 3445 tingi:
2011 3387 2151 3450 quod
2189 3390 2266 3439 M.
2288 3392 2560 3443 Othonem
2595 3407 2751 3447 mon-

1657 3465 1848 3509 strasse
1905 3462 2106 3513 Neroni
2173 3467 2406 3533 principi
2465 3469 2744 3525 ferebant.

1657 3537 1848 3588 Quaeso
1895 3545 1952 3589 ut
1988 3542 2214 3605 qualiter
2251 3546 2560 3613 sentiretur,
2587 3549 2748 3613 juva-

1657 3619 1841 3678 retque
1864 3617 1929 3667 ab
1952 3632 2015 3666 ea
2045 3627 2197 3683 parte
2223 3625 2497 3685 corporis?
2529 3632 2752 3677 necnon

1655 3690 1876 3753 aliquem
1896 3709 1960 3742 ex
1990 3697 2211 3759 privatis
2234 3699 2532 3750 audivimus
2548 3704 2745 3767 jussis-

1654 3780 1709 3815 se
1730 3770 1902 3833 spargi
1921 3763 2147 3834 parietes
2172 3774 2481 3827 balnearum
2502 3795 2746 3845 unguen·

1654 3849 1729 3907 to,
1744 3852 1899 3908 atque
1913 3849 2093 3900 Caium
2116 3854 2429 3917 principem,
2452 3859 2586 3908 solia
2602 3866 2743 3909 tem-

1652 3914 1856 3985 peruri:
1894 3939 1954 3973 ac
1974 3941 2039 3975 ne
2057 3930 2352 3996 principale
2373 3933 2620 3984 videatur
2637 3937 2750 3986 hoc·

1652 3997 1862 4063 bonum,
1886 4010 1942 4051 et
1974 4010 2160 4066 postea
2181 4008 2445 4071 quendam
2471 4025 2542 4059 ex
2566 4012 2741 4064 servis

1656 4076 1916 4129 Neronis!
1999 4082 2226 4133 Quidam
2281 4086 2487 4149 legunt,
2534 4093 2592 4137 at
2643 4103 2744 4152 qua

1652 4152 1765 4215 iret,
1782 4157 2057 4208 sentiretur.
2125 4162 2290 4212 Forte
2326 4164 2428 4226 sic,
2452 4166 2580 4230 quia
2613 4169 2745 4219 male

1650 4234 1853 4295 pedatus
1874 4234 2040 4299 Otho,
2062 4243 2202 4288 teste
2225 4239 2444 4306 Sueton.
2471 4241 2605 4292 Oth.
2631 4247 2753 4294 1232

1722 4309 1871 4376 Otho,
1888 4311 1989 4363 sive
2015 4329 2175 4367 amore
2206 4316 2449 4385 muns,
2465 4318 2589 4385 ὅτε]
2610 4320 2750 4374 Non'
