3063 4952
324 426 610 493 JWCM]

1053 422 1492 474 ANNALm-rt
1513 424 1663 473 mn
1711 425 1842 475 XV.

2361 386 2551 537 ¹9¹⁵ss

331 572 403 638 in
421 569 541 656 jus
568 569 749 635 Latii
770 522 1120 636 transtulit.
1124 579 1152 619 ν
1239 567 1555 654 Equitum
1587 520 2038 637 Romanorum
2085 572 2303 706 locos·¹
2353 574 2555 641 εοᾶὶ-.

336 736 634 789 Circensibus
653 739 782 788 sedes
814 736 1045 801 equitibus
1068 737 1208 787 Rom.
1240 737 1464 787 attribuit
1485 745 1599 788 ante
1608 708 1833 789 subsellia
1849 739 2027 804 plebi-i,-
2058 743 2230 806 quippe
2249 745 2311 792 od
2332 742 2383 793 id
2416 747 2535 794 tem·

1326 885 1374 934 N
1378 883 1536 935 021¹AE

330 998 549 1050 Rhaetos
571 998 823 1059 vadimus,
846 1013 971 1064 quos
995 997 1150 1061 vulgo
1173 999 1400 1050 Grinnes

334 1080 555 1126 vocantt
612 1076 868 1138 incipiunt
906 1075 972 1124 ab
1010 1075 1162 1141 Adya
1204 1085 1397 1140 monte,

331 1152 602 1220 (Straboni
622 1160 866 1216 corrupte
888 1154 1079 1218 legitur
1098 1169 1230 1204 nunc
1264 1153 1398 1204 Ada-

271 1284 276 1289 ,
333 1230 402 1292 la,
434 1242 570 1277 nunc
618 1224 840 1292 Adselo,)
884 1229 936 1278 id
976 1236 1076 1292 est,
1117 1229 1397 1281 inaccesso.

335 1305 637 1355 Vernacula
688 1307 989 1371 simplicitas
1030 1312 1231 1356 montem
1271 1309 1396 1357 Bra·
1438 1317 1442 1321 ’

333 1382 452 1433 lisia
472 1391 756 1448 nuncupat,
791 1384 842 1432 in
867 1385 1169 1449 Volturena,
1207 1399 1298 1434 seu
1339 1391 1401 1435 ut

334 1458 589 1522 imperiti,
618 1460 671 1507 in
696 1460 825 1508 valle
846 1460 1045 1523 Tenus,
1079 1460 1209 1510 etin
1231 1461 1400 1511 Vene-

332 1534 462 1584 tiam
487 1536 889 1600 protenduntur,
914 1537 1082 1587 donec
1103 1534 1261 1588 Ocrae
1283 1537 1400 1588 sub-

334 1618 478 1662 eant.

371 1742 378 1743 ff
402 1687 647 1752 Lepontice
701 1689 865 1740 adbuc
921 1697 1129 1741 servant
1184 1705 1399 1744 nomen.
1385 1709 1398 1721 ·

334 1772 459 1814 sunt
496 1765 551 1813 in
571 1764 896 1828 Statuamus,
935 1781 1034 1830 qua
1060 1768 1312 1818 Claranum
1334 1783 1401 1818 ex

333 1841 591 1891 Bilitiom's
611 1848 782 1892 castro
806 1850 952 1893 recta
968 1844 1245 1896 tendimus.

402 1918 469 1967 In
513 1918 754 1983 Alpibus,
797 1935 922 1984 quas
956 1922 1136 1971 Caesar
1174 1921 1228 1971 in
1266 1938 1402 1974 com-

331 1995 605 2045 mentariis
624 2011 828 2046 summas
849 1998 1102 2062 appellat,
1126 2013 1243 2048 cum
1265 2006 1401 2050 cete·

334 2072 410 2121 ris
441 2073 709 2123 convenio.
778 2076 909 2124 Sunt
940 2075 1078 2124 iuter
1111 2076 1327 2127 Sedunos
1348 2084 1405 2128 et

343 2149 601 2213 Veragros,
638 2151 727 2200 nbi
752 2161 806 2201 et
829 2154 1088 2202 Octodurus
1109 2162 1189 2205 est
1221 2170 1403 2220 pagus,

339 2242 498 2291 quem
521 2228 689 2279 Sancti
709 2231 937 2281 Mam-itii
959 2238 1164 2282 vocant.

406 2307 650 2358 Ceterum
675 2312 907 2374 quamvis
928 2311 1040 2360 haec
1069 2318 1251 2361 ‘nostra
1279 2325 1402 2362 sen-

340 2382 510 2431 tentia
556 2384 800 2435 videatur
838 2385 1069 2449 plurimis
1111 2388 1406 2438 auctoribus

342 2474 649 2526 congruere,
680 2478 783 2512 non
805 2463 1032 2515 arbitror
1064 2464 1405 2516 omittendum

341 2544 456 2587 esse
479 2537 656 2601 etiam,
699 2539 785 2604 qui
817 2539 1166 2606 refragentur,
1201 2543 1406 2608 quando

342 2612 663 2666 Ptolemaeus
697 2616 832 2666 inter
866 2617 1088 2667 Adulam
1125 2626 1181 2668 et
1212 2618 1407 2670 Ocram

343 2691 521 2741 Poenns
536 2694 686 2756 Alpes
702 2693 940 2757 collocet,
960 2710 1063 2760 quo
1084 2696 1136 2744 in
1158 2696 1273 2747 loco
1292 2711 1407 2746 esse

342 2766 625 2817 Rhaetica
602 2783 736 2832 Juga
770 2770 885 2833 ipse
927 2770 1151 2834 prodidi.
1217 2772 1408 2822 Verum

342 2857 408 2891 ex
432 2842 609 2892 Plinio
631 2845 767 2894 illius
805 2846 1068 2898 sententia
1090 2844 1412 2914 confutatur,

342 2919 433 2984 qui
461 2917 527 2969 de
551 2919 722 2971 Graiis
745 2928 802 2972 et
824 2922 1052 2973 Poeninis
1086 2925 1139 2974 in
1178 2926 1406 2976 Salassos

343 2996 589 3047 descendi
632 2997 824 3048 tradit.
861 3006 919 3049 ut
953 2999 1171 3052 fortasse
1201 3003 1409 3055 Poeninoe

345 3074 496 3137 Alpes
532 3074 640 3124 illic
677 3075 934 3141 incipiant
978 3084 1033 3127 et
1071 3079 1312 3130 desinant
1353 3081 1410 3130 in

342 3150 648 3215 maritimas,
664 3151 707 3200 si
736 3150 1061 3203 Ammianum
1083 3157 1361 3220 sequimur.
1389 3192 1400 3198 -

411 3227 509 3277 Est
526 3235 583 3277 et
603 3229 769 3277 adhuc
786 3229 1127 3296 Suitensibns,
1149 3234 1238 3297 qui
1258 3236 1410 3298 vulgo

315 3339 320 3342 -
347 3318 526 3354 eornm
567 3318 802 3362 sermone
843 3306 1008 3370 Alpes
1038 3307 1171 3371 Grey
1205 3308 1411 3359 dicatur

283 3375 286 3376 ⁷
342 3396 514 3446 mons,
532 3397 632 3447 qua
653 3382 945 3446 Fribargum
969 3384 1243 3434 tendimns.
1291 3386 1414 3449 Ipse

345 3459 487 3510 inter
511 3466 712 3508 veteres
748 3475 852 3510 non
874 3460 1082 3510 omnino
1116 3461 1414 3512 constitisse

343 3539 530 3587 barum
547 3538 988 3587 nomenclaturam
1006 3537 1260 3589 existimo.
1277 3540 1416 3589 Nam

347 3623 405 3665 et
432 3614 633 3665 Plinius
657 3614 709 3663 in
734 3616 988 3679 Lepuntiis
1009 3616 1258 3666 dissidere
1277 3618 1416 3670 visus

347 3690 560 3757 est,qui
597 3705 713 3740 cum
752 3693 1111 3756 Cottioaajuga
1144 3695 1416 3745 Centroni-

296 3792 304 3795 ·
349 3772 452 3823 bus
488 3771 658 3821 vicina
693 3770 1018 3833 tradidisset,
1058 3773 1233 3823 Graiis
1270 3774 1417 3839 Alpi-

345 3851 466 3912 bus,
510 3855 601 3898 aut
621 3848 829 3898 easdem
858 3855 950 3898 aut
982 3858 1128 3899 certe
1152 3852 1418 3916 contiguas

333 3925 613 3990 'Lepuntins
651 3925 874 3974 mavult:
910 3925 1048 3990 quod
1089 3941 1190 3976 non
1231 3927 1416 3991 probo,

350 4017 473 4056 enm
503 4000 882 4065 longessgrnvior
903 4001 971 4049 sit
1005 4008 1189 4053 auctor
1228 4003 1430 4067 Caesar,

303 4101 308 4104 -
351 4080 502 4130 unde
542 4086 722 4128 nostra
775 4077 1037 4128 sententia
1069 4077 1320 4142 fulcitur,
1306 4098 1318 4109 ·
1343 4089 1424 4131 .et¹

353 4156 558 4208 Plinius
599 4169 716 4205 non
759 4152 1003 4218 affirmet,
1054 4156 1148 4206 sed
1203 4158 1420 4209 aliorum

353 4233 610 4362 ῒιισῖιιοιιο
632 4246 705 4283 ex
732 4236 909 4314 etymo
923 4232 1155 4306 innuere
1191 4232 1419 4299 videtur.

303 4325 308 4326 ff
520 4324 576 4360 us

1544 1003 1689 1066 Alpes
1742 1002 1995 1051 maritime
2036 1008 2172 1062 sunt,
2217 1015 2340 1066 quas
2393 1015 2536 1054 mare

1478 1078 1783 1140 Ligitstinum
1804 1085 1858 1128 et
1883 1077 2121 1127 Gallicum
2139 1078 2320 1141 abluit,
2337 1078 2541 1128 scilicet

1477 1171 1507 1205 a
1529 1156 1684 1205 Portu
1707 1156 1928 1206 Herculis
1951 1157 2014 1205 ad
2039 1171 2198 1221 usque
2225 1154 2542 1206 Tauroentum

1478 1239 1684 1296 portum
1706 1233 2125 1282 Massiliensium.
2194 1232 2416 1281 Earum
2402 1247 2541 1282 inco·

1479 1308 1544 1356 lae
1590 1323 1657 1357 ex
1698 1310 1890 1357 nostris
1956 1317 2136 1370 gentes
2191 1309 2541 1373 Transalpinas

1480 1383 1714 1448 fuerunt,
1745 1386 1990 1444 Deosates,
2030 1386 2231 1450 Oxybii,
2267 1394 2321 1436 et
2345 1384 2544 1451 Salyes:

1480 1476 1548 1510 ex
1594 1461 1892 1525 cisalpinis,
1934 1463 2001 1527 (si
2052 1460 2542 1528 Roiiianifspectes)

1481 1538 1720 1587 Montani
1743 1538 1976 1602 Ligures,
2007 1554 2036 1586 a
2061 1539 2247 1600 Macro,
2271 1546 2327 1587 ut
2351 1539 2423 1588 ait
2444 1537 2545 1587 Ca-

1482 1621 1558 1678 to,
1597 1616 1649 1662 in
1675 1614 1885 1662 Nicaeam
1909 1610 2058 1663 effusi
2079 1629 2092 1662 ε
2130 1614 2266 1662 inter
2288 1628 2415 1678 quos
2437 1627 2544 1669 me-

1481 1692 1684 1751 morati,
1731 1691 1985 1753 Intemelii,
2022 1691 2334 1753 Ingaunique,
2372 1690 2547 1739 Italias⁴

1482 1770 1695 1833 regione
1745 1782 1897 1828 nova,
1920 1768 2096 1832 juxta
2141 1765 2545 1877 descriptionem

1485 1846 1834 1911 Augusti...
2556 1862 2561 1865 ·

1542 1922 1650 1973 Sed
1691 1924 1817 1972 licet
1854 1921 2057 1988 Alpinis
2092 1921 2362 1972 maritimis
2400 1919 2549 1985 Oxy·

1482 2000 1615 2064 bins,
1647 2001 1930 2061 Deceates,
1963 2001 2211 2062 etSalyes
2247 2008 2553 2047 annumera.

1486 2079 1602 2140 rim,
1632 2085 1840 2127 secutus
1876 2078 2152 2140 scriptores
2175 2084 2231 2126 et
2256 2073 2549 2138 inscriptio-

1483 2169 1622 2215 nem,
1661 2170 1813 2219 quam
1853 2154 1939 2202 hic
1965 2154 2206 2215 subdere,
2243 2159 2299 2202 et
2322 2151 2445 2201 inde
2469 2165 2551 2200 ar-

1393 2274 1394 2277 ,
1484 2231 1775 2293 gumentari
1800 2230 1969 2278 voluit
1997 2244 2096 2278 non
2118 2230 2359 2277 existimo
2387 2229 2550 2277 Nero·
2584 2216 2591 2223 ⁸

1482 2308 1690 2356 nianum
1715 2308 1944 2357 edictum
1965 2307 2240 2372 quicquam
2259 2305 2326 2354 ad
2348 2310 2551 2354 nostros

1485 2385 1773 2436 attinuisse.
2376 2399 2380 2403 ⁴

1550 2459 1780 2511 Aliunde
1815 2461 1975 2526 igitur
1999 2460 2084 2523 jus
2112 2460 2249 2510 Latii
2287 2416 2552 2521 Antipolis

1489 2538 1738 2604 oppidum
1759 2539 1962 2602 habuit,
2004 2537 2142 2603 quod
2182 2537 2382 2585 Plinius
2408 2535 2551 2584 Lati-

1488 2630 1608 2664 num
1633 2615 1875 2681 scripsit,
1902 2614 1968 2665 de
1992 2630 2092 2680 quo
2134 2615 2260 2663 alias
2295 2612 2556 2677 pluribus.

1489 2694 1588 2742 Est
1614 2699 1786 2758 autem
1818 2692 2090 2755 inscriptio
2113 2691 2264 2740 alteri
2300 2690 2555 2738 columna».

1489 2770 1723 2820 matricis
1754 2771 2007 2832 Ecclesioe
2051 2767 2341 2818 Vensiensis
2379 2765 2554 2829 hujus-

1489 2847 1663 2897 modi:
1714 2848 1942 2899 Curaate.
1960 2851 2057 2898 Ao.
2090 2845 2245 2895 Juzio.
2289 2844 2556 2894 Honorato.

1441 2924 1447 2930 ’
1490 2925 1554 2976 Ρ.
1579 2925 1814 2984 Proeside.
1837 2924 1951 2988 Alp.
1980 2967 1983 2972 .

1556 3002 1709 3055 Quod
1735 3001 1778 3050 si
1818 3001 2117 3065 praesidatui
2152 2963 2329 3064 Alpini
2353 2997 2558 3062 provin-

1491 3078 1650 3128 ciales
1669 3078 1845 3142 populi
1863 3077 2087 3141 subJecti
2103 3076 2269 3138 fuere,
2278 3076 2384 3123 alia
2398 3081 2563 3137 trans,

1476 3157 1593 3205 alia
1615 3158 1690 3205 cis
1727 3158 1918 3213 Varum
1956 3155 2349 3218 magistratuum
2383 3159 2559 3216 potes-³

1494 3239 1574 3282 tas
1619 3230 1751 3280 fuit:
1789 3239 1849 3281 ut
1886 3231 2042 3280 alteri
2080 3230 2290 3294 praesidi
2332 3228 2558 3292 Alpium,

1494 3309 1649 3358 alteri
1669 3308 1994 3371 procuratori
2018 3308 2391 3356 maritimarum
2413 3304 2563 3369 Alpi-

1496 3399 1580 3433 um
1599 3390 1866 3448 parerent.
2340 3419 2343 3422 2
2444 3417 2450 3424 ·

1515 3505 1518 3506 γ
1562 3461 1736 3512 Quare
1758 3460 1986 3509 diversos
2022 3461 2241 3522 populos
2264 3454 2450 3507 diversi
2474 3457 2561 3521 ju-

1496 3538 1569 3586 ris
1605 3535 1762 3586 fuisse
1803 3549 2012 3586 necesse
2050 3542 2129 3584 est
2167 3535 2357 3596 dicere,
2391 3534 2563 3583 sicut

1496 3615 1626 3664 nihil
1666 3614 1889 3679 majores
1929 3621 2133 3662 nostros
2174 3612 2396 3662 Neronis
2421 3610 2566 3664 edie-

1498 3699 1611 3743 tum
1631 3693 1884 3756 attigerit.
1927 3691 2220 3741 Ver-tranium.
2546 3725 2551 3736 .

1562 3767 1781 3832 Alpium]
1839 3767 2001 3831 Alpes
2045 3766 2326 3815 Maritimae
2362 3737 2564 3817 montes

1498 3843 1721 3906 Liguriae
1763 3846 2008 3906 regionis,
2051 3844 2104 3890 in
2138 3842 2324 3890 finibus
2351 3840 2562 3892 Galliae:

1498 3922 1649 3972 bodie
1690 3922 1835 3985 Alpes
1855 3922 2133 3983 maritimes,
2166 3921 2216 3966 in
2242 3925 2390 3982 parte
2412 3918 2565 3974 meri:-

1500 4000 1694 4048 dionali
1740 4005 1914 4047 status
1954 3996 2302 4057 Pedemontii‚
2347 3998 2444 4045 διο.
2496 4008 2563 4044 ex
2599 4000 2618 4006 “

1502 4077 1707 4127 Chartis
1727 4075 1986 4124 sansonis.
2023 4073 2271 4122 Tillemon.
2500 4101 2501 4106 =

1511 4193 1524 4204 .
1566 4161 1615 4196 Ρ
1612 4154 1781 4215 InJ'us
1799 4149 2224 4213 Latini-assentit]
2257 4152 2474 4198 Sueton-
2508 4148 2568 4200 in

1502 4230 1643 4297 Aug.
1683 4236 1765 4282 47.
1807 4229 2044 4278 ‘Merita
2077 4241 2203 4291 erga
2244 4238 2369 4289 pop.
2413 4225 2568 4277 Rom.

1498 4309 1785 4375 allegantes
1813 4304 2098 4358 Latinitate
2121 4303 2202 4352 vel
2225 4301 2450 4353 civitate
2474 4301 2580 4368 do«,
