3063 4952
358 412 414 475 5.
437 421 500 475 e.
521 410 642 486 saJ
679 413 686 419 ’
2386 393 2562 470 l&

360 550 689 628 Romanis
738 552 1049 642 secunda,
1101 561 1409 646 quaedam
1455 561 1756 628 Parthis¹¹
1796 562 2121 640 evenisse,
2151 561 2557 630 documento

357 664 676 730 adversus
711 668 1091 749 superbiam
1124 686 1139 725 τ
1183 665 1491 750 proinde⁰
1544 648 1613 732 et
1668 665 1949 730 Tiridati
2011 666 2397 745 conducere,
2457 666 2556 731 in-

354 769 603 831 tactum
632 768 1116 833 vastationibus
1143 767 1446 850 Regnum
1471 764 1662 832 ‘dono
1690 768 1993 852 accipere
2020 789 2036 833 τ
2083 775 2148 834 et
2176 768 2557 852 Vologesen

352 869 590 933 melius
637 871 951 935 societate
976 870 1306 948 Romana,
1337 889 1538 954 quam
1566 871 1824 935 damnis
1862 873 2133 950 mutuis»,
2180 873 2354 954 genti
2385 871 2553 936 Pan-

350 969 607 1034 thorum
640 972 1109 1036 consulturum.
1198 971 1435 1050 Scire,²
1463 978 1806 1056 quantumv
1826 974 2000 1038 intus
2018 974 2551 1052 discordiarum,‘¹

398 1092 691 1155 namque
720 1073 1098 1138 indomitasr
1124 1078 1191 1138 et
1216 1074 1610 1158 praeferoces
1628 1075 1924 1139 nationes
1946 1081 2210 1158 regeret.
2301 1075 2553 1141 Contra

348 1093 742 1258 {Imperatori
773 1194 899 1240 suo
920 1178 1257 1241 immotam
1287 1176 1828 1260 ubique-pacem,
1858 1181 1924 1240 et
1951 1197 2150 1241 unum
2188 1176 2260 1241 id
2298 1178 2547 1242 bellum

348 1277 545 1353 esse?
630 1278 843 1342 Simul
872 1279 1145 1343 consilio
1176 1283 1479 1344 terrorem
1510 1278 1854 1363 adjicere‚³
1886 1276 1952 1344 et'
1979 1277 2387 1362 Megistanas
2414 1278 2548 1345 Ar-

345 1382 643 1460 menius:
671 1383 784 1465 qui
831 1382 1026 1467 primi
1072 1403 1115 1447 a
1152 1381 1346 1448 nobis
1394 1382 1795 1462 defecerant,
1823 1382 2057 1469 pellit*
2081 1382 2374 1461 sedibus,
2399 1402 2549 1447 cas·
2612 1382 2615 1383 ⁷

1058 410 1468 466 ANNA'IAUM
1517 409 1661 467 Lm.
1696 416 1843 467 'XV-

343 1571 610 1638 obtigisse,
640 1578 877 1627 nonnulla
898 1585 953 1629 et
970 1577 1200 1642 Parthis,
1222 1581 1342 1643 qnod
1364 1580 1602 1643 exemplo
1623 1579 1690 1628 sit
1712 1584 1893 1628 contra
1918 1578 2286 1640 arrogantiam:
2313 1577 2471 1640 igitur
2487 1582 2546 1627 et

340 1637 561 1690 Tiridati
606 1643 875 1704 expedire,
897 1644 1034 1693 dono
1072 1660 1345 1708 capessere
1382 1645 1678 1706 Armeniam
1721 1644 1973 1694 illibatam
2005 1642 2426 1708 populationibus
2449 1658 2463 1702 3
2487 1649 2547 1693 et

338 1697 648 1766 Vologesein
672 1708 864 1756 nationi
893 1709 1196 1758 Parthorum
1219 1712 1397 1759 melius
1422 1705 1815 1775 prospecturum
1852 1709 2081 1759 amicitia
2104 1709 2351 1769 Romana,
2386 1722 2542 1773 quam

340 1780 444 1830 per
461 1777 662 1820 mutuas
680 1773 869 1824 clades.
904 1772 967 1823 Se
986 1785 1088 1823 non
1108 1776 1543 1840 latere‚quantum
1565 1776 1703 1825 intus
1724 1775 2092 1825 dissensionum
2113 1779 2250 1836 esset,
2275 1780 2546 1837 quantum·

340 1847 442 1896 que
478 1837 777 1897 pervicaces
815 1845 972 1903 atque
1010 1839 1255 1889 immanes
1296 1855 1364 1904 po
1405 1843 1515 1890 ulos
1560 1841 1887 1904 gubernaret.
1956 1840 2149 1889 Contra
2193 1838 2415 1903 principi
2448 1852 2543 1888 sno

336 1897 536 1973 firmam
560 1901 750 1965 ubique
774 1918 972 1966 pacem,
995 1913 1049 1953 et
1073 1906 1236 1955 solum
1257 1906 1345 1955 illu
1417 1907 1609 1955 bellum
1633 1920 1761 1956 esse.
1828 1905 1985 1955 Simul
2018 1905 2211 1954 coasilio
2247 1908 2422 1954 metum
2457 1906 2543 1952 ad·

320 1965 513 2029 mit,
535 1971 583 2015 et
607 1967 912 2030 Megirtanas
925 1968 1192 2036 Armenios,
1214 1972 1296 2036 qui
1331 1972 1517 2036 priores
1554 1988 1586 2021 a
1622 1971 1754 2022 nobis
1783 1971 2072 2021 desciverant
2112 1971 2256 2045 terris
2276 1969 2374 2019 suis
2394 1968 2545 2034 ejicit,

1260 2110 1616 2134 nemun„

331 2189 492 2243 habet
516 2193 854 2261 Puteolanus,
890 2205 944 2250 et
968 2205 1175 2251 servant
1199 2201 1513 2265 Inpone—2
1548 2203 1761 2251 Frustra
1783 2206 1955 2251 tentat
1974 2199 2191 2264 Lipsius,
2212 2198 2372 2247 sciret.
2424 2196 2544 2268 mei

330 2256 431 2330 Iius
451 2259 728 2324 intelligas,
743 2278 807 2312 se.
841 2265 1069 2315 Broticr.
1105 2266 1156 2314 Si
1180 2267 1301 2330 quid
1342 2266 1666 2327 mutandum,
1690 2267 1869 2315 mallet
1892 2265 2268 2315 Freinshemius
2307 2262 2421 2310 sciri
2440 2280 2459 2319 ‚⁰
2482 2270 2540 2310 et

323 2334 407 2369 >stc
431 2323 788 2390 Heinsius—3
825 2330 1200 2379 Freinshemius
1238 2331 1437 2392 mallet,
1480 2333 1724 2392 adjiceret,
1760 2332 2079 2393 Meg-islarius,
2102 2331 2185 2392 εἷο.
2250 2328 2545 2385 Eleganter

329 2385 557 2449 quidem.
624 2390 697 2441 At
736 2404 852 2442 non·
882 2396 1193 2457 necessario,
1214 2402 1273 2445 nt
1317 2402 1465 2459 patet
1488 2411 1558 2446 ex·
1582 2395 1768 2445 Annal.
1794 2409 1898 2444 xn.
1924 2398 2005 2444 51.
2039 2394 2253 2443 Brotier.
2320 2391 2384 2440 Bi
2422 2397 2536 2442 'ont-

326 2461 620 2519 sequuntur
671 2458 1006 2511 Freinshemii
1061 2460 1593 2514 emendationem—4
1636 2462 1922 2525 Pei-peram
1963 2459 2092 2510 Μαι.
2128 2459 2268 2523 Reg.-
2286 2457 2388 2508 Cor
2428 2490 2443 2506 .
2470 2461 2543 2509 et

1326 2610 1541 2662 NOTAE

371 2703 416 2737 '¹¹‘
450 2703 681 2761 Quoedam
707 2706 924 2772 Parthis]
946 2707 1031 2759 Sic
1053 2709 1145 2761 lib.
1169 2709 1237 2759 de
1252 2710 1389 2761 Mor.
1537 2711 1569 2751 Ψ
1597 2710 1736 2759 Intus
1767 2707 2129 2771 discordiarum]
2176 2703 2263 2756 Sic
2287 2701 2423 2754 infra
2445 2718 2543 2754 vo-⁷

326 2780 507 2831 Germ.
543 2786 625 2833 3⁷.
658 2784 673 2812 ‘
697 2783 838 2834 Quid
883 2784 1020 2834 enim
1060 2785 1200 2835 aliud
1243 2786 1391 2836 nobis
1469 2791 1558 2835 cat
1581 2785 1944 2850 Hyrcanorum
1983 2783 2136 2845 bella,
2155 2780 2324 2846 positis
2344 2778 2543 2844 Hyrca-³

325 2872 481 2922 qnam
500 2859 699 2909 caedem
726 2861 918 2924 Crassi,
949 2863 1134 2913 amisso
1174 2869 1230 2914 et
1275 2864 1397 2929 ipse·
1466 2875 1632 2912 nomm
1674 2862 1923 2913 discordiis
1959 2876 1979 2920 ,·
2030 2859 2162 2910 dicit
2213 2860 2359 2921 intus,
2412 2855 2534 2921 quia

325 2935 552 3001 Pacoro,
597 2937 733 2987 infra
795 2940 1096 2990 Ventidium
1153 2940 1388 3006 deiectus
1467 2939 1679 2990 Parthis
1696 2940 1996 2990 serviebant
2035 2935 2308 3001 Hyrcani3
2338 2941 2392 2985 et
2410 2946 2531 2999 pars

325 3012 517 3062 Oriens
541 3014 789 3077 objecerit
804 3015 839 3064 ?’
1465 3017 1671 3083 imperii
1690 3017 1922 3067 Parthici
1940 3021 2105 3066 erant.

336 3116 342 3121 ·
384 3092 409 3122 ⁰
444 3089 676 3153 Proinde]
728 3091 865 3143 Quia
896 3092 1044 3142 multa
1068 3094 1296 3145 Romanis
1314 3111 1387 3146 se-

318 3168 492 3228 cunda,
534 3168 615 3229 ξε.
652 3166 963 3219 documento
995 3169 1241 3221 adversus
1282 3171 1392 3235 fas·-

318 3249 430 3292 tum
455 3248 509 3291 et
542 3244 905 3307 pervicaciam,
943 3245 1157 3309 proinde
1196 3251 1393 3297 conve-³

314 3320 429 3370 nire
453 3319 677 3370 Tiridati
702 3322 874 3384 potius
902 3319 1153 3372 intactum
1171 3338 1202 3372 a
1218 3338 1392 3388 popu·-

311 3396 507 3447 latione
530 3412 762 3461 regnum,
803 3414 957 3464 quam
998 3400 1226 3449 excisum
1255 3401 1390 3451 illud·

312 3478 624 3537 vastumque
645 3474 778 3523 dono
821 3473 1088 3540 accipere,
1116 3483 1172 3526 et
1193 3477 1379 3528 melius

312 3552 670 3601 consulturum
692 3553 1004 3617 Vologesem‘
1032 3555 1260 3616 Parthis,
1283 3555 1379 3605 iui-

310 3634 369 3677 ta
406 3641 549 3692 pace·
564 3642 681 3677 cum
707 3629 974 3693 Romanis,
990 3645 1145 3696 quam
1163 3632 1300 3683 bello
1322 3638 1388 3683 et‘

311 3704 549 3755 cladibus
570 3706 839 3772 utriusque
863 3709 1054 3772 gentis.

373 3781 861 3849 1³·Scire,q1mtum]
912 3783 1007 3834 Vir
1050 3785 1384 3838 doctissimus

263 3885 270 3892 -
308 3857 616 3923 renituit-et,
635 3874 718 3909 me
742 3875 841 3909 non
871 3864 1220 3915 assentiente:
1254 3875 1384 3914 nam'

309 3934 379 3991 de
403 3933 700 4003 Corbulone
721 3936 832 3985 haec
854 3938 1195 4003 interpretor,
1225 3940 1384 4005 quasi-

307 4009 455 4061 dieat
490 4010 696 4061 interna
718 4013 1029 4064 Parthorum
1058 4016 1275 4066 vulnera
1297 4025 1373 4067 re·

306 4097 436 4152 gem
452 4102 549 4137 non
576 4103 724 4153 posse
748 4099 947 4155 tegere,
985 4093 1116 4157 quinv
1138 4094 1386 4144 aliis‘etiae

304 4177 412 4226 am,
457 4170 614 4229 atque
646 4165 745 4215 sibi
776 4181 980 4231 qnoque
1011 4168 1112 4231 ipsi
1134 4168 1384 4221 innotue··

304 4240 429 4290 rint.
494 4241 551 4290 Si
576 4249 750 4291 tamen
772 4244 958 4293 mutari
984 4243 1109 4309 quid
1144 4245 1374 4310 placeat,

302 4318 477 4378 malim
495 4319 743 4387 scribere,
762 4319 909 4374 αἰνὴ
938 4320 1350 4376 Freinsheminu

1530 3076 1912 3157 Discord'iarum]
1968 3093 2089 3142 Non
2133 3091 2186 3140 in
2221 3090 2360 3151 aula,
2391 3086 2533 3153 quod

1462 3171 1661 3222 sciatur
1682 3187 1747 3221 ex
1769 3172 1961 3221 Tacito
1982 3187 1995 3220 t
2034 3168 2297 3233 praecipue
2324 3166 2537 3229 Hyrca-e

1463 3262 1557 3297 nos
1600 3249 1863 3311 intelligit,
1902 3248 1989 3313 qui
2023 3246 2086 3294 ad
2119 3245 2338 3309 Scythas
2362 3254 2535 3306 prope>

1462 3325 1738 3388 accedunt,
1777 3325 1880 3374 situ
1918 3332 2169 3373 terrarum
2194 3326 2250 3371 et
2286 3318 2524 3383 ingenio:

1460 3400 1635 3465 sicque
1653 3400 1935 3464 proeferoces
1953 3404 2090 3448 sunt.

1524 3484 1545 3511 ¹·
1578 3477 1862 3541 Indomitos]
1916 3475 2153 3529 Justinus
2195 3474 2262 3523 de
2315 3470 2527 3522 Parthis

1460 3565 1574 3603 xm.
1599 3559 1647 3603 3.
1684 3556 1698 3582 ‘
1719 3554 1937 3617 Ingenia
1974 3553 2119 3617 genti
2158 3550 2373 3608 tumida,
2394 3546 2533 3597 sedi-·

1456 3631 1610 3693 tiosa,
1631 3630 1976 3690 fraudulenta,
2013 3628 2252 3693 procacia
2278 3644 2290 3675 ε
2314 3625 2533 3689 quippe

1455 3706 1750 3757 violentiam
1776 3708 1914 3770 viris,
1949 3704 2391 3756 mansuetudinem
2408 3715 2524 3751 ‘mu-

1455 3782 1670 3833 lieribus
1691 3786 1970 3847 assignant.
2011 3784 2230 3844 Semper
2248 3786 2339 3829 aut
2361 3779 2411 3827 in
2435 3792 2531 3827 ex·-

1456 3866 1628 3910 ternos
1671 3869 1763 3911 aut
1808 3863 1859 3909 in
1904 3859 2207 3909 domesticos
2239 3863 2404 3905 nictus
2443 3854 2531 3904 ine

1452 3937 1654 4003 quietiz
1691 3944 1877 3987 natura
1917 3938 2084 3997 taciti,
2123 3935 2188 3983 ad
2223 3932 2530 3983 faciendum*

1454 4028 1607 4079 quam
1627 4014 1694 4063 ad
1718 4014 1991 4063 dicendum
2015 4012 2356 4074 promtiores:
2398 4022 2528 4072 pro·-

1451 4094 1582 4145 inde
1597 4094 1822 4144 secunda
1844 4093 2162 4156 adversaque
2197 4089 2403 4139 silentio
2439 4095 2527 4137 te-·

1451 4176 1579 4236 gunt
1591 4186 1610 4230 3
1653 4168 1974 4233 principibus
1997 4174 2156 4227 metu,
2180 4180 2280 4215 non
2314 4164 2523 4229 pudore

1455 4245 1681 4314 parent.³
1914 4271 1919 4276 -

1511 4331 1534 4387 2
1564 4324 1868 4388 Megisten&
1897 4318 2170 4390 Armenion]
2221 4318 2523 4386 megi-stam
