3063 4952
397 375 572 446 1980

401 532 783 622 particeps¹¹
831 533 919 600 ad
967 553 1159 599 omne
1203 537 1528 598 secretum
1569 533 1803 598 Pisoni
1841 539 2018 600 erat:
2066 534 2307 600 ceteris
2334 554 2497 618 spes
2523 531 2616 597 eir

401 640 601 705 novis
649 641 851 703 rebus
901 639 1268 722 petebatur.
1358 636 1618 702 Ascitae
1668 642 1843 716 sunt,
1893 646 2127 721 super³
2180 637 2498 702 Subrium
2549 644 2621 700 et

406 743 803 827 Sulpicium,
838 742 921 806 de
952 742 1197 825 quibus
1225 739 1440 817 retuli,
1482 741 1800 805 militares
1831 739 2126 818 manus,i
2156 741 2454 806 Granius
2485 739 2618 804 Sil-

405 865 618 916 vanus
644 851 707 909 et
738 845 994 908 Statius
1017 843 1403 922 Proximus,
1427 844 1709 908 Tribuni
1733 845 2101 910 cohortium
2128 845 2620 929 praetoriarum,

409 948 797 1014 Maximus*
839 946 1133 1012 Scaurus
1178 954 1243 1013 et
1272 948 1577 1014 Venetus
1624 948 1882 1012 Paulus
1927 947 2387 1012 Centuriones,
2480 945 2622 1010 Sed

405 1071 739 1118 summum
769 1052 969 1117 robur
998 1052 1066 1115 in
1098 1050 1313 1116 Fenio
1344 1048 1557 1116 Rufoj
1604 1051 1944 1116 Praefecto
1971 1052 2344 1129 videbatur,
2393 1069 2621 1133 quem,

1110 389 1175 438 0.
1219 387 1586 438 ooRNELn
1629 387 1887 439 'mern
2293 392 2620 465 [A.·U.819.

409 1228 558 1277 sciens
577 1230 730 1279 omnia
751 1246 924 1279 arcana
949 1231 1138 1279 Pisonis
1152 1247 1168 1279 .·
1198 1230 1371 1292 reliqui
1399 1245 1527 1293 spem
1548 1230 1600 1278 in
1621 1229 1753 1277 novis
1774 1228 2125 1292 rebuspositan
2145 1226 2367 1276 habuere.
2396 1221 2405 1228 ¹
2435 1225 2630 1274 Praeter

407 1291 636 1343 Subrium
658 1301 705 1344 et
722 1295 998 1359 Sulpiciam,
1019 1298 1077 1344 de
1094 1295 1260 1358 quibus
1275 1295 1399 1357 dixi,
1415 1294 1630 1354 adiuncti
1644 1301 1755 1343 sant
1769 1295 1861 1343 ciri
1877 1294 2132 1355 militares,
2148 1292 2363 1341 Granius
2380 1289 2628 1352 Silvanus,

411 1362 460 1407 et
496 1357 686 1411 Statius
726 1363 999 1420 Proximus,
1037 1362 1217 1411 tribuni
1248 1361 1550 1424 pretoriani,
1589 1360 1837 1412 Maxim
1874 1359 2077 1408 Scaurus
2127 1363 2173 1406 et
2203 1358 2408 1407 Venetus
2441 1356 2627 1404 Paulas

406 1425 718 1484 'centurionem
789 1431 857 1475 At
880 1442 1063 1486 aemma,
1080 1417 1328 1475 virium'in
1353 1426 1503 1475 Fenio
1538 1424 1670 1489 Rufo
1695 1425 1929 1489 praetorii
1959 1395 2184 1488 praefecto
2215 1422 2448 1486 reposita
2469 1423 2629 1470 crede·

1343 1551 1699 1572 OOOOOOOOOO

413 1623 510 1670 ——8
545 1621 707 1686 Lipsii
728 1623 846 1673 libri
875 1639 965 1687 per
999 1622 1335 1673 Subrium—4
1370 1620 1619 1671 Eruditns
1641 1619 2015 1686 Spanheimius‚
2050 1622 2111 1669 de
2139 1619 2431 1669 Proestantia
2452 1623 2501 1667 et
2527 1617 2634 1667 Usu

414 1685 705 1739 Numi-smne.
730 1689 851 1738 Vol.
876 1703 937 1740 η.
961 1705 1012 1752 p.
1036 1693 1120 1737 3⁷.
1163 1687 1405 1737 emendat
1443 1688 1717 1736 Mamercus
1754 1687 1979 1747 Scaurus,
2015 1684 2154 1749 quod
2192 1685 2429 1748 nuspiam
2448 1683 2637 1733 Scauri

416 1753 850 1813 cognominentur
876 1754 1100 1803 Maximi.
1169 1754 1244 1803 At
1279 1753 1331 1802 in
1357 1758 1504 1803 tanta
1524 1752 1839 1816 scriptorum
1865 1759 1920 1801 et
1955 1750 2212 1800 editorum
2233 1749 2486 1799 librorum
2509 1762 2638 1798 con-

411 1815 652 1866 sensione
689 1819 815 1866 nibil
850 1820 1169 1872 mutaverim.
1235 1818 1385 1868 'I'unc
1418 1818 1558 1866 enim
1592 1818 1746 1867 valde
1784 1818 1990 1867 diversa
2022 1831 2055 1865 a
2129 1815 2274 1865 riscis
2307 1813 2635 1877 temporibus

413 1881 677 1934 nominum
714 1884 866 1947 ratio,
901 1891 961 1934 nt
1000 1882 1244 1934 observat
1277 1882 1511 1934 eruditus
1549 1883 1846 1932 Sirmondns
1879 1882 1931 1932 in
1967 1895 2077 1946 prae
2102 1880 2279 1930 atione
2301 1887 2541 1931 notarum
2562 1876 2636 1928 ad

1410 2012 1634 2067 NOTAE

407 2125 598 2191 ,majori
636 2128 835 2178 scelere
879 2130 1106 2194 pollutus
1140 2128 1356 2180 Senecio
1389 2144 1485 2194 per
1562 2144 1703 2195 spes,
1722 2127 1931 2181 diversa
1953 2133 2075 2179 vota
2101 2126 2352 2190 habuere,
2373 2138 2492 2176 cum
2517 2137 2645 2175 con·

415 2204 856 2269 ingratitudinem,
895 2211 1058 2274 majus
1095 2210 1253 2259 etiam
1293 2208 1487 2273 suppli·
1557 2207 1818 2270 jurarent.

418 2278 555 2330 cium
597 2291 881 2346 expectare
926 2285 1166 2335 deberet.
1237 2285 1346 2335 Sed
1380 2295 1486 2334 me·

418 2355 538 2423 lius,
552 2364 614 2407 ut
631 2360 861 2423 explicui
897 2377 1073 2426 supra.
1142 2364 1299 2413 Certe
1329 2362 1486 2413 Sene-

420 2432 524 2499 cio,
546 2441 608 2486 nt
629 2438 717 2502 qui
737 2438 949 2505 propius
966 2439 1246 2491 accederet
1264 2440 1330 2491 ad
1354 2440 1489 2506 prin-

420 2510 608 2576 cipem,
640 2514 796 2579 longe
819 2517 994 2580 plures
1030 2516 1328 2570 occasiones
1352 2517 1489 2583 peri-

423 2588 530 2639 culi
547 2589 676 2641 adiit
699 2607 759 2641 ac
783 2593 1049 2646 sustinuit.

487 2665 964 2735 Confabulationes,
1007 2671 1198 2735 literae,
1238 2672 1392 2736 servi,
1429 2671 1489 2721 li-

421 2740 584 2808 berti,
606 2745 772 2809 amici‚
807 2748 1033 2813 amasim,
1056 2763 1188 2799 uxor
1209 2748 1341 2813 ipsa,
1360 2747 1489 2813 ipsae

423 2820 762 2884 cogitationes
782 2823 1072 2890 profundae,
1086 2826 1491 2890 interventores,

423 2897 759 2950 salutationes
782 2903 968 2953 activae
1002 2909 1058 2953 et
1082 2904 1325 2968 passivae,
1345 2917 1494 2955 mens

427 2980 487 3022 ut
507 2980 563 3023 et
582 2973 742 3026 facies
762 2993 865 3028 non
884 2978 1049 3044 firma,
1071 2996 1169 3032 nec
1189 2995 1394 3045 semper
1415 2995 1491 3033 sae

426 3050 493 3099 tis
518 3053 824 3119 composita,
844 3054 957 3119 ipsa
990 3057 1147 3109 etiam
1177 3058 1315 3113 inter
1349 3058 1493 3123 quie-

431 3127 680 3179 scendum
741 3132 965 3194 somnia3
1023 3140 1268 3200 suspecta
1332 3134 1501 3185 omnia

429 3204 558 3270 haec,
580 3214 637 3256 et
662 3209 830 3260 veluti
844 3215 924 3259 tot
942 3210 1254 3264 discrimina.

495 3283 723 3335 Pluribus
771 3287 1023 3353 periculis]
1080 3288 1222 3342 Quis
1269 3286 1501 3339 retinens

432 3359 662 3423 speciem
687 3362 929 3412 amicitiae
965 3377 1081 3413 cum
1106 3362 1501 3428 Nerone„forte

428 3451 639 3503 semper
672 3438 749 3488 ita
776 3439 1097 3489 dissimulare
1122 3454 1223 3490 non
1254 3439 1428 3504 potuit
1447 3441 1503 3490 in

433 3514 527 3564 tali
549 3516 684 3578 aula,
710 3523 769 3567 ut
802 3532 905 3566 non
927 3518 1151 3567 alienum
1176 3518 1399 3567 animum
1424 3532 1505 3568 er·
1530 3533 1535 3537 ·

432 3603 500 3656 ga
523 3591 812 3657 principem
837 3594 1105 3659 proderet,
1136 3595 1221 3644 vel
1257 3594 1378 3661 quia
1399 3609 1505 3645 ma-

435 3666 514 3731 gis
555 3667 790 3732 objectus
837 3672 1000 3720 oculis
1043 3669 1270 3721 omnium
1310 3672 1502 3724 aulico-

433 3757 546 3793 rum
569 3751 626 3794 et
650 3744 955 3812 delatorum,
990 3749 1077 3813 qui
1113 3749 1390 3800 observare
1415 3767 1505 3816 po·

435 3827 667 3886 tuerunt,
682 3837 784 3889 qua
800 3826 1170 3877 consuetudine
1185 3834 1277 3877 aut
1289 3825 1506 3880 familia-

435 3896 597 3953 ritate
620 3905 877 3965 uteretur,
902 3917 1029 3966 quos
1061 3900 1420 3967 frequentaret
1451 3906 1507 3955 in

436 3976 572 4040 aula,
593 3982 649 4026 et
671 3984 821 4029 extra
844 3979 1031 4030 sulam.
1099 3979 1184 4030 Sic
1215 3980 1395 4031 statim
1432 3982 1509 4031 in-

436 4063 624 4103 vasere
663 4053 935 4119 Senecam,
972 4055 1111 4120 quod
1145 4058 1353 4108 Natalis
1392 4074 1509 4109 eum

440 4127 598 4186 semel
617 4128 847 4193 adiisset,
867 4132 1074 4187 nomine
1091 4134 1314 4189 Pisonis.

503 4200 528 4234 ²⁸
562 4203 758 4255 Natalis
773 4207 1036 4272 particeps]
1069 4210 1142 4260 Et
1165 4210 1283 4261 ideo
1309 4215 1511 4264 tantum

444 4275 722 4343 conjurare
769 4279 1061 4334 videbatur.
1127 4284 1236 4338 Alii
1278 4286 1511 4339 diversas

1629 2282 1644 2316 ¹
1677 2284 1923 2333 Militares
1953 2281 2143 2345 manus]
2209 2279 2465 2344 Intelligo
2501 2278 2643 2329 viros

1567 2360 1838 2424 militares,
1860 2375 2077 2426 qnorum
2095 2373 2274 2408 manus
2293 2364 2457 2409 suetae
2481 2354 2647 2420 ferro,

1571 2443 1627 2487 et
1665 2437 1730 2488 ad
1770 2437 1966 2488 coedem
2005 2436 2230 2488 Neronis
2269 2441 2487 2501 paratae.
2553 2433 2645 2485 Ne

1572 2529 1756 2578 agmen
1796 2522 1888 2564 aut
1927 2514 2193 2564 cohortem
2227 2513 2449 2562 militum
2486 2512 2646 2562 intel-

1570 2592 1720 2655 ligas,
1743 2606 1891 2641 veras
1913 2605 2079 2641 manas
2099 2605 2189 2640 seu
2215 2590 2430 2640 dextras
2449 2589 2645 2656 milita-

1575 2669 1708 2721 rium
1728 2668 1996 2732 intelligit.

1636 2746 1885 2797 Militares
1895 2746 2080 2809 manus]
2099 2744 2204 2795 Hic
2218 2758 2384 2795 manus
2398 2743 2649 2807 nitidares,

1570 2823 1712 2874 idem
1755 2830 1854 2887 est,
1901 2837 1964 2872 ac
2007 2823 2239 2873 utiliter-es
2276 2821 2401 2880 sirit
2454 2835 2648 2886 nempe

1571 2901 1771 2957 tribuni
1793 2902 2112 2967 pretoriani,
2143 2908 2199 2952 et
2222 2903 2335 2967 ipse
2356 2897 2645 2965 praefectus

1571 2984 1725 3044 praet.
1770 2979 1964 3029 Fenius
2019 2976 2222 3028 Rufus:
2271 2991 2375 3041 quo
2421 2989 2510 3026 eos
2548 2975 2650 3026 dis-

1580 3056 1769 3121 tinguit
1807 3071 1840 3105 a
1875 3055 2090 3119 togatis,
2125 3069 2158 3104 a
2191 3053 2466 3105 senatoriis
2508 3052 2654 3117 viris,

1583 3133 1672 3201 qui
1692 3133 1832 3183 inter
1854 3132 2165 3197 conjuratos.

1648 3211 1896 3261 Militares
1930 3210 2118 3274 manus]
2172 3209 2421 3272 Vertunt,
2463 3206 2654 3256 milites

1578 3302 1670 3339 seu
1711 3287 2093 3351 manipulares;
2128 3286 2267 3353 quod
2307 3284 2524 3350 praecise
2559 3282 2654 3334 fal-

1580 3380 1709 3415 sum.
1776 3364 1922 3416 Nulli
1944 3364 2011 3414 ad
2044 3369 2247 3415 tantum
2278 3360 2482 3412 facinus
2507 3359 2656 3411 asciti

1584 3442 1795 3508 caligas,
1824 3443 1918 3492 sed
1951 3449 2154 3494 tantum
2176 3441 2374 3495 tribuni
2396 3446 2454 3491 et
2473 3446 2656 3490 centu·

1585 3519 1777 3583 tiones,
1818 3525 1876 3569 et
1920 3520 2130 3585 quidem
2172 3518 2495 3583 praetoriani,
2538 3532 2657 3583 quae

1586 3595 1810 3646 nobilior
1832 3596 2017 3646 militia
2037 3595 2263 3661 imperii.

1646 3670 1665 3713 ³
1700 3672 1852 3723 Fenio
1879 3672 2028 3737 Raso]
2059 3673 2436 3723 Volaterranns
2466 3670 2521 3720 in
2554 3670 2662 3720 An·

1588 3749 1932 3815 thropologia,
1966 3748 2097 3814 legit
2127 3750 2326 3802 Ferim'o
2348 3747 2506 3809 Rufo.-
2537 3747 2662 3797 huic

1587 3826 1839 3876 Senecam
1858 3825 2052 3875 socium
2070 3825 2444 3889 conjurationis
2459 3823 2667 3874 addidit

1589 3902 1818 3966 Cassius,
1846 3906 1907 3952 ut
1929 3908 2011 3951 est
2043 3901 2183 3965 apud
2204 3901 2561 3966 Xiphilinum:
2596 3898 2666 3949 de

1590 3993 1694 4044 qno
1720 3978 1878 4043 paulo
1903 3976 2041 4026 infra
2063 3976 2334 4026 Cornelius
2358 3991 2424 4024 ex
2447 3974 2669 4025 Antonii

1591 4055 1801 4106 Natalis
1820 4054 2016 4105 indicio
2033 4052 2287 4103 meminit.
2337 4051 2632 4102 Ver-cranius.

1656 4131 1891 4183 Mendax
1914 4130 2122 4182 Cassius
2151 4136 2208 4180 et
2230 4130 2556 4180 obtrectator
2577 4129 2668 4179 Se-

1589 4223 1755 4274 necae,
1785 4223 1886 4277 nec
1906 4207 2017 4259 'nisi
2049 4222 2167 4260 cum
2203 4206 2340 4259 mica
2370 4205 2491 4258 salis
2510 4205 2669 4257 -audi-

1592 4285 1775 4339 endus.
