3063 4952
313 414 373 469 s.
398 414 461 468 c.
484 414 598 481 σε]

1020 408 1230 468 ANNA
1242 408 1434 467 mma
1483 409 1630 470 ΕΑΒ.
1674 410 1805 461 XV.

2357 392 2529 475 1871

1326 621 1540 674 NOTAE

386 769 536 820 Suet.
591 766 730 833 Aug.
773 772 860 820 52.
921 767 938 797 ‘
960 769 1175 833 Templa
1227 768 1385 831 etiam

320 844 560 911 quamvis
583 845 745 894 sciret
768 845 1153 909 proconsulibus
1174 845 1389 895 decerni

319 924 514 987 solere,
536 931 710 974 tamen
736 924 787 973 in
806 926 947 974 nulla
970 926 1256 988 provincia,
1291 926 1390 975 nisi

321 1001 585 1055 communi
618 1016 710 1050 suo
756 1001 1035 1066 Romaeque
1070 1002 1276 1051 nomine
1314 1016 1392 1052 re·

320 1075 505 1138 cepit!
587 1076 786 1126 Statuae
842 1076 1002 1126 etiam
1047 1078 1148 1126 illis
1199 1084 1389 1128 erectae

322 1166 444 1201 cum
469 1151 653 1201 titulis.
691 1152 904 1202 Sueton.

393 1226 599 1291 Grates]
636 1229 907 1281 Quomodo
931 1226 996 1277 ad
1031 1236 1211 1280 nutum
1236 1230 1392 1280 alicu·

313 1305 407 1369 jus
430 1305 776 1369 praepotentis
799 1306 937 1369 apud
961 1306 1270 1371 provincias,
1291 1316 1392 1356 sta-

325 1386 546 1430 tuuntur
571 1381 821 1444 promtius
845 1389 1036 1446 grates,
1056 1383 1132 1432 ita
1164 1390 1219 1433 et
1242 1398 1391 1433 accu-

324 1457 462 1506 satio
485 1457 640 1506 etiam
679 1458 930 1520 promtius
953 1474 1019 1507 ex
1059 1458 1194 1508 illius
1220 1466 1391 1523 potes-

319 1538 434 1582 tate
457 1532 775 1582 decernltur.
845 1535 973 1584 Esto
1008 1535 1317 1585 decernatur
1339 1535 1392 1584 id

323 1609 470 1674 apud
501 1612 690 1673 socios,
710 1618 764 1659 et
802 1618 1012 1661 maneat
1036 1612 1161 1676 ipsis
1192 1613 1395 1677 provin-

323 1686 545 1736 cialibus
555 1688 639 1750 jus
659 1688 750 1736 tali
767 1688 918 1738 modo
942 1704 1081 1738 suam
1106 1686 1392 1753 potentiam

326 1756 647 1826 ostentandi,
665 1777 767 1828 quo
800 1778 856 1812 se
880 1771 1120 1816 tueantur
1141 1766 1235 1832 illi,
1256 1772 1309 1816 et
1328 1780 1394 1819 ne

327 1838 708 1902 opprimantur.

397 1914 475 1965 At
514 1918 619 1975 laus
647 1916 797 1981 falsa,
834 1925 888 1970 at
930 1927 1103 1982 grates
1145 1919 1311 1985 false,
1331 1936 1395 1973 ac

329 1992 578 2056 precibus
621 2009 880 2059 expressae
931 1998 1148 2062 perinde
1191 2001 1395 2051 cohibes

329 2080 503 2132 antur,
526 2087 588 2121 ae
622 2074 838 2136 malitia,
866 2081 921 2124 et
960 2076 1243 2129 crudelitas
1279 2092 1395 2142 pro-

329 2150 617 2221 consulum,
639 2165 704 2199 ex
739 2151 924 2216 quibus
962 2154 1221 2205 accusatio
1245 2154 1296 2204 in
1319 2155 1395 2218 ip-

328 2238 415 2273 sos
435 2225 752 2277 decernitur.

400 2301 559 2351 Certe
603 2303 830 2365 pravitas
870 2304 1106 2369 quaedam
1149 2311 1207 2355 et
1252 2304 1396 2369 quasi

332 2374 620 2431 crudelitas
667 2376 787 2441 fuit,
827 2380 1121 2443 exprimere
1164 2395 1195 2429 a
1245 2380 1398 2430 sociis

331 2450 495 2510 falsas
537 2453 651 2503 illas
686 2461 894 2519 grates;
944 2457 1018 2507 sic
1064 2456 1198 2508 enim
1239 2456 1398 2512 tacite

330 2533 734 2595 extorquebant,
756 2548 821 2582 ne
839 2534 1055 2596 saevitia,
1088 2533 1323 2598 avaritia,
1344 2539 1399 2582 et

333 2612 519 2658 cetera
555 2606 775 2673 flagitia,
817 2609 1001 2675 quibus
1040 2611 1401 2674 grassabantur

332 2683 389 2733 in
408 2684 712 2748 provinciis,
731 2686 1055 2749 punirentur.
1125 2689 1260 2737 Nam
1286 2688 1400 2752 quis

333 2775 455 2816 eum
479 2775 723 2812 accusare
748 2762 958 2827 audeat,
980 2763 1062 2813 eui
1081 2772 1251 2826 grates
1272 2764 1400 2828 pub-

331 2838 439 2888 lice
464 2838 759 2889 referuntur
782 2841 834 2889 in
857 2847 1060 2901 senatu,
1077 2841 1131 2890 in
1154 2841 1318 2892 urbe?

403 2917 595 2982 Itaque
616 2915 745 2967 falsa
778 2918 887 2966 laus
908 2918 1121 2981 perinde
1160 2917 1400 2967 cohibea-

334 2996 444 3055 tur,
464 3006 527 3041 ac
547 2993 742 3042 malitia
763 2999 816 3043 et
833 2993 1141 3046 crudelitas:
1179 3002 1235 3050 et
1256 3001 1400 3052 certe

329 3082 483 3133 saepe
506 3070 659 3132 plura
691 3084 981 3134 peccamus,
1019 3071 1139 3121 dum
1175 3071 1403 3122 demere-

333 3158 457 3194 mur
489 3145 654 3195 socios
676 3145 933 3196 facilitate
967 3152 1023 3200 et
1061 3149 1306 3204 comitate
1326 3149 1401 3207 ni-

333 3222 460 3285 mia,
480 3238 630 3288 quam
654 3222 774 3273 dum
790 3221 1094 3274 offendimus
1114 3219 1270 3274 etiam
1288 3240 1404 3280 ava·

334 3298 460 3349 ritia
482 3304 538 3348 et
557 3299 776 3349 saevitia.

405 3374 574 3425 Immo
613 3381 668 3424 et
709 3377 941 3440 quaedam
981 3377 1203 3427 virtutes
1244 3375 1403 3427 offen·

340 3449 476 3499 dunt
498 3451 682 3512 socios,
705 3453 952 3503 severitas
976 3453 1237 3504 obstinata
1253 3461 1309 3504 et
1329 3454 1404 3503 iu·

337 3526 513 3576 victus
546 3526 793 3577 adversus
828 3527 1059 3578 favorem
1086 3532 1315 3591 animus3
1351 3536 1407 3580 et

342 3602 467 3668 quia
500 3617 619 3652 cum
643 3604 961 3668 ingredimur
988 3606 1294 3669 provinciaS,
1314 3607 1405 3656 has

339 3679 566 3729 virtutes
590 3694 908 3745 exercemus,
927 3682 1047 3731 hinc
1070 3682 1214 3732 initio
1231 3683 1407 3745 magis-

338 3762 556 3806 tratuum
577 3764 840 3808 nostrorum
865 3760 1058 3812 meliora
1089 3761 1407 3825 plerumque.

409 3835 489 3886 At
534 3849 650 3884 cum
697 3835 994 3885 decedimus
1041 3852 1069 3884 e
1111 3836 1409 3900 provinciis,

338 3912 461 3964 finis
496 3926 636 3974 saepe
673 3913 1067 3975 magistratuum
1115 3919 1408 3964 nostrorum

338 3989 405 4038 ad
431 3987 609 4052 pejora
626 3988 805 4050 vertit,
821 3989 1129 4051 inclinatque5
1152 3989 1273 4038 dum
1297 3989 1407 4048 fere

341 4064 410 4114 ad
455 4064 619 4113 instar
661 4065 1019 4113 candidatorum
1055 4064 1310 4130 suffragia,
1353 4074 1408 4116 et

338 4140 582 4190 favorem
642 4140 1035 4203 provincialium
1102 4148 1405 4205 captamus:

341 4230 463 4281 quae
487 4215 718 4277 ambitio,
738 4216 779 4264 si
804 4216 1153 4280 prohibeatur,
1185 4217 1411 4282 aeqmtius

340 4296 389 4341 et
414 4292 708 4372 constantius
725 4291 977 4360 provinciae
993 4299 1233 4357 regentur.

1527 769 1683 831 Nam,
1728 774 1783 820 ut
1821 774 1950 820 mdis
1991 769 2124 835 legis
2168 770 2537 835 repetundarum

1463 840 1737 897 coercetur
1755 847 1980 910 avaritia,
1998 848 2071 896 ita
2086 847 2234 896 vetito
2254 848 2531 908 gratiarum

1463 925 1665 982 actione,
1687 925 1884 974 ambitio
1904 926 1957 974 in
1981 925 2147 975 socios
2163 924 2422 974 cohibetur.

1530 999 1700 1064 Igitur
1724 1008 1945 1064 peccant
1984 1008 2217 1051 rectores
2242 1001 2531 1065 provincia-

1465 1091 1579 1127 rum
1602 1076 1838 1138 avaritia,
1856 1077 2076 1138 soevitia,
2094 1085 2150 1126 et
2169 1078 2278 1126 aliis
2311 1074 2539 1141 flagitiis,

1465 1168 1584 1217 quae
1607 1152 1763 1202 certis
1782 1144 1979 1217 legibus
1993 1153 2330 1203 cofircentur:
2366 1151 2535 1202 offen-

1466 1228 1598 1277 dunt
1623 1227 1779 1291 legati
1800 1229 1962 1278 socios
1996 1229 2121 1293 ipsis
2146 1231 2300 1278 etiam
2324 1230 2537 1279 virtuti-

1467 1305 1584 1367 bus,
1623 1304 1922 1367 severitate‚
1963 1304 2266 1368 integritate
2315 1311 2372 1355 et
2411 1312 2535 1355 coni

1466 1381 1659 1432 stantia
1681 1377 1926 1430 adversus
1949 1381 2174 1445 pretium
2208 1388 2264 1430 et
2284 1380 2534 1435 favorem.

1536 1458 1636 1508 Sed
1662 1459 1810 1522 plura
1832 1463 2072 1521 peccant,
2101 1458 2220 1507 dum
2244 1457 2534 1521 provincia-

1469 1537 1546 1585 les
1570 1530 1750 1586 co'lun‘t
1776 1549 1837 1584 ac
1861 1532 2209 1597 demerentur,
2243 1547 2395 1597 quam
2415 1547 2533 1582 cum

1469 1609 1743 1665 offend1mt
1799 1624 1891 1659 eos
1941 1608 2167 1675 flagitiis·
2191 1609 2278 1659 vel
2329 1608 2534 1659 virtuti-

1474 1689 1586 1740 bus.
1652 1688 1841 1754 Itaque
1881 1686 2188 1737 coerceatur
2226 1685 2320 1734 illa
2369 1684 2534 1735 socios

1472 1764 1774 1816 demerendi
1795 1763 2027 1825 ambitio,
2060 1762 2150 1813 illa
2188 1759 2320 1815 falsa
2356 1768 2412 1811 et
2444 1775 2537 1820 exa

1470 1859 1653 1910 pressa
1695 1846 1828 1909 laus,
1870 1840 2092 1909 perinde
2135 1857 2199 1893 ae
2240 1841 2438 1895 malitia
2476 1846 2536 1893 et

1471 1921 1773 1975 crudelitas.

1538 1999 1620 2048 Ex
1659 1996 1953 2060 virtutibus,
1974 2011 2044 2047 ex
2064 1996 2363 2059 severitate,
2385 1994 2537 2051 initia

1473 2075 1867 2139 magistratuum
1898 2082 2188 2125 nostrorum
2222 2074 2455 2138 meliora,
2476 2078 2534 2122 at

1471 2151 1589 2203 finis
1612 2152 1773 2215 pejor,
1805 2151 1927 2217 quia
1949 2157 2058 2202 tum
2083 2166 2177 2215 per
2201 2149 2541 2209 ambitionem,

1472 2228 1588 2277 illos
1632 2228 1955 2277 demeremur
1991 2233 2046 2276 et
2086 2233 2352 2287 captamus
2389 2223 2541 2279 favo„⁸

1475 2318 1582 2355 rem
1631 2303 2052 2373 praepotentium,
2087 2308 2350 2365 utgrates
2387 2300 2537 2353 nobis

1474 2377 1788 2439 referantur,
1812 2394 1930 2429 cum
1956 2379 2220 2443 provincia
2240 2377 2538 2443 exierimus,

1471 2457 1612 2522 apud
1635 2464 1887 2508 senatum.
2536 2489 2541 2508 ς

1533 2536 1709 2590 Grates
1730 2534 2008 2599 agerentur]
2075 2533 2298 2584 Publice
2320 2538 2376 2583 et
2398 2530 2535 2597 apud

1473 2618 1744 2662 senatum:
1796 2611 1918 2675 quia
1960 2625 2147 2675 nempe
2203 2608 2539 2674 proconsules

1475 2688 1617 2737 missi
1654 2703 1721 2737 ex
1755 2695 1939 2738 senatu
1971 2695 2026 2744 et
2066 2702 2097 2736 a
2117 2693 2300 2737 senatu
2323 2686 2376 2737 in
2417 2700 2537 2749 pro·

1475 2763 1690 2827 vincias,
1733 2764 1821 2828 qui
1864 2764 2030 2814 socios
2071 2768 2331 2828 regerent.
2404 2760 2539 2812 Ideo

1474 2842 1613 2891 ultro
1668 2841 1972 2906 quandoque
2028 2839 2307 2905 provineioe
2362 2843 2540 2903 grates
2612 2865 2621 2869 -

1475 2919 1700 2982 agebant
1746 2918 2150 2983 propraetoribus
2195 2931 2287 2974 seu
2320 2928 2538 2982 procon-

1477 2996 1688 3060 sulibus,
1731 2997 1868 3062 quod
1907 2997 2042 3052 idem
2073 3002 2173 3059 est,
2211 2995 2350 3059 apud
2389 3009 2542 3046 sena-

1477 3078 1624 3133 tum;
1658 3073 2037 3139 laudabautque
2054 3073 2264 3137 publice
2281 3073 2419 3136 ipsos
2447 3086 2543 3136 pas

1476 3154 1604 3212 tres,
1626 3155 1683 3199 et
1705 3150 1820 3198 illos
1864 3165 1991 3212 quos
2013 3155 2242 3199 rectores
2264 3148 2541 3208 misissent.

1540 3225 1646 3274 Sed
1671 3226 1792 3288 quia
1826 3239 1967 3288 saepe
1991 3225 2040 3273 in
2074 3224 2175 3273 fine
2208 3223 2539 3288 proconsulas

1479 3306 1578 3361 tus,
1601 3300 1819 3352 nutabat
1849 3298 1997 3349 favor
2029 3299 2438 3363 provincialium,
2464 3298 2540 3347 -ob

1478 3375 1752 3438 saevitiam,
1777 3376 2066 3437 avaritiam,
2087 3381 2143 3425 et
2159 3374 2283 3425 alias
2301 3374 2542 3426 libidines

1480 3450 1718 3514 rectoris,
1749 3448 1868 3501 ideo
1893 3458 2000 3500 tum
2025 3451 2309 3516 captabant
2327 3464 2545 3520 pronon-

1479 3529 1616 3577 sules
1655 3528 1878 3591 gratiam
1924 3528 2331 3593 praepotentium
2378 3528 2545 3586 socioq

1481 3620 1615 3668 rum,
1634 3612 1692 3654 ut
1711 3605 2123 3656 decernerentur
2141 3606 2265 3670 ipsis
2284 3613 2479 3671 grates.

1513 3721 1520 3726 -
1548 3682 1696 3735 Quod
1719 3681 1898 3747 fiebat,
1915 3681 2178 3732 referente
2200 3683 2372 3747 aliquo
2405 3683 2544 3747 prin-2

1482 3759 1602 3825 cipe
1624 3760 1851 3814 civitatis
1888 3776 1978 3810 seu
1998 3760 2240 3823 nationis,
2261 3759 2399 3825 apud
2423 3774 2545 3818 con-⁴

1484 3837 1658 3891 cilium
1688 3838 2103 3901 provincialium,
2136 3844 2192 3888 et
2235 3845 2343 3890 tum
2365 3837 2545 3896 decen,

1483 3913 1741 3968 nebantur
1782 3915 1940 3979 legati
1963 3916 2051 3981 qui
2087 3915 2295 3979 publico
2331 3914 2544 3965 consilio

1485 3990 1688 4039 adirent
1710 3998 1964 4052 senatum,
1987 3999 2042 4041 et
2060 3991 2252 4055 gratias
2274 3991 2544 4044 rectoriae

1482 4067 1684 4118 senatui
1710 4065 1983 4117 referrent.

1550 4142 1700 4194 Quod
1725 4141 2004 4205 dupliciter
2037 4156 2193 4206 grave
2233 4140 2336 4193 fuit
2371 4140 2547 4210 sociis,

1483 4228 1541 4271 et
1562 4221 1684 4285 quia
1717 4225 1915 4269 coactoe
1956 4220 2059 4272 illae
2094 4224 2280 4282 grates,
2302 4234 2400 4270 nec
2431 4218 2545 4290 sine

1483 4311 1668 4364 magno
1706 4303 1876 4347 sumtu
1906 4295 2148 4368 public03
2182 4302 2241 4347 et
2274 4295 2395 4372 quia
2427 4295 2547 4366 finis
