3063 4952
527 445 702 513 1926

529 626 809 673 summae
839 610 1046 669 curae'²
1075 604 1142 664 et
1168 592 1679 662 meditamenta!
1720 590 1896 655 Tum
1929 587 2205 652 intimus
2231 586 2524 671 quisque
2546 584 2739 648 liber-

527 717 741 776 torum
773 706 980 771 vincti
1009 704 1408 785 abreptique.
1499 697 1608 775 Et,
1646 717 1795 760 cum
1848 690 2187 757 damnatio
2232 691 2565 764 instaret:
2592 688 2741 750 bra-

530 813 827 878 chiorum
883 827 1086 873 venas
1144 805 1529 887 Torquatus
1587 797 1974 873 interscidit,
2026 800 2388 877 secutaque
2448 789 2743 854 Neronis

530 915 739 979 oratio
794 933 881 976 ex
939 931 1117 974 more
1144 914 1199 969 z'
1265 912 1284 941 ‘
1315 906 1622 991 quamvis
1672 907 1926 977 sontem
1973 906 2037 962 et
2084 895 2463 962 defensioni
2514 896 2745 969 merito

1221 453 1289 501 c.
1345 445 1712 499 conuictu
1758 442 2019 494 nom
2419 441 2733 510 [A.u.sis.

533 1087 874 1138 imitamenta.
923 1082 1667 1146 Tamsamiliarim'muaeqtinqu
1687 1080 1964 1130 libertorum
1985 1077 2184 1131 catenis
2203 1073 2350 1124 vincti
2372 1070 2635 1132 tractique.
2688 1068 2749 1116 Et
2818 1116 2823 1119 .

537 1169 642 1203 oum
651 1153 887 1213 judicium
908 1152 1205 1207 immineret,-
1239 1150 1436 1199 Silanun
1465 1148 1657 1211 abrupit
1694 1160 1836 1194 mus
1869 1143 2185 1202 brachiorum,
2223 1141 2334 1189 dein
2372 1136 2506 1186 venit
2548 1133 2753 1183 Neronis

537 1218 731 1282 epistola
743 1233 832 1283 pro
852 1232 993 1279 more,
1010 1231 1113 1282 qua
1132 1215 1395 1265 asserebat
1413 1230 1428 1275 ;
1462 1212 1712 1266 Quamvis
1734 1224 1899 1271 reum,
1919 1218 1975 1258 et
1998 1222 2096 1257 nec
2120 1206 2212 1257 abs
2234 1218 2294 1254 re
2310 1217 2480 1254 causae
2499 1214 2606 1249 ua
2628 1194 2755 1246 diffi-

1529 1376 1746 1427 NOTAE

1686 1511 1734 1555 et
1756 1504 1944 1565 libellis,
1964 1508 2026 1552 ut
2053 1502 2226 1564 Reges
2256 1502 2533 1564 exter-nost
2567 1490 2664 1542 sed
2687 1481 2758 1540 ni·

1686 1582 1757 1630 bil
1781 1584 1942 1630 mut'o.
2088 1639 2095 1643 ἠ

1752 1664 1776 1689 “
1816 1656 2019 1706 Nomina
2039 1668 2231 1705 summe
2260 1650 2410 1713 συν-ιε]
2442 1649 2568 1700 Jam
2591 1646 2763 1710 capio,

539 1522 624 1563 tur
645 1513 908 1577 praecipue
932 1525 1080 1575 reges
1103 1509 1326 1569 externi,
1341 1515 1399 1558 et
1415 1522 1479 1557 ex
1503 1506 1607 1557 illis

541 1594 641 1641 orti
663 1609 677 1652 ;
729 1597 784 1640 at
829 1595 976 1639 certe
1022 1590 1152 1637 tales
1190 1601 1291 1636 non
1339 1585 1607 1635 habuisset

540 1669 743 1719 Silanus
759 1668 817 1718 ab
833 1668 1043 1731 epistolia:
1058 1672 1104 1716 et
1126 1665 1313 1714 libellis.
1348 1664 1452 1713 Sed
1469 1661 1606 1713 forte

542 1753 741 1795 tantum
763 1746 997 1806 libertos,
1018 1758 1143 1808 quos
1164 1743 1282 1791 ideo
1315 1741 1490 1790 nobiles
1520 1754 1608 1788 vo-

544 1829 632 1871 cat
654 1824 816 1886 Nero,
837 1822 958 1886 quia
981 1820 1164 1870 similia
1196 1819 1362 1870 officia
1397 1832 1611 1883 perage-

549 1900 675 1948 bant
695 1899 784 1962 illi,
800 1914 914 1963 quae
954 1898 1129 1946 nobiles
1161 1896 1297 1961 apud
1338 1911 1489 1960 reges
1522 1909 1612 1944 ex·

549 1981 743 2023 ternos.

614 2053 752 2101 Nam
797 2051 935 2114 apud
972 2051 1188 2100 Graecos
1222 2056 1277 2099 et
1315 2048 1615 2099 orientales

548 2145 694 2195 reges
731 2144 794 2179 ea
835 2128 1005 2179 officia
1049 2129 1303 2192 deputata
1336 2127 1613 2177 nobilibus.

549 2208 637 2258 Sic
662 2209 936 2269 Eumenes,
957 2207 1044 2271 qui
1076 2212 1255 2270 postea
1290 2206 1422 2266 Rex,
1442 2204 1616 2254 fuerat

550 2287 610 2334 ab
644 2285 852 2349 epistolio
889 2284 1132 2346 Philippo,
1156 2282 1275 2331 dein
1316 2289 1371 2331 et
1404 2282 1617 2331 Alexan·

549 2364 634 2410 ατο
661 2361 861 2423 Mag-no.

620 2439 690 2488 Et
729 2443 1004 2502 praeterea,
1046 2436 1164 2502 quia
1199 2436 1289 2485 illa
1331 2436 1538 2486 nomina
1590 2452 1622 2487 a

554 2514 737 2577 libellis,
760 2520 815 2564 et
847 2513 1113 2563 rationibus
1140 2520 1262 2563 sunt
1289 2515 1478 2563 nomina
1497 2529 1623 2563 sum-

556 2608 646 2640 mae
679 2606 821 2652 curoe,
861 2605 953 2639 seu
991 2591 1194 2654 imperii
1231 2591 1500 2652 vocabula,
1518 2606 1622 2640 non

557 2665 650 2719 a'bs
674 2684 730 2718 re
763 2675 916 2719 vocat
944 2669 1136 2732 nobiles,
1160 2668 1247 2734 qui
1270 2669 1458 2717 talibus
1483 2669 1622 2718 curis

559 2749 922 2811 imponuntur3
981 2746 1159 2810 sicque
1205 2760 1292 2794 eos
1334 2759 1429 2808 pro
1472 2745 1624 2794 libito

561 2824 823 2887 appellare
842 2822 1007 2871 voluit
1026 2829 1080 2872 et
1100 2822 1271 2886 potuit
1286 2823 1449 2872 Nero.
1484 2823 1623 2872 Nam

562 2899 616 2947 in
639 2898 828 2947 talibus
851 2897 1171 2958 criminibus,
1195 2896 1318 2961 quid
1354 2898 1454 2947 nisi
1488 2912 1626 2947 com·

561 2984 738 3023 menta
759 2979 813 3022 et
835 2972 960 3021 ficta
982 2973 1281 3021 mendacia?

626 3048 861 3113 Ideoque
885 3063 969 3097 eos
994 3055 1176 3112 postea
1215 3054 1416 3098 tantum
1436 3048 1630 3099 libertos

562 3134 715 3177 vocat
736 3127 771 3176 l.
801 3139 921 3176 xvi.
946 3125 1220 3175 cumidem
1255 3126 1450 3175 crimen
1482 3142 1629 3190 repe-

566 3203 631 3253 tit
657 3202 743 3252 ubi
778 3203 843 3251 de
884 3202 1049 3251 altero
1087 3201 1283 3265 Silano,
1322 3217 1475 3267 quem
1516 3203 1631 3265 pari

566 3282 718 3331 modo
774 3279 1051 3343 subvertit,
1097 3280 1231 3345 quod
1282 3280 1632 3347 praeficeretque

569 3359 848 3423 rationibus,
866 3360 948 3421 &a
972 3358 1177 3407 libertos.

638 3435 806 3498 Igitur
842 3435 942 3484 hoc
981 3448 1136 3483 sensu
1173 3432 1317 3484 fuere
1338 3433 1527 3497 nobiles,
1550 3434 1635 3483 vel

572 3512 715 3577 quasi
757 3511 933 3561 nobiles
975 3511 1026 3560 hi
1068 3511 1273 3560 liberti:
1340 3525 1525 3575 nempe
1566 3510 1634 3559 ob

572 3588 764 3637 nomina
783 3588 866 3635 illa
896 3602 1087 3635 summ
1105 3602 1250 3649 σανα,
1274 3602 1371 3635 nec
1391 3587 1529 3636 aliud
1554 3587 1637 3636 hic

573 3663 927 3729 quaerendum‚
957 3678 1108 3727 quam
1143 3677 1341 3712 merum
1368 3664 1640 3713 calumniae

575 3749 938 3804 commentum,
958 3744 1166 3806 plenum
1202 3750 1449 3793 extremae
1479 3744 1640 3806 impu·

575 3820 786 3870 dentiae.
854 3821 925 3869 Et
964 3827 1082 3883 post
1115 3820 1449 3882 parricidium
1480 3828 1537 3869 et
1568 3821 1642 3869 in·

578 3896 838 3958 cendium,
853 3897 964 3960 jam
989 3893 1241 3943 illudebat
1256 3880 1641 3961 insultabatque

574 3973 841 4038 patientiae
879 3970 1117 4035 publicae,
1148 3985 1266 4019 cum
1305 3974 1486 4020 omnia·
1514 3970 1641 4023 faci-

576 4063 723 4113 nora,
744 4057 800 4098 et
830 4048 908 4098 fas
942 4046 1188 4112 nefasque
1215 4048 1429 4111 perinde
1454 4063 1641 4112 appro-

577 4125 691 4174 bari
713 4124 916 4172 videret
941 4125 1099 4174 Nero.

647 4201 765 4251 Nisi
806 4201 945 4249 forte
990 4200 1197 4264 scripsit
1229 4201 1469 4262 Tacitus,
1512 4203 1644 4259 Quin

582 4291 689 4327 eum
707 4276 969 4339 utnobiles,
1005 4276 1181 4341 nicque
1208 4276 1534 4342 intelligeret
1565 4280 1644 4329 Si·

583 4349 759 4402 l‘anum
777 4351 1014 4401 babuisse
1047 4352 1310 4403 ministros
1334 4369 1364 4402 a
1382 4354 1646 4405 rationibu

1688 1735 1810 1784 olim
1830 1733 2069 1797 caligavi.
2132 1731 2288 1791 Haec,
2321 1727 2513 1791 inquit,
2534 1723 2768 1782 nomina,

1687 1811 1768 1861 Ab
1804 1811 2029 1874 molis,
2060 1814 2105 1858 et
2146 1807 2334 1867 libellis,
2377 1810 2503 1854 sunt
2548 1812 2767 1850 summae

1689 1902 1829 1938 curae
1852 1887 2078 1949 nomina,
2098 1885 2150 1933 id
2180 1890 2277 1946 est,
2293 1879 2487 1944 imperii
2509 1884 2566 1927 et
2585 1873 2770 1940 princi-

1685 1969 1850 2029 patus,
1866 1966 2088 2028 itemque
2111 1961 2224 2024 ejus
2244 1958 2641 2007 meditamenta.

1757 2040 2049 2107 Significat,
2072 2053 2134 2088 eo
2157 2040 2271 2101 ipso
2290 2033 2429 2100 quod
2448 2030 2578 2082 talia
2602 2026 2775 2078 officia

1696 2127 1753 2171 et
1774 2119 2189 2170 nomenclaturas
2210 2115 2505 2177 Torquatus
2528 2109 2583 2158 in
2619 2107 2772 2156 domo

1695 2197 1906 2259 habeat,
1933 2196 2046 2260 jam
2089 2207 2223 2242 nunc
2262 2190 2501 2252 incipere
2533 2192 2592 2235 et
2615 2182 2774 2233 medi-

1699 2272 1799 2324 t‘ari
1834 2274 2107 2337 imperare.
2175 2269 2284 2319 Cur
2305 2266 2442 2315 enim
2476 2264 2572 2311 bas
2594 2259 2775 2324 imagi-

1700 2365 1792 2400 nes
1828 2352 1937 2413 ejus
1983 2345 2237 2410 usurpat?
2280 2345 2417 2393 Nam
2451 2340 2544 2388 alii
2579 2335 2775 2402 privati

1700 2440 1730 2474 α
1750 2441 1892 2475 manu
1913 2423 2128 2484 babent,
2151 2435 2254 2470 non
2275 2418 2334 2468 ab
2351 2415 2584 2481 epistolis,
2602 2411 2780 2462 libellis

1701 2512 1758 2552 et
1780 2502 1932 2551 talia:
1968 2515 2030 2549 ac
2070 2497 2388 2548 conveniunt
2425 2494 2479 2541 in
2516 2490 2776 2556 principes

1701 2579 1854 2629 solos.
1920 2576 2132 2640 Lipsius.

1770 2653 1982 2705 Nomina
2023 2666 2218 2701 oummae
2256 2646 2407 2710 σαι-ω]
2490 2645 2631 2697 Quia
2672 2641 2780 2692 fere

1703 2731 1844 2781 idem
1884 2744 1981 2794 per
2022 2729 2162 2778 idem
2220 2727 2650 2788 interpretantur
2689 2720 2781 2770 viri

1704 2808 1907 2873 optimi,
1953 2807 2030 2856 sic
2067 2805 2231 2855 habe:
2296 2818 2360 2852 ea
2416 2815 2529 2850 esse
2570 2799 2782 2848 nomina

1704 2881 2110 2936 ministeriorum
2151 2879 2397 2950 principis
2432 2885 2490 2928 et
2522 2876 2782 2941 quandam

1706 2963 2033 3028 principatus
2077 2958 2497 3017 meditationem,
2529 2952 2786 3017 prolusio-

1706 3055 1844 3104 nem,
1862 3055 1950 3089 seu
1976 3039 2206 3086 mimum.
2277 3032 2570 3082 Gronovius.

1772 3126 1797 3150 v
1830 3116 2092 3167 Damnatio
2146 3108 2377 3172 instaret]
2456 3107 2523 3155 In
2579 3110 2786 3163 senatu,

1710 3207 1899 3258 nempe
1944 3200 1999 3241 et
2040 3207 2072 3239 a
2115 3195 2319 3238 senatu.
2387 3185 2559 3233 Erant
2594 3181 2787 3246 quippe

1713 3270 1973 3319 delatores
2008 3275 2064 3316 et
2103 3270 2458 3324 accusatores,
2489 3260 2639 3321 leges
2663 3256 2788 3306 cita·

1715 3348 1923 3408 bantur,
1968 3343 2182 3408 judices
2240 3338 2587 3406 vocabantur,
2647 3330 2786 3398 quasi

1715 3422 1849 3472 serio
1911 3427 2174 3483 ageretur,
2219 3414 2368 3481 quasi
2424 3417 2663 3474 senatus,
2705 3412 2799 3462 aut*

1717 3500 2034 3565 Respublica
2056 3513 2120 3547 ea
2139 3503 2301 3545 esset.

1783 3578 1886 3627 Sed
1909 3592 1967 3627 re
1990 3577 2127 3640 ipsa,
2160 3586 2330 3636 neque
2355 3570 2500 3632 leges
2525 3564 2794 3624 valebant,

1717 3671 1888 3720 neque
1931 3651 2256 3717 Respublica
2296 3645 2418 3707 fuit,
2478 3654 2655 3706 neque
2714 3638 2792 3689 vel

1717 3736 1889 3797 imago
1910 3729 2251 3794 Reipublicae.

1785 3811 1874 3859 Sic
1927 3807 2244 3857 illudebatur
2300 3799 2532 3861 senatui,
2580 3795 2796 3860 legibus,

1713 3888 2002 3955 judicibus,
2040 3883 2268 3949 Reipub.
2302 3880 2441 3954 urbi,
2481 3877 2617 3938 orbi,
2656 3882 2711 3924 et
2740 3877 2795 3921 ut

1719 3966 1891 4031 inquit
1915 3963 2156 4024 Tacitus,
2197 3965 2211 3989 ‘
2237 3957 2518 4022 majoribus
2542 3951 2795 4006 ludibriis,

1723 4058 1879 4108 quam
1900 4039 2084 4091 malis.'

1786 4126 1820 4150 w
1854 4119 1936 4167 Ex
1956 4114 2112 4178 more]
2143 4114 2230 4163 Sic
2255 4110 2495 4161 Tiberius
2527 4110 2567 4159 l.
2606 4120 2673 4161 11.
2714 4106 2794 4155 De

1726 4195 1959 4244 Libone:
2020 4189 2368 4253 ‘Juravitque
2423 4185 2711 4251 petiturum
2745 4196 2797 4230 se

1724 4272 1902 4331 vitam,
1925 4267 2160 4334 quamvis
2182 4264 2418 4326 nocenti,
2441 4263 2545 4312 nisi
2572 4262 2798 4313 volunta-

1724 4350 1857 4400 riam
1877 4352 2100 4398 mortem
2121 4340 2551 4410 properavisset.'
