3063 4952
396 373 532 426 JaeG,
542 372 655 439 ⁵1.)
696 397 706 403 ·

1076 371 1486 426 ANNAMUM
1534 377 1681 429 mn.
1729 380 1903 430 x111.

2420 364 2600 449 152⁷

1390 612 1868 699 Nom,‚
2453 621 2581 675 ,ε

384 750 388 754 ·
449 736 662 801 Legitur
682 738 820 798 enim
843 739 938 790 sub
971 739 1184 790 Tiberio
1218 739 1450 792 firmasse

389 820 445 864 et
485 813 646 865 fuisse
689 824 942 881 praetores
981 818 1298 884 aerari'l,ssqui
1342 821 1481 886 ejus,

384 882 649 954 largitioni
688 894 1027 956 restiterunt3
1079 910 1234 959 supra
1277 896 1368 946 lib.
1413 912 1451 948 1.

383 971 437 1015 et
455 967 556 1017 sub
580 969 782 1033 eodem,
804 979 1082 1033 praetorem
1104 974 1270 1022 aerarii
1293 973 1450 1026 fuisse

380 1037 609 1107 reperio,
646 1043 938 1109 hujusmodi
969 1047 1307 1112 inscriptione
1330 1057 1353 1100 :⁴
1398 1060 1448 1102 ι’.

380 1131 611 1181 AQv1vs.
657 1136 856 1174 scavae.
898 1137 984 1173 ΕΤ.
1008 1139 1238 1177 ηΑνυΕ.
1260 1142 1449 1181 natvs·

380 1195 670 1250 cons1.'m.
697 1215 894 1251 mmm.
917 1216 1106 1254 napos.
1129 1219 1324 1257 naum.
1360 1222 1445 1258 ΕΤ.

372 1286 664 1327 nvmcun.
690 1291 996 1328 rnonnpos.
1017 1294 1318 1333 Qvansron.
1355 1299 1451 1334 nn-

379 1349 799 1405 camvmarxvm.
850 1370 1066 1407 ιιτινΜ.
1116 1374 1447 1412 ινῡιοΑΝῡΑ-

378 1442 521 1480 Rvm.
579 1444 733 1484 Tuta.
777 1448 933 1484 rnna.
970 1449 1077 1485 Λευ.
1122 1450 1320 1488 cvnvr..
1365 1453 1445 1488 ιν-

376 1519 506 1558 nux.
532 1520 882 1560 vamms.
926 1525 1179 1563 tamon.
1211 1527 1443 1566 mnu.

377 1584 475 1632 διο.
510 1597 914 1636 Ave-rounam.
940 1600 1052 1637 cai.
1085 1602 1336 1641 cassams.
1360 1606 1443 1643 nr.

377 1673 418 1710 s·
442 1673 490 1710 c.
874 1703 880 1708 .

408 1736 551 1786 -Βεά
571 1738 820 1789 Claudius
854 1741 1073 1805 collegio
1107 1744 1443 1796 Quaestomm

370 1827 554 1863 curam
593 1817 763 1865 aerarii
792 1818 1002 1867 Saturni
1025 1820 1269 1881 reddidit,
1290 1839 1442 1888 quam

366 1892 549 1941 medio
571 1898 808 1958 tempore
834 1896 1115 1959 Praetores,
1145 1906 1236 1949 aut
1259 1902 1443 1965 utique

372 1975 501 2019 tunc
563 1977 796 2033 praetura
846 1970 1017 2022 functi
1070 1974 1444 2041 sustinuerant,

376 2047 683 2097 auctoribus
724 2049 965 2099 Cornelio
1002 2059 1198 2112 nostro,
1229 2059 1286 2103 et
1323 2055 1445 2103 Sue-

342 2124 518 2172 *touio
568 2124 754 2175 Claud.
798 2130 881 2175 20.
947 2125 1024 2176 At
1064 2130 1247 2179 deerat
1290 2130 1445 2180 robur

370 2202 549 2250 aetatis
563 2209 879 2266 quaesturam
895 2205 1307 2269 capessentibus,
1328 2222 1443 2271 quae

364 2279 685 2329 adhonores
724 2281 914 2343 gradus
956 2288 1090 2343 erat,
1129 2290 1185 2332 et
1221 2283 1288 2333 ad
1310 2284 1438 2334 alios

363 2357 709 2420 magistratus
736 2358 961 2422 majores
994 2364 1198 2408 tautum
1238 2361 1438 2425 aperie·

366 2430 460 2483 bat
484 2434 643 2484 viam.

352 2544 357 2547 Α
398 2512 672 2578 ’Ideoque
707 2515 854 2564 Nero
893 2515 1216 2580 experientia
1254 2519 1464 2581 proba--

332 2612 337 2616 ·
358 2595 448 2639 tos
471 2591 679 2640 aerario³
702 2594 1008 2656 praeposuit,
1031 2609 1135 2643 non
1162 2595 1439 2646 honoribus

364 2673 422 2716 et
444 2667 753 2716 muneribus
777 2668 1003 2719 initiatos
1028 2677 1331 2735 quaestores,
1347 2674 1439 2724 sed

332 2768 339 2771 -
361 2743 648 2807 praetorios
669 2743 823 2808 viros,
840 2760 966 2810 quos
988 2747 1208 2798 Tacitus
1228 2755 1442 2813 praetaru

360 2820 641 2883 perfinia-tos
661 2822 895 2885 scripsit,
910 2837 1015 2872 non
1032 2825 1350 2888 praesectura:
1384 2835 1442 2877 et

363 2897 442 2946 ita
454 2898 608 2948 locus
624 2900 994 2951 emaculandus
1014 2908 1114 2952 est.
1147 2904 1440 2956 Ver-tranias.

358 2984 363 2989 “
430 2973 577 3038 Saepe
597 2977 853 3026 immutata
873 2978 971 3038 qius
991 2980 1066 3029 rei
1082 2979 1268 3044 forma]
1303 2981 1442 3031 Olim

336 3053 556 3101 ,aerario
576 3054 845 3117 praepositi
877 3057 1200 3107 Quaestores.
1270 3058 1441 3108 Causa

358 3127 415 3177 id
452 3128 882 3181 immutandi-sub
920 3132 1063 3184 Julio
1096 3134 1306 3184 Caesare
1328 3142 1442 3185 orta

360 3217 498 3255 auno
522 3206 666 3256 urbis
687 3212 806 3257 709.
874 3211 1011 3259 Nam
1040 3211 1182 3276 quia,
1222 3212 1440 3263 absente

362 3282 597 3346 Caesare,
619 3283 921 3336 Quaestores
936 3288 1064 3337 nulli
1081 3290 1248 3340 creati
1268 3298 1438 3355 eraut,

363 3359 501 3409 ideo·
530 3361 705 3410 aerarii
755 3377 896 3412 cura·
938 3364 1139 3415 duobus
1196 3367 1437 3432 aedilibus

356 3437 643 3486 conmissa
664 3445 765 3488 est.
832 3441 949 3491 Nec
986 3448 1170 3505 postea
1192 3443 1348 3493 rediit
1370 3445 1437 3493 ad

361 3515 693 3566 Quaestores.
762 3517 930 3568 Notat
953 3517 1005 3566 id
1034 3518 1137 3568 Dio
1160 3519 1250 3570 lib.
1274 3533 1438 3572 xmu.

350 3624 359 3635 ι
427 3591 631 3642 AEdues
652 3607 779 3658 ergo
796 3592 1069 3658 praefuisse
1086 3595 1331 3647 videntur
1348 3611 1442 3662 per

340 3683 528 3720 ‘anuos
543 3669 668 3720 -fere
713 3672 1115 3739 septemdecim,
1133 3673 1300 3725 donec
1340 3674 1442 3724 Au-

358 3756 550 3811 gustus
574 3749 851 3812 praetorios
875 3750 1143 3801 substituit
1165 3766 1300 3805 auno
1319 3756 1434 3804 7264

310 3850 331 3869 2
361 3832 433 3873 nt,
466 3823 637 3875 refert
659 3826 768 3876 Dio
790 3826 893 3876 lib.
919 3841 1071 3878 nnn:
1096 3829 1112 3856 ‘
1139 3829 1278 3879 Quia
1309 3844 1460 3878 ωηο-

370 3901 503 3950 rium
540 3903 811 3965 publicum
829 3904 980 3967 inops
1003 3905 1338 3968 pecuniarum
1358 3920 1435 3956 es-

332 4018 336 4021 .
359 3985 459 4041 set,
474 3979 736 4044 quasdam
758 3988 934 4031 mutuo
952 3988 1146 4031 sumtas
1165 3983 1218 4031 iu
1238 3982 1291 4032 id
1313 3997 1435 4032 cou-

361 4056 505 4118 tulit,
526 4062 582 4106 et
629 4056 694 4106 ad
733 4072 912 4107 eorum
935 4057 1434 4110 administrationem

362 4133 610 4198 duos·qui
655 4140 886 4198 praetura
906 4133 1076 4186 functi
1109 4143 1300 4200 essent,
1338 4138 1438 4187 siu-

360 4209 510 4274 ·gulis
534 4211 687 4261 annis
711 4211 836 4276 eligi
851 4213 1046 4277 jussit.'

373 4316 381 4327 ‹
432 4287 652 4340 Sueten.
686 4284 825 4355 Aug.
855 4293 957 4342 860«
977 4291 993 4319 ‘
1020 4282 1354 4355 Auctor-fuit,
1376 4297 1438 4343 ut

1533 747 1659 783 cura
1702 734 1874 785 aerarii
1912 751 1944 786 a
1987 735 2345 788 Quaestoribns
2385 733 2596 789 urbanis

1533 810 1600 859 ad
1640 814 1908 875 praetorios
1942 820 2263 878 praetoresve
2296 814 2541 880 transiret
2565 817 2600 864 τ’

1531 885 1596 936 et'
1617 888 1828 937 Tacitus
1850 889 1950 938 hic.
2021 890 2149 939 Ideo
2171 890 2224 939 in
2248 890 2594 941 monumentis

1534 964 1587 1013 id
1620 967 1736 1027 aevi,
1772 966 2121 1033 historiisque,
2152 973 2407 1032 praetores
2428 966 2598 1018 aeraril

1531 1041 1774 1106 inscripti
1798 1043 2006 1109 passim.

1598 1120 1798 1168 Mansit
1835 1120 1902 1170 ad
1941 1120 2232 1183 Claudium,
2267 1121 2283 1149 ‘
2308 1119 2433 1186 qui,'
2457 1125 2598 1171 teste

1528 1196 1796 1259 Suetonio,
1832 1202 1917 1247 24.
1950 1199 1967 1227 ‘
1987 1211 2163 1248 curam
2193 1197 2363 1247 aerarii
2387 1198 2597 1247 Saturni

1530 1273 1890 1324 Quaestoribus
1934 1275 2186 1340 reddidit,
2230 1288 2383 1339 quam
2421 1274 2598 1325 medio

1529 1358 1763 1416 tempore
1786 1359 2041 1416 praetores
2061 1359 2151 1401 aut
2174 1353 2350 1415 utique
2363 1357 2595 1415 praetura

1524 1426 1696 1478 functi
1736 1428 2121 1479 sustinuerant.'
2187 1429 2273 1477 Ita
2312 1435 2505 1491 tamen,
2533 1433 2596 1478 ut

1525 1504 1628 1555 illis
1648 1507 1865 1556 honores
1888 1512 2039 1555 extra
2055 1505 2290 1555 ordinem
2318 1505 2596 1567 promitte-

1525 1589 1628 1645 ret,
1654 1583 1825 1648 iuquit
1852 1584 2080 1646 Tacitus,
2107 1581 2123 1609 ‘
2148 1596 2214 1631 ue
2249 1588 2392 1631 metu
2429 1579 2591 1632 offen-

1527 1659 1726 1710 sionum
1749 1662 1968 1725 segnius,
1983 1658 2351 1712 consulerent.'

1592 1739 1759 1791 Quem
1805 1739 1878 1788 sic
1918 1737 2148 1803 explicat
2186 1737 2295 1787 Dio
2327 1736 2381 1786 iu
2406 1736 2592 1788 Claud.

1523 1812 1540 1839 ‘
1565 1815 1697 1864 Cum
1749 1821 2003 1879 praetores
2066 1813 2234 1863 aerarii
2283 1812 2599 1875 abdicasset,

1524 1891 1882 1942 Quaestoribus
1922 1906 2119 1941 rursum
2143 1906 2238 1956 pro
2261 1891 2428 1942 veteri
2450 1903 2597 1942 more

1524 1983 1702 2018 curam
1725 1969 1895 2019 aerarii
1919 1968 2174 2033 permisit,
2194 1983 2297 2019 non
2322 1970 2394 2019 ita
2419 1976 2594 2019 tamen

1526 2052 1585 2094 ut
1610 2061 1834 2096 annuum
1854 2061 2031 2097 eorum
2047 2061 2231 2096 munus
2251 2053 2409 2110 esset,
2430 2045 2594 2112 (quod

1526 2131 1683 2174 antea
1727 2133 1783 2175 et
1827 2126 1881 2175 iu
1918 2126 2044 2190 ipsis
2088 2133 2145 2176 et
2181 2125 2234 2174 in
2281 2124 2595 2190 praetoribus

1525 2210 1829 2266 usurpatum
1855 2201 2010 2267 erat,)
2041 2202 2131 2252 sed
2174 2202 2277 2252 duo
2316 2197 2474 2252 iidem
2498 2214 2595 2266 per

1519 2284 1629 2328 tres
1654 2294 1814 2330 annos
1837 2281 2108 2331 continuos
2140 2295 2251 2330 eam
2288 2295 2461 2330 curam
2487 2293 2596 2329 sus·

1518 2356 1788 2419 tinebaut3
1842 2357 2009 2421 iisque
2057 2358 2277 2421 exactis,
2333 2364 2589 2421 praeturas

1430 2457 1436 2463 ·
1518 2435 1606 2484 alii
1643 2437 1823 2486 statim
1858 2434 2296 2500 adipiscebantur,
2338 2434 2425 2485 alii
2465 2448 2595 2485 vero

1520 2513 1788 2576 praemium
1814 2527 1903 2562 seu
1926 2512 2221 2561 mercedem
2241 2511 2593 2575 accipiebant,

1521 2597 1678 2655 prout
1698 2604 1808 2639 rem
1832 2589 2216 2638 administrasse
2234 2585 2592 2638 videbantur!

1585 2668 1691 2718 Sed
1734 2669 1833 2718 hoc
1891 2668 2061 2732 ipsum
2102 2666 2378 2715 immutans
2424 2663 2594 2727 Nero,

1521 2760 1697 2796 rursus
1742 2744 1916 2808 rediit,
1949 2759 2049 2794 uon
2084 2744 2148 2793 ad
2177 2747 2427 2808 prator-es,
2462 2741 2592 2807 (uon

1520 2824 1660 2874 enim
1693 2824 1770 2873 ita
1791 2821 2085 2887 appellati‚)
2121 2821 2214 2872 sed
2236 2821 2303 2871 ad
2323 2818 2595 2885 praefectos,

1520 2917 1649 2967 quos
1670 2916 1701 2951 e
1736 2900 1997 2965 praetoriis
2021 2900 2196 2964 elegit.
2263 2899 2421 2950 Clare
2442 2897 2592 2949 Tacia

1522 2984 1639 3028 tus:
1690 2983 1904 3041 praetara
1931 2976 2207 3041 perfunctos
2239 2973 2453 3040 delegit,
2485 2989 2592 3025 non

1515 3060 1764 3119 pretores.
2053 3112 2060 3117 ,
2117 3068 2122 3077 *
2306 3078 2311 3083 ·
2494 3091 2501 3095 -
2579 3058 2588 3073 ⁴

1544 3163 1548 3169 ‚
1586 3132 1694 3182 Per
1707 3132 1847 3182 bella
1867 3139 2043 3182 tamen
2061 3130 2251 3192 civilia,
2275 3137 2331 3181 et
2349 3129 2590 3195 principe

1518 3209 1659 3258 nullo
1678 3210 1873 3273 Romae,
1894 3210 2082 3259 iterum
2100 3214 2328 3272 praetores
2349 3206 2590 3272 praefecti

1518 3285 1784 3349 videntur,
1812 3292 1869 3337 et
1906 3287 2077 3336 innuit
2098 3285 2152 3335 id
2191 3286 2402 3335 Tacitus
2443 3282 2591 3336 nist.

1517 3361 1609 3411 lib.
1633 3375 1713 3411 xv.
1758 3362 1774 3390 ‘
1799 3362 2063 3412 Praetores
2087 3362 2258 3411 aerarii
2293 3360 2437 3428 (uam
2461 3366 2589 3411 tunc

1518 3455 1553 3489 a
1591 3440 1906 3505 praetoribus
1950 3439 2279 3491 tractabatur
2321 3438 2591 3504 aerarium)

1518 3517 1781 3580 publicam
1822 3523 2188 3581 paupertatem
2232 3514 2440 3581 questi,'
2484 3518 2596 3566 &c-

1523 3596 1692 3646 lusita
1713 3596 1906 3660 quippe
1925 3595 2213 3646 admonitio
2250 3594 2480 3645 ostendit
2497 3595 2592 3645 ali-

1523 3672 1779 3723 adfuisse
1799 3673 1988 3736 Taciti,
2009 3673 2060 3721 id
2080 3680 2177 3737 est,
2193 3672 2410 3737 Trajaui
2433 3686 2567 3723 aevo.

1582 3750 1781 3800 Gellius
1796 3750 1832 3799 l.
1850 3762 1981 3800 xm.
1997 3748 2309 3813 praefectum
2323 3749 2554 3798 nominat
2569 3763 2587 3798 ε

1515 3827 1531 3857 ⁴
1557 3828 1713 3880 Quod
1737 3841 1832 3890 per
1873 3827 2203 3878 Quaestorem
2236 3824 2360 3874 dixi'
2385 3824 2585 3889 inquit,

1513 3904 1774 3968 ‘intelligi
1794 3918 1932 3953 nunc
1954 3910 2168 3968 oportet
2189 3901 2340 3967 praef.
2364 3901 2549 3951 aerario
2567 3918 2586 3952 τ

1512 3992 1780 4037 namjcura
1787 3980 1958 4033 aerarii
1974 3994 2003 4029 a
2013 3977 2355 4045 quaestoribus
2368 3975 2435 4026 ad
2449 3989 2584 4040 prai-

1513 4059 1686 4111 fectos
1711 4060 1965 4110 translata
1981 4057 2098 4109 est!
2570 4062 2581 4077 ⁸

1584 4141 1787 4190 Censeo
1830 4144 2005 4187 autem
2040 4150 2128 4185 eos
2168 4133 2374 4185 biennio
2396 4131 2587 4198 praefu-

1515 4218 1621 4268 isse
1655 4230 1723 4266 ex
1741 4217 1844 4266 hac
1861 4214 2126 4265 sanctione
2147 4212 2403 4264 Neronis:
2438 4216 2582 4261 certe

1516 4294 1729 4362 quidem
1749 4293 1826 4346 sic
1842 4291 2064 4346 obtinuit
2075 4290 2172 4343 sub
2189 4289 2427 4355 Trajano.
2444 4287 2583 4338 Ptin.
