3063 4952
1243 487 1312 535 (3.
1331 499 1338 504 ·
1359 483 1558 534 comt
1568 483 1737 533 131011-
1771 475 2027 533 ’tactu

511 615 648 706 'tur
669 635 736 704 :⁹⁸
777 633 958 720 quod
996 631 1058 698 i's
1102 631 1285 716 lapis
1327 630 1643 716 ignibus¹¹
1672 610 2188 714 impervifisoet.

2404 463 2527 555 ’[Ᾰ.
2549 479 2617 542 ΰ.
2642 454 2755 541 ιιι.

2279 632 2304 663 ‘
2332 627 2494 694 Jain
2526 621 2756 714 aqua]

538 741 951 826 privatorum
1005 733 1291 801 licentia*
1341 730 1775 817 intercepta,³'-
1812 740 2002 817 quo¹²
2055 722 2314 816 largior
2332 738 2408 797 et
2434 732 2755 817 -pluribus

528 914 744 980 flamus
759 876 1030 963 inviolatus.
1096 908 1273 960 Etiam
1314 924 1467 976 aqua,
1499 924 1654 978 quam
1677 909 1871 975 privati
1893 924 1989 976 per
2008 909 2276 961 licentiam
2300 899 2637 975 usurparant,
2656 923 2756 976 quo

1469 1025 1826 1046 OOOOmOOOOO

543 1114 670 1160 -n
706 1109 794 1158 Sic
816 1107 944 1158 Μιι.
967 1108 1108 1158 Flor.
1133 1108 1266 1172 Reg.

1285 1105 1464 1158 Guelf.
1488 1107 1642 1158 Bodl.
1664 1108 1775 1160 Jes.

1814 1107 2069 1158 editiones
2095 1113 2304 1158 veteres
2332 1114 2390 1158 et
2411 1085 2754 1158 recentium.

539 1175 846 1234 Rhenanus,
866 1172 990 1233 igni.
991 1176 1122 1222 -12
1156 1172 1385 1224 Freinsh.
1430 1188 1516 1237 qao
1540 1172 1813 1222 delendum
1840 1179 2011 1238 putat,
2033 1173 2316 1237 planiorem
2335 1172 2413 1223 sie
2436 1174 2614 1223 locum
2644 1165 2754 1223 foti

541 1247 703 1290 ratus.
738 1236 953 1288 Oberlia.

540 1466 660 1517 oleo
701 1464 862 1515 etiam
913 1463 1088 1514 lucere
1146 1462 1332 1514 fertur.
1415 1465 1510 1513 Est
1549 1470 1608 1515 et

542 1543 752 1609 quidam
787 1543 964 1593 viridis
985 1543 1116 1612 lapis
1140 1542 1510 1593 vehementer
1496 1543 1605 1607 igni

538 1619 823 1669 resistens!
900 1620 1005 1669 Sed
1059 1619 1281 1684 corrigo,
1323 1619 1538 1670 Gabinus
1574 1635 1605 1670 e

537 1697 815 1746 Strabone.
847 1696 1043 1747 ‘Gabii
1085 1697 1138 1746 in
1176 1697 1260 1745 via
1281 1697 1608 1747 Praenestina

539 1771 688 1832 urbs,
719 1772 956 1822 latomias
976 1774 1136 1824 habet
1157 1772 1339 1838 quibus
1361 1789 1462 1822 uon
1486 1774 1603 1824 aliae

542 1851 833 1902 utibiliores
852 1852 1129 1903 Romanis!
1183 1855 1269 1902 De
1315 1853 1391 1902 his
1431 1854 1604 1903 simili·

536 1927 742 1992 busque
763 1927 1022 1991 lapidibus
1044 1928 1308 1992 imperviia
1335 1929 1474 1994 igni,
1485 1929 1605 1979 vide

539 2004 840 2054 Vitruvium
860 2004 950 2054 lib.
969 2018 1032 2056 11.
1052 2009 1102 2055 7.
1134 2005 1342 2069 Lipsius.

607 2081 894 2132 Confundit
922 2098 1037 2133 cum
1055 2099 1181 2133 saxo
1202 2099 1232 2132 e.
1254 2083 1477 2134 latomiis
1496 2084 1603 2135 Ga-

541 2158 674 2208 binis
692 2158 920 2223 lapidem
953 2159 1218 2223 Sabinum,
1251 2165 1308 2210 et
1329 2174 1604 2225 perperam

531 2237 678 2300 apud
700 2236 961 2288 Isidorum
992 2239 1130 2287 hune
1160 2238 1213 2287 in
1231 2237 1360 2287 illud
1379 2253 1603 2288 commu·

539 2319 641 2362 tat.
710 2311 864 2377 Lapis
893 2312 1114 2364 Sabinus
1133 2328 1162 2363 e
1185 2313 1384 2364 silicum
1410 2327 1603 2377 genere

539 2386 660 2452 fuit,
694 2397 748 2439 et
771 2395 1055 2454 propterea
1077 2404 1178 2440 non
1202 2391 1279 2440 sic
1303 2397 1454 2454 aptus
1478 2390 1603 2440 aedi-

538 2465 687 2518 ficiis.
755 2467 908 2519 Clare
954 2466 1153 2518 Plinius
1209 2482 1407 2519 xxxvi.
1453 2472 1531 2521 18.
1573 2483 1604 2518 e

532 2538 641 2612 squo
699 2545 1026 2609 transcripsit
1076 2544 1339 2595 Isidorus:
1387 2544 1410 2597 Ξ
1433 2546 1605 2595 Varro

536 2620 698 2671 tradit
716 2620 963 2670 Sabinum
974 2621 1169 2671 silicem
1186 2620 1408 2682 fuscum,
1423 2621 1605 2670 addito

536 2699 653 2747 oleo
675 2698 831 2747 etiarn
854 2697 1066 2747 lucere!
1113 2696 1302 2746 Altera
1324 2696 1601 2749 verborum

535 2772 725 2823 Isidori
749 2788 870 2838 pars
892 2774 958 2823 de
979 2773 1152 2837 lapide
1191 2772 1344 2822 viridi
1364 2772 1547 2823 itidem
1569 2788 1599 2823 e

536 2848 712 2900 Plinio
733 2856 834 2910 est,
849 2850 884 2902 l.
907 2850 960 2899 d.
982 2865 1029 2900 c.
1052 2854 1133 2900 22.
1172 2849 1434 2898 Reinesitoe.

603 2926 814 2992 Gabino]
846 2927 1022 2990 Gabii,
1044 2927 1166 2976 urbs
1190 2927 1487 2976 Latinorum
1505 2941 1599 2991 po·

536 3002 774 3066 pulcrum
794 3018 808 3051 ι
834 3003 985 3052 hodie
999 3004 1226 3052 l’Osten'a
1238 3005 1314 3052 del
1329 3002 1599 3065 Finocchio,

532 3076 815 3142 hospitium
833 3079 1130 3143 Campaniae
1157 3080 1599 3130 Romauae·versus

533 3163 716 3204 amnes
767 3156 996 3206 Teverone
1062 3163 1115 3206 et
1167 3158 1284 3219 Osa,
1335 3150 1417 3205 iu'
1443 3157 1597 3206 Statu

536 3230 907 3283 Ecclesiastico
930 3250 942 3282 ε
968 3247 1032 3283 ex
1057 3232 1317 3291 Cluveriu.
1353 3231 1597 3284 Tillemon.

599 3315 626 3351 Ι
658 3308 1009 3375 Solidarentur]
1038 3311 1288 3372 Vertunt,
1308 3311 1452 3379 quasi
1475 3325 1598 3361 con-

535 3386 804 3445 camerari,
843 3401 935 3435 sen
982 3386 1033 3434 in
1074 3385 1324 3437 fornicem
1353 3387 1597 3437 ‘testudi-

533 3472 757 3524 nemque
788 3461 985 3510 exstrui
1014 3461 1194 3512 domus
1231 3462 1486 3512 deberent
1515 3479 1597 3512 us·

534 3550 636 3600 que
658 3537 724 3586 ad
759 3538 890 3589 hanc
926 3546 1122 3588 certam
1147 3539 1505 3591 altitudinem:
1540 3540 1595 3593 id

532 3616 681 3662 certe
716 3613 792 3663 sie
812 3615 965 3678 longe
1000 3615 1161 3664 tutius
1183 3613 1325 3665 foret
1346 3614 1593 3666 adversus

533 3687 680 3752 ignes
703 3696 759 3738 et
774 3687 1032 3742 incendia.

596 3765 805 3831 Quippe
829 3765 964 3816 infra
992 3766 1251 3819 fornicem
1274 3768 1497 3834 pistores
1537 3774 1593 3820 et

531 3841 644 3891 coci
681 3857 777 3892 sua
796 3858 1045 3893 exercere
1082 3843 1252 3895 officia
1275 3851 1388 3895 tuto
1411 3853 1595 3910 potue-

532 3923 690 3980 ruut3
735 3926 792 3968 et
811 3920 1025 3970 Tacitus
1064 3920 1192 3970 dicit
1213 3920 1329 3969 *sine
1362 3921 1593 3985 trabibus,

531 3991 609 4042 ita
630 4001 689 4047 ιιι
706 3995 872 4046 ιιιιΙΙιιι
891 3997 1016 4061 ligni
1040 3997 1387 4047 usus-essetin
1405 3998 1498 4048 illa¹
1514 3998 1591 4048 in·

531 4065 707 4118 feriori
731 4078 881 4134 parte
905 4072 1186 4121 domorum.

596 4143 845 4195 Attamen
884 4146 1021 4198 forte
1043 4153 1325 4212 potuerunt
1342 4148 1471 4212 erigi
1493 4144 1591 4198 'do-

530 4232 664 4284 mus,
699 4222 1009 4289 solidarique
1046 4240 1193 4275 muro
1224 4239 1401 4286 saxeo,
1425 4234 1588 4291 usque

533 4294 601 4343 ad
623 4296 817 4363 certam
835 4301 912 4349 sui
933 4307 1154 4364 partem.
1217 4302 1426 4351 Deinde
1448 4310 1589 4352 cete-

534 4382 594 4419 ra
614 4382 645 4420 e
675 4369 817 4435 liguo
850 4373 1037 4425 confici
1056 4375 1164 4426 siue
1192 4377 1299 4426 ulla
1314 4374 1513 4428 fornice
1530 4378 1588 4428 in

2662 1257 2745 1296 ...3

1529 1342 1750 1399 NOTAE

1687 1464 1790 1514 ima
1813 1468 1999 1528 parte3
2017 1462 2109 1514 sed
2128 1433 2254 1514 nihil
2277 1459 2492 1515 affirmb.
2614 1495 2623 1502 ·
2694 1495 2697 1498 >

1750 1540 2104 1604 solidarentur]
2136 1542 2381 1603 vertunt,
2410 1539 2560 1606 quasi
2595 1505 2751 1590 forni-

1685 1631 1771 1667 ces
1778 1613 1984 1681 lapidei
2007 1624 2336 1668 struerentur
2359 1633 2528 1683 usque
2549 1617 2617 1667 ad
2643 1632 2753 1668 eer-

1688 1699 1792 1742 tam
1834 1693 2178 1754 altitudinem,
2214 1694 2302 1760 qui
2349 1699 2533 1744 cetera
2571 1694 2751 1745 domus

1682 1770 2016 1837 sustinerent,
2058 1770 2443 1902 firmarentque
2508 1772 2755 1840 adversus

1683 1849 1873 1914 ignem.
2412 1893 2417 1904 .
2558 1885 2623 1916 3
2662 1887 2731 1918 α

1749 1925 1851 1974 Sed
1875 1924 2015 1975 forte
2037 1924 2091 1975 id
2113 1940 2215 1976 non
2236 1885 2483 1990 colligas
2486 1941 2553 1976 ex
2576 1923 2752 1978 verbis

1682 2001 1877 2066 Taciti,
1897 2002 1985 2067 qui
2010 2008 2219 2052 tantum
2234 2002 2469 2054 inferiori
2504 2007 2646 2069 parti
2666 2004 2754 2055 do-

1684 2091 1796 2127 mus
1829 2079 2141 2129 soliditatem
2166 2080 2381 2130 astruit.
2417 2095 2520 2130 nec
2558 2082 2754 2132 omisis-

1681 2163 1764 2206 set
1786 2157 1853 2205 de
1876 2156 2071 2208 fornice
2093 2171 2186 2207 seu
2210 2157 2494 2223 testudine,
2515 2157 2753 2223 sijussia-

1681 2239 1764 2283 aet
1789 2234 1983 2284 Caesar.

1748 2309 1885 2359 Nam
1930 2311 2231 2361 universum
2260 2279 2494 2361 edictum
2510 2279 2752 2364 Neronis

1681 2387 1829 2436 nobis
1872 2386 1984 2437 fere
2020 2388 2088 2437 ad
2123 2388 2337 2437 verbum
2373 2389 2751 2452 expressit‘l'a·

1684 2465 1821 2514 citus
1862 2464 1959 2515 hoe
1996 2466 2134 2531 loco,
2166 2472 2221 2516 et
2258 2465 2491 2532 prolixe
2505 2471 2673 2530 certe,
2709 2464 2753 2516 si

1684 2548 1905 2606 spectes
1893 2544 2118 2609 genium
2141 2550 2197 2594 et
2220 2544 2531 2606 gravitatem
2538 2534 2743 2615 illius5·

1747 2616 1773 2650 ¹²
1804 2620 1922 2669 Jam
1963 2621 2111 2684 aqua]
2194 2622 2334 2670 Puto
2398 2619 2476 2669 sic
2526 2606 2751 2686 intelligi

1681 2710 1861 2758 posse:
1900 2696 2069 2760 Supra
2110 2697 2394 2759 destinabat,
2429 2711 2523 2746 seu
2556 2704 2751 2747 statne·

1680 2770 1790 2834 bat,
1811 2777 1953 2835 utque
1970 2787 2127 2835 nares,
2147 2776 2245 2823 stc.
2296 2773 2484 2837 EtJam
2505 2788 2612 2837 quo
2633 2788 2749 2836 aqua

1678 2848 1875 2911 largior,
1909 2850 1961 2898 in
1999 2849 2266 2912 publicum
2303 2847 2515 2949 flueret,
2543 2844 2750 2939 ιιιιιοᾱέι

1678 2925 1741 2988 εἰ,
1761 2925 1947 2990 supple
1973 2925 2256 2976 destinabat.

1742 3003 1814 3051 Et
1852 3017 1954 3066 quo
1972 3001 2201 3051 subsidia
2214 2964 2532 3066 reprimendis
2548 2948 2748 3065 ffl

1677 3077 1729 3126 in
1764 3079 2031 3142 propatulo
2051 3080 2246 3143 quisque
2286 3077 2497 3145 liaberet,
2527 3079 2619 3128 ille
2649 3081 2747 3128 des·

1676 3155 1882 3217 tinabat,
1937 3170 2027 3204 seu
2068 3155 2355 3216 statuebat,
2410 3170 2472 3204 ιιε
2527 3152 2747 3209 aedificia

1676 3232 1992 3282 conmunione
2015 3232 2271 3296 parietum,
2292 3233 2375 3280 sed
2392 3231 2607 3295 propriis
2626 3245 2744 3294 quae·

1674 3324 1766 3372 que
1802 3308 1954 3358 maris
1987 3308 2300 3358 ambirentur.
2368 3308 2449 3357 Ex
2475 3307 2745 3396 superiori·

1676 3385 1773 3434 bus
1790 3385 2081 3451 repetenda
2102 3385 2284 3449 verba,
2312 3399 2425 3448 quae
2449 3381 2743 3433 necessaria

1676 3469 1815 3524 sunt,
1851 3464 1918 3512 ad
1975 3461 2393 3539 connectendum
2440 3452 2740 3545 continuau-

1673 3539 1911 3605 dumque
1920 3554 2143 3591 sensum.
2342 3548 2345 3555 '
2442 3538 2519 3563 “’
2564 3548 2577 3565 '

1739 3615 1753 3649 ¹
1785 3618 2096 3667 Privatoram
2127 3598 2344 3679 lieentia]
2385 3612 2567 3666 Livius
2580 3594 2741 3666 xhi-

1676 3692 1693 3721 ‘
1717 3690 1919 3759 Aquam
1949 3694 2203 3758 publicam
2241 3707 2448 3742 omnem
2486 3693 2539 3740 in
2580 3692 2742 3757 priua·

1674 3774 1784 3818 tum
1811 3769 2104 3819 aedificium
2128 3780 2232 3843 ⁸aut
2270 3782 2451 3832 agrum
2495 3752 2742 3819 fluentem

1674 3846 1981 3911 ademerunt
2000 3846 2033 3896 :’
2074 3861 2279 3910 nempe,
2296 3846 2570 3897 Censores.
2623 3847 2682 3897 L.
2703 3858 2742 3895 1.

1671 3924 1771 3987 97.
1794 3925 1874 3973 Ἰ).
1914 3922 2155 3988 Ne·quid
2200 3923 2253 3971 iu
2288 3923 2369 3972 Fl.
2410 3924 2425 3951 ‘
2452 3922 2740 3989 Plerosque

1671 4000 1779 4049 scio
1797 4009 2006 4065 prorsus
2026 3998 2240 4049 flumina
2261 3997 2529 4059 avertisse,
2553 4000 2741 4049 alveos-

1674 4091 1773 4141 que
1812 4083 2058 4138 mutasse,
2099 4076 2219 4125 dum
2253 4072 2468 4139 praediis
2496 4075 2603 4123 suis
2625 4087 2739 4135 eon-

1672 4152 1883 4203 sulant!
1972 4152 2127 4202 Adde
2173 4148 2447 4199 Plinium
2470 4152 2627 4199 xxvi.
2660 4152 2737 4199 ta.

1662 4215 2361 4315 'Martial.1x.19.l.1r.D
2387 4224 2456 4323 de
2476 4224 2735 4305 extraord-

1669 4305 2022 4356 crim.Aure1.

1731 4381 2045 4432 Pn'vatorum
2061 4328 2309 4445 ncenffi]
2322 4360 2731 4448 Apufflffloe,
