3063 4952
292 564 549 628 minum
605 558 917 626 aemulum
969 575 1105 620 non
1163 555 1470 619 tolerans,
1565 551 1874 617 Ceterum
1928 572 2104 632 eum,
2160 556 2380 630 vetere
2423 547 2516 627 ex'

299 646 537 744 more,¹
585 665 905 727 familiam
955 666 1265 734 omnem‚³
1298 676 1450 740 quae
1498 657 1625 719 sub
1656 656 1889 719 eodem
1919 662 2093 719 tecto
2121 655 2519 733 mansitavef

298 750 433 848 rat,
465 767 551 832 ad
603 765 1014 850 supplicium
1064 763 1169 845 agi
1218 766 1566 844 oporteret,
1609 779 1934 823 concursu
1967 759 2208 842 plebis,
2241 778 2391 841 quae
2422 761 2520 831 tot

300 852 619 933 innoxios
665 866 1077 951 protegebat,
1111 882 1319 946 usque
1348 861 1431 925 ad
1464 862 1850 928 seditionem
1897 868 2165 924 ventum
2211 866 2349 923 est:
2397 858 2531 943 Se}

299 977 615 1054 natuque³
644 971 714 1032 in
742 969 923 1052 ipso*
950 973 1132 1030 erant
1160 965 1381 1029 studia
1405 964 1676 1028 nimiam
1712 965 2130 1031 severitatem
2161 980 2520 1047 aspernan-

302 1074 495 1151 tium,
523 1072 821 1155 pluribus
851 1069 1013 1132 nihil
1055 1066 1462 1132 mutandum⁵
1518 1069 1952 1132 censentibuS.
2045 1066 2156 1131 Ex
2199 1062 2380 1149 quis⁶
2430 1061 2514 1129 G.

307 1174 618 1251 CassiuS,
651 1173 991 1265 sententiae
1025 1171 1198 1245 loco,
1231 1170 1301 1232 in
1324 1170 1499 1234 hune
1529 1169 1800 1233 modum
1819 1160 2200 1243 disseruit(

396 1279 508 1342 43.
558 1282 578 1309 ‘
608 1275 1077 1360 Saepenumero
1111 1272 1194 1336 P.
1228 1270 1307 1335 C.
1338 1273 1407 1336 in
1441 1271 1566 1336 hoc
1612 1263 1834 1336 ordine
1863 1273 2149 1350 interfui,
2180 1292 2330 1336 cum
2361 1228 2524 1341 con-T
2608 1294 2616 1301 ·

306 1386 414 1447 tra
456 1380 755 1444 instituta
796 1382 863 1440 et
903 1376 1082 1459 leges
1123 1375 1450 1460 majorum
1483 1393 1660 1438 nova
1688 1373 1971 1439 Senatus
2002 1374 2267 1439 decreta
2293 1380 2523 1459 postg‘,¹
2614 1452 2618 1456 ,

292 413 347 476 s.
368 407 570 486 ems]
606 448 615 455 -
995 398 1407 462 summum
1457 408 1604 458 mn.
1651 407 1818 459 x1v.

305 1528 527 1590 Mettus,
549 1534 598 1578 et
619 1529 797 1578 domini
818 1528 985 1577 rivalis
1004 1527 1273 1590 impatiens.
1344 1529 1568 1577 Ceterum
1596 1542 1701 1576 eum
1732 1541 1793 1574 ex
1828 1526 1981 1590 prisco
2001 1525 2238 1586 instituto,
2259 1525 2322 1572 ad
2341 1527 2525 1587 poenan's

307 1595 442 1644 trahi
461 1599 694 1658 oporteret
716 1609 869 1642 omnes
889 1608 1058 1652 servos,
1079 1595 1158 1655 qui
1189 1593 1241 1641 in
1274 1595 1434 1641 eadem
1475 1596 1606 1641 domo
1642 1592 1990 1653 habitaverant,
2012 1591 2269 1655 confluente
2309 1590 2524 1639 multitu-

309 1660 439 1722 dine,
462 1672 567 1722 quae
587 1665 658 1707 tot
678 1660 881 1708 insontes
900 1658 1199 1718 defendebat,
1232 1672 1371 1721 usque
1392 1660 1454 1706 ad
1477 1658 1759 1706 discordiam
1781 1662 1996 1720 provecta
2017 1671 2091 1704 res
2112 1660 2182 1713 est
2199 1672 2214 1703 .·
2248 1659 2295 1704 et
2317 1655 2370 1702 in
2392 1651 2528 1702 curia

305 1725 431 1789 ipsa,
449 1729 585 1774 erant
618 1725 862 1773 sententioe
884 1724 1100 1773 Patrum
1123 1723 1317 1772 nimiam
1338 1723 1643 1773 acerbitatem
1665 1724 2069 1783 contemnentium,
2086 1720 2389 1784 pluribusque
2410 1718 2531 1768 nihil

309 1791 631 1851 derogandum
649 1788 971 1839 sentientibus.
1014 1788 1172 1836 «Inter
1189 1803 1301 1851 quos
1325 1790 1382 1837 C.
1410 1790 1607 1838 Cassius
1624 1803 1708 1851 pro
1728 1787 1963 1836 sententia
1983 1787 2056 1836 ita
2078 1801 2273 1835 exorsus
2294 1788 2382 1833 est.
2521 1796 2528 1805 ’

377 1855 531 1921 Saepe
545 1852 671 1904 affui
688 1854 828 1905 P.·C.
841 1854 895 1903 in
911 1855 1006 1903 hac
1021 1853 1181 1917 curia,
1199 1868 1316 1902 cum
1332 1868 1466 1904 nova
1485 1854 1723 1903 consulta
1743 1860 1951 1916 patrum
1962 1849 2325 1916 flagitarentur
2347 1848 2528 1899 adver-

1244 1986 1360 2005 OOOO
1368 1968 1602 2004 000000

315 2060 397 2116 bis
421 2034 664 2130 dicatur3
699 2067 790 2116 sed
813 2068 910 2117 hoc
933 2067 1105 2131 potins
1128 2067 1194 2118 de
1223 2067 1432 2130 infensiaes
1466 2068 1626 2117 valet.
1696 2067 2003 2116 Oberlim—-ct
2036 2066 2120 2116 Sic
2142 2066 2277 2117 bene
2303 2063 2364 2112 Li
2375 2062 2535 2128 psius.

314 2132 376 2181 ln
418 2133 548 2184 Mss.
593 2141 647 2182 et
689 2131 1000 2182 editionibus
1035 2133 1313 2197 veteribus,
1356 2137 1631 2196 senatusque
1666 2133 1716 2181 in
1753 2148 1842 2196 quo
1870 2133 1986 2196 ipse,
2015 2133 2099 2180 vel
2129 2131 2251 2194 ipsa,
2295 2130 2376 2179 vel
2414 2128 2533 2190 ipso.

315 2196 646 2248 Erotion—5
681 2198 988 2247 Multandum
1024 2198 1126 2248 Ms.
1160 2199 1296 2249 Flor.
1332 2209 1388 2247 et
1413 2200 1494 2246 ed.
1518 2210 1599 2261 pr.
1628 2197 1828 2248 vitiose.
1897 2199 2194 2246 Ernest.—-6
2231 2195 2379 2251 Qneis
2402 2193 2535 2242 Mss.

317 2329 573 2393 teolauus,
593 2327 775 2393 quibus.
840 2329 1072 2381 Brotier.

214 2267 218 2270 ’
316 2262 458 2312 Flor.
483 2263 637 2312 Corb.
661 2263 822 2313 editio
847 2263 1087 2328 princeps
1110 2268 1165 2314 et
1186 2263 1524 2314 recentiores.
1594 2262 1659 2312 In
1684 2263 1812 2313 Mss.
1839 2261 1989 2312 Harl.
2015 2260 2172 2312 Bodl.
2205 2260 2318 2313 Jes.
2352 2264 2407 2315 et
2431 2257 2538 2311 Pu·

1325 2444 1544 2498 NOTAE

318 2554 500 2601 vetare
539 2549 837 2602 Alexander
879 2552 1193 2618 Imperator.
1272 2552 1391 2604 Hoc

317 2627 541 2679 verbum
572 2629 815 2697 frequens
852 2639 935 2682 est
967 2633 1231 2683 Suetonio.
1296 2633 1393 2683 Lu-

314 2720 494 2769 panus.

385 2782 726 2835 Exuletorum
755 2792 965 2837 aetatem
999 2802 1163 2853 usque
1203 2788 1270 2838 ad
1309 2792 1392 2839 28.

321 2874 517 2910 annum
540 2864 914 2929 extendebant,
946 2874 1002 2918 et
1038 2866 1177 2918 forte
1213 2866 1396 2933 spado·

320 2948 451 2987 uum
471 2937 625 2987 ultra.

387 3020 423 3045 '¹
457 3012 700 3079 Iasensus]
732 3016 980 3082 Suspicor
1009 3019 1304 3085 legendum,
1322 3020 1396 3070 in·
1428 3021 1429 3024 ’

322 3104 507 3140 census.
576 3092 712 3142 Nam
753 3096 912 3144 verba
941 3111 1057 3160 quae
1094 3103 1400 3161 sequuntur,

324 3170 426 3222 ‘2et
450 3166 709 3217 dominum
734 3172 974 3220 aemulnm
999 3187 1100 3221 non
1138 3173 1400 3237 tolerans,'

324 3242 468 3294 idem
489 3243 797 3308 significant,
816 3248 952 3314 quod
971 3250 1398 3301 servum'domiuo

328 3319 594 3449 ἰῖξῖιαιειιω
617 3330 834 3389 propter
857 3326 1256 3377 aernulationem.
1311 3328 1400 3377 Pi-

326 3413 352 3447 ι·
479 3434 493 3449 .

396 3480 423 3507 ¹
444 3475 586 3537 Cum,
602 3478 759 3524 vetere
777 3490 839 3525 ex
861 3475 1014 3541 mbr-e]
1035 3477 1202 3541 Bene,
1220 3483 1400 3528 vetere

328 3564 401 3600 ex
421 3564 584 3602 more.
609 3581 625 3597 .
651 3552 789 3601 Nam
812 3553 965 3602 etiam
998 3554 1164 3615 libera
1188 3556 1323 3619 Rep.
1346 3554 1401 3604 id

329 3627 583 3690 obtinuit,
604 3643 669 3692 ex
702 3630 1164 3693 EpistolaServilii
1184 3632 1404 3696 Sulpicii

328 3703 397 3754 de
432 3705 582 3754 caede
618 3705 892 3756 Marcelli:
927 3709 944 3736 ⁴
970 3709 1084 3772 Ego
1125 3714 1299 3759 tamen
1335 3708 1402 3759 ad

330 3781 723 3832 tabernaculum
766 3783 880 3847 ejus
937 3786 1180 3848 perrexi:
1233 3786 1406 3835 inveni

330 3858 462 3911 dnos
486 3859 704 3909 libertos
729 3866 782 3911 et
807 3863 1055 3925 pauculos
1078 3878 1252 3913 servos
1277 3881 1290 3913 :
1316 3879 1408 3928 ¹re·

328 3935 502 4001 liquos
537 3935 750 3987 aiebant
779 3936 1071 4003 profugisse
1107 3946 1250 3989 metu
1288 3954 1410 4004 per·

329 4014 564 4076 territos,
603 4014 742 4079 quod
786 4014 1025 4065 dominus
1067 4030 1242 4065 eorum
1283 4024 1404 4067 ante

332 4090 723 4141 tabernaculum
745 4091 1056 4142 interfectus
1076 4093 1249 4144 esset.’

398 4168 562 4218 Hunc
584 4168 774 4232 priscoe
805 4169 1099 4220 severitatis
1130 4170 1286 4220 ritum
1318 4170 1405 4221 fir-

330 4244 497 4300 mavit
561 4251 747 4311 postea
795 4244 896 4296 SC.
942 4245 1260 4297 Silanianum
1294 4249 1402 4299 ,sub

331 4320 593 4389 Augusto,
609 4322 837 4392 itemque
859 4337 996 4377 nnnc
1015 4324 1398 4381 Neronianumz
1471 4334 1474 4343 '

1474 2552 1541 2602 de
1583 2552 1765 2618 quibus
1803 2550 2071 2616 Cujacium
2108 2548 2227 2599 vide
2262 2546 2542 2598 Observat.

1476 2643 1516 2681 1.
1541 2634 1620 2680 18.
1643 2636 1700 2679 et
1722 2643 1779 2680 x.
1802 2633 1883 2680 33.
2519 2633 2524 2638 ·

1541 2707 1717 2767 Addo,
1743 2721 1808 2756 ne
1843 2703 2079 2754 foeminas
2117 2701 2323 2769 quidem
2361 2700 2542 2750 immu-

1476 2799 1567 2834 nes
1584 2792 1938 2848 exceptusque
1960 2780 2144 2831 fnisse:
2181 2793 2355 2829 suasus
2377 2774 2545 2827 Taciti

1477 2860 1614 2926 infra
1658 2861 1851 2924 verbis,
1896 2874 2156 2921 numerum,
2201 2861 2410 2919 (etatem,
2460 2858 2546 2905 aut

1475 2955 1639 2989 sexum
1681 2938 2033 2988 miserantium.-
2091 2937 2217 2985 item
2273 2931 2547 2995 rescriptio

1476 3016 1737 3066 Hadriani
1760 3017 1793 3067 1.
1820 3030 1859 3067 1.
1885 3014 1950 3066 de
1972 3014 2073 3065 SC.
2097 3012 2375 3063 Silaniano.
2431 3008 2549 3075 Lip-

1475 3092 1590 3144 sius.
1921 3127 1924 3128 ν
2317 3108 2326 3115 ·
2533 3119 2538 3124 -

1544 3177 1566 3212 5
1600 3169 1858 3219 Familiam
1901 3164 2104 3229 omnem]
2161 3165 2355 3215 Paulus
2391 3164 2427 3213 l.
2460 3157 2556 3214 11'10·

1477 3246 1717 3297 Sentent.
1747 3247 1762 3273 ‘
1780 3245 2002 3295 Domino
2022 3242 2209 3305 occiso,
2228 3239 2292 3289 de
2317 3254 2381 3288 ea
2402 3236 2548 3287 fami·

1479 3322 1553 3372 lia
1591 3323 1812 3389 quaestio
1851 3320 2093 3370 habenda
2128 3326 2227 3378 est,
2254 3331 2373 3382 quae
2412 3315 2565 3364 intra.

1481 3404 1680 3448 tectum
1706 3396 1826 3460 fuit,
1861 3398 1946 3446 vel
1980 3400 2126 3445 certe
2164 3399 2318 3441 extra
2352 3395 2551 3440 tectum

1483 3490 1601 3525 cum
1625 3475 1855 3536 domino,
1875 3488 1938 3522 eo
1964 3478 2329 3534 tempore,quo
2353 3465 2554 3517 occide·

1484 3551 1674 3602 batur.’
1743 3551 1915 3600 Etiam
1935 3548 2107 3598 uxoris
2132 3545 2325 3596 familia
2348 3552 2555 3608 torque·

1486 3635 1571 3679 tur
1627 3642 1692 3678 ex
1741 3625 2189 3680 senatusconsulto
2240 3621 2557 3694 Neroniano,

1486 3706 1599 3756 viro
1624 3706 1819 3768 occiso,
1847 3710 1903 3753 et
1924 3703 2039 3752 vice
2062 3716 2229 3751 versa.
2531 3745 2543 3769 ,ς

1549 3789 1571 3814 ²
1603 3780 1893 3845 Senatuque]
1927 3779 2072 3829 Nihil
2113 3777 2184 3826 ibi
2223 3776 2556 3826 mutandum:

1488 3864 1546 3908 ut
1570 3858 1709 3922 apud
1733 3858 1933 3922 vulgus,
1957 3856 2030 3904 ita
2064 3859 2120 3903 et
2150 3851 2289 3916 apud
2320 3857 2557 3902 senatum

1486 3934 1696 3983 diversa
1720 3934 1909 3982 studia.
1976 3930 2084 3980 Alii
2120 3936 2323 3993 patrum
2346 3927 2557 3981 nimiam

1487 4010 1820 4061 severitatem
1839 4007 2272 4073 aspernabantur,
2291 4003 2464 4069 'plures
2483 4001 2561 4054 ni-

1484 4088 1554 4139 hil
1574 4087 1874 4137 mutandum
1893 4085 2175 4136 censebant
2196 4083 2262 4132 de
2285 4082 2459 4149 prisca
2480 4096 2570 4134 se·-

1486 4166 1729 4223 veritate,
1770 4163 1822 4211 in
1862 4162 2046 4229 quibus
2086 4160 2315 4225 Cassius,
2356 4157 2444 4228 qui
2478 4161 2558 4217 sle

1486 4241 1749 4309 disseruit,
1770 4242 1872 4292 &c-
2492 4233 2496 4236 “
