3063 4952
539 385 717 465 Μ
1254 403 1323 457 c.
1363 402 1733 453 corutum
1781 403 2040 454 Tffl'rl
2426 410 2527 479 [Α.
2546 412 2620 466 υ.
2640 417 2761 468 818.

539 553 951 626 annotarent,
1010 565 1177 614 xlv.
1236 547 1534 614 Kalend.
1605 547 1926 614 Sextiles⁸
1992 549 2398 636 principium
2460 553 2763 620 incendii

541 653 738 740 hujus
761 658 995 730 ortum,
1027 659 1197 737 quo4
1241 658 1311 717 et
1348 650 1647 715 Senones
1694 659 1966 735 captam
2009 654 2243 717 urbem
2301 655 2765 723 inflammave-

538 763 745 825 tants
763 754 793 793 ¹·
851 756 995 821 Alii
1023 776 1104 820 eo
1130 776 1342 840 usque
1373 774 1537 820 cura
1562 755 1901 840 progressi
1930 763 2106 835 sunt,
2136 770 2210 822 ut
2237 759 2519 824 totidem
2549 778 2765 828 amos

540 858 958 944 mensesquei
983 864 1053 923 et
1079 860 1222 925 dies
1250 862 1418 925 inter
1446 864 1729 944 utraque
1760 858 2102 925 incendia⁶
2129 868 2526 929 numerent.⁷

539 1021 672 1067 runt.
739 1017 842 1068 Nec
861 1015 1071 1077 defuere,
1092 1016 1173 1080 qui
1194 1015 1511 1078 observarent,
1534 1016 1879 1080 quuffodedmo
1900 1017 2149 1069 Kalendae
2178 1017 2388 1069 Sextiles
2406 1019 2610 1070 initium
2628 1019 2766 1082 ¹⁸¹6ss

539 1081 750 1132 incendii
768 1087 986 1159 creptum,
1006 1098 1094 1146 quo
1114 1088 1163 1132 et
1183 1083 1306 1132 olim
1326 1082 1469 1133 Gaui
1490 1081 1701 1133 Senam
1719 1087 1906 1146 captam
1926 1083 2169 1134 civitatem
2185 1084 2517 1136 henderent.
2546 1136 2551 1139 ,
2580 1087 2694 1137 Alii
2709 1102 2762 1136 eo

541 1161 683 1211 unque
702 1149 860 1196 studw
875 1148 1086 1211 provecti
1099 1150 1239 1210 ἐκιιέ,
1259 1153 1313 1198 at
1334 1147 1464 1198 inter
1483 1151 1600 1198 duos
1620 1149 1724 1198 illos
1745 1150 1881 1211 ignes
1912 1155 2206 1200 recenserent
2227 1151 2425 1201 totidem
2437 1166 2611 1216 annos,
2642 1152 2764 1203 toti·

544 1211 665 1262 dem
688 1227 865 1262 memes
885 1213 1093 1280 diesque.

1473 1334 1834 1354 OOCO‘OO‘O‘N

547 1480 552 1486 -
609 1448 643 1496 ⁴
694 1442 798 1496 Ma.
843 1444 1001 1497 corb.
1043 1459 1108 1495 ex

543 1525 606 1561 ac
643 1510 983 1573 Puteolanus,
1025 1515 1074 1560 et
1114 1515 1322 1575 «μω-5
1360 1511 1463 1561 Ms.
1507 1510 1640 1575 Reg.
1677 1518 1734 1559 et
1778 1510 1941 1560 editio
1981 1510 2246 1574 princeps,
2273 1511 2761 1574 infimum.—

541 1579 576 1625 6
608 1574 694 1626 Ita
715 1575 833 1626 libri
873 1590 1050 1627 omnes
1090 1576 1275 1640 scripti
1309 1583 1364 1626 et
1400 1575 1555 1639 editi,
1576 1582 1789 1639 ‘praeter
1830 1590 1986 1625 unum
2025 1575 2260 1626 codicem
2298 1577 2400 1627 Ms.
2425 1576 2559 1640 Agr.
2581 1579 2639 1626 in
2661 1591 2761 1642 qno

538 1641 740 1692 totidem
756 1657 903 1695 annos
918 1656 1094 1692 menses
1114 1642 1300 1705 diesque
1313 1641 1439 1691 inter
1460 1642 1698 1690 conditum
1717 1646 1765 1691 et
1786 1646 1982 1704 atraque
2002 1641 2238 1691 incendia.
2293 1639 2387 1704 At,
2408 1648 2468 1691 ut
2490 1656 2638 1705 saepe
2650 1644 2762 1708 jam

542 1706 737 1768 monui,
771 1708 938 1758 codex
959 1707 1048 1756 ille
1064 1722 1169 1756 non
1191 1712 1393 1757 tautum
1417 1713 1649 1756 veterem
1673 1707 2006 1770 scripturam,
2042 1706 2136 1756 sed
2169 1707 2365 1756 eruditi
2405 1707 2630 1770 alic-jus
2670 1707 2765 1757 viri

535 1771 951 1836 conjectationes
968 1772 1223 1835 continet,
1239 1786 1354 1837 quae
1374 1786 1541 1837 neque
1557 1772 1641 1822 hic
1660 1770 2019 1832 difficultates,
2039 1770 2223 1837 quibus
2243 1773 2565 1836 interpretes
2584 1786 2763 1822 omnes

533 1836 870 1902 intricantur,
888 1838 1184 1902 explicent..
1216 1837 1475 1901 Josephus
1505 1837 1764 1902 Scaliger,
1801 1839 1860 1887 de
1883 1837 2230 1887 Emendatione
2271 1838 2571 1901 Tempmm,
2592 1837 2686 1886 lib.
2709 1851 2765 1889 v.

541 1917 598 1966 p.
619 1907 733 1953 472.
758 1904 1018 1963 emendat,
1035 1909 1089 1953 nt
1108 1909 1180 1953 tot
1198 1917 1345 1953 aanor
1363 1918 1629 1968 mosque
1649 1909 1697 1952 et
1712 1904 1816 1953 dies
1833 1904 1965 1953 §viter
1981 1907 2183 1967 «tr-uque
2203 1903 2422 1953 incendia
2442 1908 2768 1954 numerent.

541 1967 725 2030 Quasi,
762 1968 949 2033 inquit,
968 1969 1068 2034 ipsi
1105 1968 1183 2019 ita
1213 1968 1390 2033 digitis
1427 1969 1683 2018 rationem
1723 1975 2017 2033 temporum
2056 1975 2307 2033 putarent
2328 1985 2341 2017 ε
2376 1975 2461 2018 tot
2498 1968 2643 2030 anni,
2682 1974 2768 2019 tot

537 2046 759 2098 menses,
777 2040 858 2083 tot
879 2034 1012 2097 dies,
1029 2040 1149 2085 sunt
1167 2050 1196 2084 a
1214 2041 1369 2098 capta
1385 2034 1548 2091 Urbe.
1619 2034 1850 2085 Inonem*
1871 2049 1984 2084 esse
2008 2035 2141 2083 lianc
2167 2033 2449 2084 doctissimi
2472 2034 2571 2083 viri
2589 2047 2765 2084 emen-

535 2096 801 2148 dationem
824 2100 1011 2150 merito
1035 2095 1338 2164 pronuntiat
1357 2100 1565 2149 Samuel
1583 2099 1812 2163 Petitus,
1837 2099 2248 2161 Observationum,
2273 2112 2340 2149 11.
2362 2102 2442 2150 13.
2508 2097 2617 2149 Sed
2643 2099 2759 2164 ipse

531 2169 892 2239 portentosam
924 2163 1094 2227 affert,
1122 2180 1239 2216 cum
1272 2165 1525 2228 corrigit:
1562 2164 1667 2215 Alii
1705 2178 1757 2214 eo
1791 2181 1935 2228 usque
1955 2180 2071 2215 cura
2101 2166 2344 2228 progressi
2372 2168 2503 2226 sunt,
2525 2170 2582 2214 ut
2609 2163 2763 2213 ΤΙιοιΙι

529 2227 681 2278 tidem
700 2245 844 2280 annos
863 2245 1127 2295 memesque
1142 2236 1192 2281 et
1210 2231 1312 2280 dies
1329 2236 1650 2281 amarent.
1715 2232 1868 2283 Quod
1886 2231 1961 2281 ita
1979 2230 2222 2295 exponit:
2259 2229 2527 2280 Observat
2539 2228 2759 2280 >Tacitum

535 2296 807 2345 nonnullos
829 2297 1054 2346 curiosos
1074 2297 1209 2346 adeo
1231 2294 1409 2358 fnisse,
1446 2303 1509 2347 nt
1536 2303 1868 2346 numerarent
1890 2296 1990 2359 ipsi
2013 2304 2139 2361 quot
2163 2296 2284 2344 anui
2306 2295 2476 2346 Thoth
2512 2295 2759 2359 alicujus,

539 2365 603 2409 nt
624 2366 752 2424 puta
777 2361 1104 2412 Nabonazari
1126 2361 1271 2427 (nam
1308 2363 1462 2426 longe
1503 2368 1628 2412 ante
1650 2361 1825 2412 Thoth
1865 2361 2098 2426 Philippi
2136 2360 2307 2415 Roma
2331 2376 2361 2410 a
2380 2360 2673 2411 Senonibus
2692 2360 2764 2409 in-

539 2438 697 2475 censa
712 2424 837 2491 fuit)
858 2442 1058 2479 menses
1081 2428 1208 2478 item
1232 2434 1286 2478 et
1308 2428 1424 2478 dies
1446 2429 1586 2479 inter
1605 2434 1824 2494 utraque
1847 2427 2095 2478 incendia
2126 2425 2566 2478 intercessissent.
2616 2423 2764 2475 Diffi-

541 2492 796 2542 cultatem
819 2493 955 2543 hand
979 2493 1183 2558 minuit,
1206 2500 1359 2557 auget
1395 2494 1587 2571 potius,
1618 2494 1786 2543 codex
1808 2494 1912 2544 ΜΒ.
1938 2492 2068 2558 Agr.
2135 2494 2272 2543 Nam
2295 2508 2412 2542 cum
2449 2492 2590 2541 inter
2628 2498 2764 2541 ntra-

537 2570 643 2669 ‹bue
682 2557 922 2608 incendia
960 2557 1260 2609 effluxerint
1296 2573 1416 2608 anni
1452 2563 1568 2610 458.
1603 2559 1646 2607 si
1686 2560 1775 2608 hos
1815 2574 1974 2608 annos
2009 2558 2375 2624 duplicaveris,
2397 2557 2480 2606 hic
2514 2571 2680 2606 annus
2702 2555 2764 2604 ab

594 2655 606 2669 .
645 2621 705 2670 C.
729 2626 846 2674 906.
867 2624 969 2675 erit
992 2617 1356 2687 numerandus,
1377 2624 1465 2690 qui
1492 2631 1687 2686 tamen,
1724 2631 1784 2674 ut
1820 2625 2124 2675 certissimis
2156 2623 2504 2672 monumentis
2544 2627 2767 2683 constat,

535 2682 644 2735 fnit
666 2693 869 2738 tantum
890 2703 1055 2756 annus
1080 2694 1196 2739 817.
1265 2690 1453 2754 Itaque
1476 2705 1595 2739 cum
1618 2689 1842 2753 opiniosi
1881 2689 2114 2739 homines
2142 2704 2243 2738 non
2266 2694 2371 2737 tam
2405 2687 2611 2736 obviam
2634 2686 2761 2735 veri-

535 2756 726 2816 tatem,
742 2769 897 2818 quam
919 2755 1182 2806 abstrusas
1204 2755 1548 2820 antiquitates
1571 2762 1863 2819 sectentur,
1896 2755 2126 2807 arbitror
2147 2755 2342 2806 otiosos
2362 2753 2479 2803 illos
2504 2754 2762 2819 munaum

1144 1460 1248 1509 quo.
1314 1443 1491 1495 Editio
1534 1444 1798 1510 princeps,
1842 1460 1869 1494 e
1921 1460 2027 1509 quo.
2084 1445 2214 1496 Mss.
2255 1443 2407 1494 Harl.
2451 1445 2610 1496 Bodl.
2656 1446 2762 1499 Jcs.

1539 2861 1760 2938 No'rAE

535 3006 874 3051 monumenta
906 3000 1122 3066 ingenii,
1143 3002 1315 3053 studia
1344 3007 1400 3053 et
1434 3017 1612 3071 manu·
1693 3001 1928 3052 evenisse
1951 3015 2053 3052 non
2080 2975 2201 3052 arv.
2221 3000 2312 3052 sed
2335 3014 2455 3050 xvr.
2481 3000 2605 3056 Kal.
2642 3001 2765 3051 Sex-

541 3077 739 3141 scripta
760 3077 1037 3143 intelligas,
1056 3096 1170 3146 quae
1196 3082 1538 3146 autographa,
1557 3084 1614 3130 et
1695 3079 1804 3128 tilis
1827 3077 2079 3129 tradunt!

535 3152 675 3204 forte
692 3170 847 3205 manu
862 3157 1086 3221 ipsorum
1106 3164 1372 3209 auctorum
1395 3159 1612 3224 scripta,

535 3244 799 3297 nunquam
826 3235 1053 3298 reparari
1077 3242 1380 3299 potuerunt.

604 3315 631 3350 Β
663 3322 780 3358 XIV.
799 3311 1007 3359 Kalend.
1027 3310 1256 3377 Sextiles]
1289 3312 1427 3361 Satis
1448 3310 1610 3362 mirus

534 3383 624 3434 ine
665 3385 865 3436 dierum
902 3402 1182 3437 concursus
1222 3393 1278 3437 et
1299 3389 1613 3438 convenien-

538 3461 629 3523 tia,
653 3469 710 3513 et
732 3463 797 3513 ab
819 3463 1016 3513 arcanis
1056 3464 1403 3527 providentiae
1425 3464 1613 3515 causiS.

527 3537 684 3588 Sicut
723 3547 780 3590 et
811 3540 865 3589 in
906 3542 1102 3606 templo
1134 3541 1613 3606 Hierosolymitano

536 3615 793 3682 Joseplms
829 3623 981 3669 notat
1017 3620 1051 3668 l.
1078 3633 1179 3670 vn.
1216 3620 1445 3670 excidii:
1472 3624 1486 3649 ‘
1515 3621 1616 3670 Eo-

535 3690 659 3741 dem
681 3707 858 3743 mense
896 3699 952 3744 et
991 3696 1077 3745 die
1106 3711 1138 3744 a
1174 3696 1295 3745 Tito
1317 3696 1607 3759 incensum,

535 3782 641 3834 quo
665 3771 786 3821 olim
804 3787 839 3822 a
860 3773 1147 3838 Babylonio
1172 3788 1296 3838 rege
1318 3773 1539 3825 fuisset.²

600 3846 730 3897 Quis
750 3856 924 3898 autem
942 3850 1152 3914 proprie
1174 3850 1263 3899 ille
1286 3850 1402 3901 dies
1421 3852 1608 3901 Roma·

535 3922 589 3973 ni
610 3921 871 3974 incendii?
906 3931 1119 3975 notatur
1138 3942 1169 3975 a
1189 3927 1399 3978 Tacito.
1458 3927 1610 3977 Deci-

532 4008 854 4065 monarcus
874 4004 993 4053 Kal.
1028 4002 1313 4056 Sextilium.-
1360 4003 1454 4055 sed
1487 4019 1609 4055 cum

427 4100 441 4114 ·
533 4077 806 4129 manifesto
828 4094 1028 4144 errore,
1064 4083 1147 4133 vel
1183 4083 1404 4148 librarii,
1425 4084 1507 4134 vel
1529 4084 1608 4149 ip-

533 4154 641 4203 sius
663 4155 852 4218 potius,
871 4162 931 4205 ut
952 4158 1064 4207 vult
1084 4158 1166 4207 vir
1188 4159 1522 4208 doctissimus
1555 4160 1609 4208 in

534 4237 825 4304 temporum
859 4234 1256 4294 emendatione:
1305 4239 1321 4266 ‘
1340 4237 1477 4287 Nam
1502 4252 1610 4296 om·

533 4309 625 4359 nes
643 4307 1099 4377 veteresss‘inquit,
1120 4313 1135 4340 ‘
1161 4307 1461 4365 incendium
1479 4313 1609 4368 illud

1758 3155 1949 3205 Fateor
1978 3156 2218 3205 miratum
2243 3171 2327 3205 me
2360 3170 2478 3205 cum
2511 3156 2762 3219 legerem,

1693 3238 1750 3282 et
1788 3232 1964 3282 Taciti
2006 3246 2165 3282 causa
2205 3233 2386 3282 sedulo
2425 3231 2771 3298 inquisivisse.

1690 3308 1796 3359 sed
1835 3308 2076 3374 profecto
2115 3310 2280 3359 omnis
2317 3324 2399 3358 me
2438 3308 2578 3358 ratio
2612 3306 2767 3372 fugit,

1691 3392 1784 3435 aut
1803 3385 1888 3435 hic
1911 3386 2079 3436 virum
2097 3387 2240 3435 illum
2262 3383 2526 3450 magnum,
2549 3391 2605 3434 et
2630 3401 2662 3435 a
2685 3398 2766 3433 ca·

1693 3463 1805 3527 pite
1840 3477 1952 3513 rem
1986 3463 2233 3529 inquisivi
2256 3463 2310 3512 in
2332 3464 2586 3513 Excursu.
2653 3459 2767 3525 Lip-

1692 3555 1812 3590 sins.

1762 3631 1882 3668 xrv.
1919 3620 2037 3669 Kal.
2079 3617 2313 3681 Sextiles]
2349 3616 2455 3667 Pro
2489 3630 2554 3665 eo
2587 3613 2765 3665 Livius

1694 3698 1729 3746 1.
1750 3710 1829 3747 vr.
1852 3697 2012 3746 habet
2033 3710 2127 3746 xv.
2153 3698 2272 3745 Kal.
2298 3696 2435 3758 Sept.
2488 3693 2732 3743 Ursinus.

1753 3787 1870 3824 xrv.
1892 3774 2040 3838 Ka1.]
2073 3774 2292 3824 Decima
2314 3787 2454 3821 nona
2474 3770 2560 3819 die
2576 3767 2764 3818 mensis

1687 3852 1835 3905 sulii.
1855 3852 2014 3914 Puto,
2028 3850 2244 3914 scripsit
2265 3848 2478 3898 Tacitus
2499 3860 2621 3896 xvr.
2647 3844 2762 3894 Kal.

1753 3926 1778 3961 ¹¹
1811 3924 2259 3992 [inflammaverunt]
2309 3924 2465 3974 Anno
2501 3926 2550 3972 3.
2586 3921 2760 3985 Olym·

1689 4005 1854 4071 piadis
1877 4009 1959 4054 97.
2005 3995 2183 4053 Βοιιίω
2217 4001 2447 4051 condite
2484 4002 2603 4048 864.
2643 4003 2759 4046 ante

1690 4082 1953 4132 Christum
1975 4086 2154 4130 natum
2191 4082 2307 4129 390.
2331 4075 2451 4127 vide
2485 4076 2657 4125 Titum
2679 4071 2757 4124 Li·

1690 4160 1830 4209 vium
1855 4175 1906 4215 v.
1929 4164 2014 4209 39.
2086 4155 2406 4207 Tillemom‘us.

1753 4235 1770 4269 ¹
1817 4236 2036 4285 Totidem
2073 4248 2231 4282 annos.
2253 4230 2542 4293 mensesque]
2588 4225 2754 4278 Tricoe

1694 4305 2014 4364 curiosorum
2034 4309 2313 4372 hominum,
2331 4321 2459 4372 quas
2483 4319 2586 4355 non
2608 4302 2755 4354 extri-
