3063 4952
372 430 426 485 s.
452 431 515 482 e.
534 427 645 493 se]
681 415 688 426 '

1071 415 1483 470 ultumum
1535 413 1679 463 mu.
1723 413 1861 463 XV·

2392 391 2577 460 ml

353 547 531 638 ‘ned
555 576 872 636 aeternum
899 562 1317 651 susciperet?
1335 563 1453 627 sed
1497 564 1572 627 in
1616 557 2201 644 oontemplatione⁵
2232 555 2417 634 vitae,
2459 542 2581 638 per

374 735 435 781 ut
457 730 664 781 moerori
683 730 890 781 modum
912 726 1203 788 adhiberet,
1224 738 1288 773 ne
1314 728 1621 787 perpetuum
1641 734 1880 771 moerorem
1894 721 2208 782 capesseret,
2226 714 2317 765 sed
2336 710 2581 766 memoria

1300 851 1506 869 “““““

1510 850 1657 868 “““

1053 915 1082 959 5
1119 908 1222 959 Ms.
1261 906 1414 955 Bodl.
1456 903 1908 968 contemplationem.

1385 1027 1599 1079 NOTAE

378 1117 458 1169 illi
481 1117 666 1168 tribuit
683 1115 1032 1180 formidinem,
1069 1129 1167 1165 nec
1189 1114 1346 1164 aliter
1366 1111 1443 1160 in-

379 1196 660 1247 veheretur
699 1195 753 1243 in
802 1194 1049 1244 virtutem
1103 1190 1270 1255 ipsam
1314 1188 1442 1249 Dio,

377 1287 590 1338 semper
640 1271 861 1324 infestus
898 1271 1111 1321 Senecae
1161 1266 1443 1330 virtutique

375 1349 653 1404 Romanae.

447 1426 515 1476 In
548 1441 611 1476 eo
649 1432 911 1475 momento
935 1437 1189 1487 supremae
1228 1418 1447 1470 uecessi-

378 1504 528 1568 tatis,
572 1502 753 1568 quidni
800 1501 1027 1551 mollitus
1068 1500 1153 1548 ille
1199 1497 1446 1547 adversus

380 1579 740 1630 imminentia?
774 1577 954 1644 quidni
993 1576 1181 1626 lenitus
1206 1574 1448 1623 adversus

379 1663 696 1722 praesentem
720 1654 1099 1716 fortitudinem,
1120 1650 1447 1718 quantumvis

382 1733 591 1798 sapiens
615 1738 671 1781 et
693 1730 843 1780 fortis
862 1730 1093 1780 Seneca?

450 1809 647 1863 Quidni
673 1823 734 1858 eo
757 1815 1015 1857 momento
1038 1803 1220 1865 flexus,
1236 1818 1351 1852 cum
1374 1803 1449 1851 ul-

382 1887 511 1938 timo
537 1887 789 1936 salutaret
813 1885 1085 1934 Paulinam
1111 1897 1275 1943 suam,
1296 1895 1450 1945 quam

378 1964 496 2029 ipse
521 1962 797 2013 admodum
820 1961 1073 2025 diligebat
1112 1959 1177 2009 ob
1203 1959 1451 2007 virtutem

383 2047 442 2091 et
457 2040 786 2089 nobilitatem
809 2039 826 2087 ?
859 2036 1054 2106 Quidni
1071 2035 1316 2084 virtutem
1337 2033 1451 2095 ipse

382 2115 639 2167 emollivit
680 2113 928 2178 flexitque
962 2112 1164 2161 Seneca
1200 2109 1452 2171 tantisper

382 2193 450 2243 ad
477 2192 602 2243 illud
626 2192 822 2241 instans
848 2188 1127 2253 temporis?

450 2273 594 2322 Num
640 2277 695 2319 et
736 2267 833 2332 ipsi
865 2264 1057 2314 flevere
1080 2261 1325 2312 Heroes?
1356 2275 1451 2310 nec

384 2354 441 2398 et
461 2348 561 2397 illae
587 2349 830 2409 lacrymae
855 2344 963 2392 sine
986 2339 1314 2390 fortitudine.
1347 2337 1449 2386 Im-

384 2439 469 2475 mo
495 2424 665 2489 pietas
702 2419 1060 2470 fortitudinem
1083 2415 1249 2480 ipsam
1276 2418 1451 2478 auget,
1478 2479 1481 2482 ἢ

386 2509 444 2552 et
479 2501 645 2565 magis
678 2498 891 2561 attollit,
911 2495 1133 2561 quicum
1157 2492 1450 2541 mortalium

382 2577 602 2628 affectus
625 2576 864 2634 habeant,
887 2573 1135 2622 virtutem
1172 2575 1343 2618 tamen
1375 2567 1448 2616 fe-

385 2671 444 2706 re
463 2657 726 2706 coelestem
751 2648 973 2701 assecuti
997 2648 1118 2698 sint.

453 2732 765 2795 Proesentem]
798 2728 902 2778 Alii
930 2727 1082 2776 aliter
1097 2725 1308 2787 legunt:
1331 2736 1448 2784 pau-

389 2813 540 2862 lulum
574 2812 794 2858 adversus
830 2809 1105 2869 praesentem
1126 2799 1453 2863 formidinem,

387 2893 495 2939 orat
516 2891 763 2949 rogatque.
810 2882 1107 2930 Rhenanus.

454 2967 527 3015 Et
543 2965 684 3028 paulo
703 2963 922 3010 adversus
926 2955 1234 3018 formidinem
1250 2953 1454 3002 mollitus

387 3048 534 3108 rogat
557 3047 751 3104 oratque
779 3037 1061 3088 AcidaliuS.
1098 3035 1348 3083 Paululum
1369 3034 1452 3081 ad*

389 3141 551 3177 versus
570 3128 847 3189 prce-sentem
868 3119 1105 3185 (uxorem
1130 3112 1341 3179 nempe)
1345 3114 1453 3174 for-

390 3204 569 3255 midine
590 3202 810 3250 mollitus.
848 3194 1153 3245 Gronovius.

459 3281 619 3330 Forte
649 3276 891 3340 paululum
925 3274 1146 3320 adversus
1180 3271 1458 3330 pra’sentem

375 3357 630 3418 faeminam
646 3351 873 3402 mollitus.
908 3348 1113 3409 Nempe
1131 3343 1337 3392 mollitus
1353 3357 1456 3390 me-

295 3488 300 3493 ,
396 3439 453 3485 tu
493 3432 650 3481 semel
680 3436 732 3478 et
768 3440 943 3487 amore,
973 3439 1031 3472 ne
1052 3422 1141 3471 sibi
1163 3421 1296 3468 unice
1317 3420 1457 3468 dilee-

394 3518 495 3564 tam
536 3512 598 3559 ad
639 3506 841 3569 injurias
877 3501 1192 3564 relinquerem
1226 3505 1280 3545 et
1315 3502 1459 3545 certe

396 3588 553 3652 infra,
573 3590 587 3616 ‘
614 3601 679 3635 ne
706 3584 884 3632 dolore
907 3593 998 3629 suo
1036 3578 1261 3625 animum
1287 3573 1459 3623 uxoris

394 3665 726 3727 infringeret,
758 3668 916 3723 atque
955 3657 1065 3720 ipse
1104 3653 1316 3703 visendo
1350 3652 1459 3715 ejus

395 3747 677 3801 tormenta,
702 3738 767 3787 ad
791 3733 1170 3799 impatientiam
1193 3730 1459 3780 delabere-

397 3830 505 3885 tur,
547 3816 752 3877 suadet,
787 3821 846 3862 ut
889 3813 943 3860 in
982 3810 1122 3860 aliud
1169 3807 1461 3858 cubiculum

401 3893 744 3960 abscederet!

465 3978 587 4028 Non
610 3981 753 4023 certe
784 3967 1045 4033 metu,qui
1070 3966 1135 4015 ad
1159 3965 1323 4028 ipsum
1348 3977 1462 4027 per-

401 4055 617 4114 tineret,
642 4049 730 4099 sed
753 4062 924 4096 amore
949 4052 1003 4094 et
1028 4050 1169 4093 metu
1193 4057 1319 4105 erga
1342 4055 1464 4090 uxo-

400 4148 511 4184 rem
537 4129 768 4179 solicitus
790 4140 853 4173 eo
879 4130 1138 4171 momento
1167 4122 1380 4169 Seneca.

467 4209 708 4259 Adversus
761 4205 1038 4265 praesentem
1105 4195 1463 4259 fortitudinem]

404 4286 573 4336 Recte
594 4279 950 4342 fortitudinem,
972 4289 1127 4340 quam
1162 4287 1348 4336 nempe
1385 4287 1464 4321 us·

409 4375 510 4428 que
547 4358 614 4409 ad
642 4367 875 4419 praesens
916 4356 1118 4417 tempus
1156 4354 1467 4401 exercuerat

1525 1128 1650 1178 erga
1673 1128 1728 1163 se
1747 1116 1803 1162 et
1826 1110 2033 1172 amicos,
2051 1106 2116 1156 de
2133 1119 2235 1172 qua
2268 1102 2422 1168 paulo
2446 1104 2584 1164 ante,

1520 1193 1537 1221 ‘
1563 1192 1713 1241 modo
1753 1187 2004 1239 intentior
2023 1186 2075 1234 in
2117 1183 2322 1233 modum
2345 1175 2586 1232 coercen-

1501 1268 1614 1331 ¹tis,
1635 1267 1701 1317 ad
1724 1264 2083 1316 fortitudinem
2105 1255 2346 1310 revocat!

1590 1344 1730 1398 Quid
1770 1344 1977 1403 mirum,
2018 1341 2060 1389 si
2104 1339 2242 1387 dum·
2266 1333 2588 1398 complectim-

1524 1423 1796 1473 Paulinam
1836 1434 2000 1480 suam,
2044 1415 2427 1466 dilectissimam
2464 1423 2590 1459 uxo·

1527 1516 1634 1550 rem
1659 1498 1917 1563 paululum
1940 1494 2106 1545 flexus
2141 1500 2194 1542 et
2235 1490 2488 1541 emollitus
2519 1487 2589 1535 sit

1525 1580 1747 1627 adversus
1767 1579 2045 1639 proesentem
2056 1569 2411 1631 fortitudinem,
2434 1576 2587 1629 quam

1527 1670 1716 1717 nempe
1740 1651 2046 1717 praetulerat
2062 1648 2311 1697 hactenus
2333 1645 2352 1692 ?

1596 1730 1732 1782 Quid
1775 1728 1976 1784 mirum,
2001 1726 2044 1773 si
2083 1722 2244 1785 magis
2280 1734 2333 1769 se
2366 1714 2593 1780 flexerit,

1531 1815 1587 1858 et
1602 1808 1743 1858 velut
1759 1803 2035 1855 emollierit
2054 1815 2177 1863 erga
2193 1810 2422 1858 uxorem,
2435 1805 2590 1859 quam

1531 1887 1583 1934 in
1607 1897 1874 1933 commuue
1897 1879 2141 1928 adversus
2182 1873 2409 1925 amicos?
2442 1870 2508 1921 ob
2539 1882 2595 1928 ,a-

1531 1978 1724 2012 morem
1750 1958 2056 2024 praesertim,
2094 1952 2250 2005 etiam
2271 1957 2326 2000 et
2347 1962 2498 2000 sexus
2518 1945 2594 1994 in-

1533 2038 1864 2089 firmitatem?
1916 2034 1999 2084 An
2022 2034 2171 2082 homo
2191 2043 2305 2079 esse
2322 2024 2479 2076 desiit
2503 2022 2592 2072 Se-

1531 2133 1681 2177 neca,
1704 2116 1823 2180 quia
1847 2113 2050 2175 sapiens
2071 2110 2089 2157 ?
2123 2113 2188 2156 an
2224 2105 2343 2169 quia
2369 2101 2594 2165 sapiens,

1533 2192 1703 2254 forth,
1721 2199 1775 2240 et
1799 2189 2046 2237 adversus
2079 2181 2315 2249 pericula
2346 2178 2598 2238 firmatus,

1529 2276 1768 2319 naturam
1792 2276 2073 2326 sensusque
2095 2253 2430 2308 humanitatis
2453 2264 2596 2314 sper-

1530 2344 1659 2393 net?
1694 2357 1756 2392 an
1787 2342 1898 2406 jam
1937 2337 2061 2386 nibil
2086 2332 2282 2393 audiet,
2304 2329 2429 2378 nihil
2452 2326 2595 2376 vide·

1533 2422 1627 2483 bit,
1650 2421 1777 2470 nihil
1799 2417 2026 2467 sentiet?

1568 2495 1945 2558 Fortitudinem]
2010 2493 2321 2542 Nullatenus
2361 2484 2601 2536 dubitan-

1533 2577 1654 2626 dum
1676 2576 1740 2624 de
1764 2589 1889 2623 voce
1897 2569 2256 2632 fortitudinem,
2269 2564 2388 2631 quia
2405 2562 2595 2612 bonum

1530 2662 1586 2705 et
1609 2651 1932 2703 commodum
1953 2659 2156 2696 sensum
2180 2640 2389 2705 recipit,
2405 2644 2461 2687 et
2477 2637 2599 2701 quia

1529 2739 1680 2782 vetus
1710 2728 1881 2778 ‹lectio
1927 2730 2029 2786 est,
2052 2722 2228 2786 sicque
2273 2712 2601 2782 praeferenda

1531 2806 1741 2860 lectioni
1779 2806 2127 2866 interpretum
2169 2810 2323 2846 novae
2372 2800 2428 2844 et
2463 2804 2603 2842 com·

1531 2884 1803 2938 mentitiae‘.

1599 2960 1754 3017 Quod
1777 2963 1833 3010 et
1854 2957 2055 3008 fatetur
2077 2955 2188 3018 ipse
2215 2951 2338 3014 Dio,
2363 2945 2598 3015 quamvis

1533 3045 1768 3096 infensus
1797 3042 2010 3092 Senecae
2043 3046 2099 3089 et
2119 3035 2297 3087 virtuti
2338 3030 2475 3082 omni
2499 3022 2603 3078 Ro-

1536 3139 1725 3174 manae.
1755 3122 1771 3149 ‘
1795 3122 1983 3185 Neque
2009 3115 2186 3182 prius,'
2205 3111 2390 3177 inquit,
2412 3109 2427 3138 ‘
2446 3109 2603 3159 Sene·

1538 3217 1600 3251 ca
1622 3199 1719 3248 sibi
1741 3210 1920 3246 manus
1943 3193 2139 3253 attulit,
2163 3203 2313 3256 quam
2352 3185 2601 3244 libellum,

1539 3290 1689 3341 quem
1709 3268 2088 3328 conscribebat,
2111 3264 2442 3323 correxisset,
2460 3268 2528 3309 ‘et
2554 3274 2606 3308 a·

1539 3353 1610 3401 lia
1648 3347 1905 3414 quaedam,
1935 3342 2072 3410 apud
2114 3341 2300 3392 amicos
2343 3335 2606 3400 deposuis-

1540 3434 1638 3491 set,
1680 3425 1815 3491 quod
1862 3426 2116 3473 metueret
2164 3433 2230 3467 ne
2277 3413 2533 3479 perirent,
2560 3411 2604 3460 si

1541 3503 1761 3557 Neronis
1783 3502 1835 3551 in
1858 3513 2036 3550 manus
2058 3492 2360 3547 venissent!

1606 3582 1796 3632 Nonne
1820 3592 1945 3641 ergo
1969 3573 2117 3624 fortis
2141 3573 2248 3634 ille,
2270 3569 2360 3635 qui
2397 3569 2450 3618 in
2490 3580 2610 3632 pro·

1543 3658 1716 3708 cinctu
1740 3654 1805 3704 ad
1843 3659 2061 3702 mortem
2085 3656 2303 3709 certam,
2326 3646 2464 3696 ultro
2488 3650 2608 3694 con'-

1545 3733 1728 3784 scribit
1766 3731 2000 3781 libellum
2047 3727 2328 3789 integrum,
2351 3734 2503 3788 quem
2549 3725 2607 3770 et

1545 3809 1760 3873 corrigit
1816 3808 1947 3856 mira
1999 3802 2375 3867 tranquillitate
2430 3796 2607 3858 animi,

1544 3887 1689 3954 quasi
1714 3886 1879 3935 adhuc
1903 3889 2016 3933 toto
2041 3879 2239 3928 laetitiae
2268 3881 2449 3939 paratu
2470 3887 2608 3922 nuuc

1545 3966 1750 4014 adesset
1798 3959 2172 4020 arrideretque‚
2192 3961 2251 4002 ut
2287 3947 2612 4013 olim,fortu·

1546 4041 1646 4090 na?
1680 4037 1825 4104 quasi
1865 4034 1986 4083 nihil
2028 4032 2106 4081 sui
2147 4031 2420 4079 amissurus
2449 4024 2609 4088 foret,

1546 4117 1693 4183 qnasi
1713 4116 1762 4164 iu
1787 4119 2034 4162 extraneo
2058 4121 2278 4172 corpore
2297 4118 2451 4155 scena
2474 4116 2609 4153 mor·

1548 4196 1612 4244 tis
1637 4193 1997 4242 adornaretur.
2590 4198 2594 4203 ·

1611 4269 1637 4305 ¹²
1694 4271 1992 4333 Temperaret
2029 4265 2195 4323 dolori,
2248 4277 2334 4311 nec
2381 4264 2610 4309 aetmm

1546 4344 1828 4414 Μάρσοι]
1860 4345 2120 4408 Cornnpte
2149 4342 2287 4392 Flor.
2314 4337 2610 4401 Tmpemret
