3063 4952
1053 455 1474 511 ANNALIUM
1526 457 1678 505 mn.
1726 455 1904 503 xm.
2381 427 2560 493 1499

362 473 411 524 J.
437 441 636 535 essai

361 617 574 677 motus
596 616 874 687 terrore,
912 627 1044 672 non
1092 607 1273 673 aliud
1304 601 1659 670 remedium
1693 605 2030 684 repertum
2078 600 2203 673 est,
2243 599 2460 677 'quam
2490 595 2564 658 ut

358 715 701 806 histriones
750 711 951 777 Italia
994 710 1408 795 pellerentur,
1452 707 1777 789 milesque
1821 703 2074 766 theatro
2105 717 2362 762 rursum
2392 697 2562 760 assi-

358 819 550 881 deret.
592 814 599 819 ’

438 921 547 986 26.
593 920 727 984 Per
779 920 955 984 idem
1014 922 1273 999 tempus
1321 918 1543 978 actum
1593 913 1663 974 in
1725 909 1972 974 Senatu
2032 909 2052 941 ‘
2083 906 2166 969 de
2210 901 2560 969 fraudibus

357 1022 810 1101 libertorum,'¹'
865 1001 1442 1103 efflagitatumque,
1493 1020 1513 1048 ‘
1549 1021 1624 1079 ut
1678 1014 1996 1078 adversus
2054 1008 2224 1073 male
2268 1006 2560 1069 meritosq

360 1126 749 1192 revocandae
831 1126 1149 1190 libertatis
1216 1122 1357 1206 jus‘
1419 1118 1739 1205 patronis¹
1815 1111 2121 1180 daretur.’
2210 1108 2566 1175 Nec-dee-

353 1291 499 1355 plebe,
515 1297 564 1341 et
578 1283 821 1353 gravioris
840 1283 1072 1340 tumultus
1077 1283 1357 1348 formidine,
1371 1295 1467 1334 'non
1488 1286 1588 1334 aliu
1608 1284 1788 1334 ratione
1801 1281 2082 1331 'subventum
2105 1283 2195 1342 est,
2211 1291 2349 1340 quam
2362 1264 2418 1323 ⁴ut
2436 1273 2567 1322 mimi

350 1357 501 1407 ”Italia
519 1358 827 1417 ejicerentur,
849 1360 896 1405 et
916 1355 1142 1417 manipuli
1173 1355 1359 1403 theatro
1379 1365 1543 1399 rursus
1561 1355 1791 1398 astarent.

421 1424 600 1472 Eodem
653 1426 862 1485 tempore
907 1421 1215 1469 deliberatum
1246 1418 1371 1479 apud
1422 1416 1596 1464 Patres
1637 1414 1703 1462 de
1760 1411 1970 1472 flagitiis
2028 1408 2349 1466 libertorum,
2404 1417 2567 1466 expos·

355 1488 663 1552 tulatnnque,
680 1496 741 1536 ut
758 1492 941 1536 contra
958 1485 1189 1548 ingratos
1214 1480 1518 1531 revocandae
1551 1479 1811 1528 libertatis
1835 1476 2051 1529 facultas
2071 1472 2299 1538 patronis
2321 1465 2570 1520 tribueress

1276 1610 1635 1632 OOOOOOOOOOOO

703 1703 734 1748 1
770 1697 996 1749 Patronis
1018 1697 1167 1749 abest
1206 1711 1237 1746 a
1264 1673 1372 1746 Ms.
1414 1696 1550 1760 Reg.
1591 1698 1647 1744 et
1687 1690 1916 1743 editione
1957 1665 2208 1753 prin-cipe.

1351 1827 1564 1899 *No'rAE

353 1979 533 2020 manus,
566 1969 785 2018 ventum
830 1970 982 2030 esset,
1019 1968 1118 2016 ἃς.
1163 1965 1330 2014 multa
1366 1969 1427 2013 et

354 2041 613 2105 ipsejecit
635 2042 692 2089 in
717 2041 1000 2105 populum.’

362 2137 369 2146 ·
416 2125 441 2160 Ρ
474 2121 561 2169 De
598 2118 858 2179 fraudibus
909 2116 1204 2180 libertorum]
1269 2117 1423 2181 Saepe

355 2198 725 2259 reverentiam,
744 2196 920 2258 fidem,
941 2205 996 2247 et
1019 2196 1322 2261 obsequium
1346 2210 1425 2245 er-

354 2293 419 2342 ga
439 2286 695 2343 patronos
720 2276 981 2325 exuebant
1018 2275 1208 2338 ingrati
1230 2275 1424 2336 liberti,

348 2355 407 2404 'et
428 2355 643 2405 divitias
671 2367 798 2417 quas
819 2355 918 2416 ope
938 2352 1137 2402 illorum
1159 2367 1425 2415 compara-

350 2442 555 2497 verant,
602 2433 660 2483 in
674 2431 976 2483 ‘reconditos
1015 2437 1069 2481 et
1108 2430 1457 2496 potentiores·

350 2509 489 2560 sinus
514 2509 927 2570 abscondebant,
946 2523 1101 2573 seque
1114 2509 1271 2558 etiam
1287 2506 1425 2572 saepe

351 2604 445 2653 per
466 2588 714 2638 fraudem
756 2585 966 2638 familiae
1006 2589 1269 2638 Cassarum
1294 2588 1425 2637 inse.

351 2680 532 2728 ruere,
570 2668 635 2714 ut
660 2665 749 2713 ‘sic
792 2661 992 2725 officiis,
1026 2664 1197 2727 operis
1220 2665 1429 2728 debitis,

350 2742 652 2807 opibusque
687 2749 743 2790 et
796 2739 1122 2790 successione
1167 2746 1431 2805 patronos,

352 2821 645 2885 privarent.

352 2938 361 2948 .
414 2897 656 2960 Hisaepe
680 2901 925 2959 patronos
955 2895 1152 2957 exules,
1175 2899 1428 2957 extorres,

352 2982 408 3033 et
426 2974 492 3022 ad
514 2973 745 3036 inopiam
769 2972 1005 3022 redactos
1020 2973 1127 3037 jam
1151 2985 1318 3034 neque
1342 2984 1428 3034 ag-

351 3050 662 3110 noscebant,
707 3063 875 3113 neque
934 3047 1272 3097 facultatibus
1324 3047 1426 3096 suis

345 3126 652 3189 juvabant3
700 3124 838 3190 quod
877 3132 1050 3175 tamen
1092 3124 1320 3174 debuere
1369 3112 1429 3174 et

353 3210 541 3253 natura
568 3209 627 3252 et
644 3203 777 3266 lege.
845 3203 1040 3256 Quibus
1061 3201 1332 3251 fraudibus
1347 3217 1428 3264 op-

356 3282 470 3343 poni
484 3283 648 3341 ,telum
679 3280 858 3345 debuit,
878 3283 1000 3344 quod
1019 3281 1178 3347 sperni
1205 3296 1296 3330 non
1326 3292 1433 3345 pos·

349 3363 443 3407 set.

354 3490 361 3497 ,
420 3437 651 3486 Plautus
695 3436 748 3486 in
797 3435 996 3486 Persa:
1033 3435 1049 3465 ‘
1082 3435 1187 3486 Sed
1216 3424 1431 3501 itanars

354 3514 667 3585 libertorum
702 3521 807 3576 est,
845 3514 941 3565 nisi
985 3521 1202 3577 patrono
1225 3513 1314 3577 qui
1342 3512 1431 3562 ad-

358 3598 602 3642 versatus
649 3597 750 3652 est,
789 3591 906 3641 Nec
944 3582 1221 3640 satislib'er
1245 3589 1343 3638 sibi
1367 3588 1436 3638 vi-

356 3670 534 3732 detur,
578 3683 679 3718 nec
721 3667 846 3717 satis
886 3666 1044 3733 frugi,
1063 3682 1159 3717 nec
1197 3667 1322 3716 satis
1346 3667 1434 3715 bo·

359 3752 541 3796 nestas
570 3744 641 3794 Ni
680 3743 734 3792 id
769 3741 951 3806 efficit,
971 3743 1027 3792 ni
1050 3743 1101 3793 ei
1122 3743 1257 3792 male
1284 3740 1437 3804 dixit,

352 3823 410 3871 nl
444 3826 602 3886 grato
626 3821 859 3884 ingratus
881 3825 1121 3884 repertus
1146 3818 1261 3868 est!
1312 3868 1318 3872 .

422 3907 449 3941 ‘³
482 3901 736 3949 Adversus
756 3897 877 3946 male
909 3895 1123 3958 meritos]
1178 3896 1266 3945 Sic
1287 3895 1433 3945 Suet.

356 3976 549 4045 Qlaud.
595 3980 678 4025 25.
735 3975 752 4002 ‘
775 3975 1015 4039 Ingratos
1056 3981 1113 4022 et
1149 3973 1216 4022 de
1250 3973 1434 4037 quibus

360 4052 571 4117 patroni
627 4057 986 4118 quererentur,
1061 4050 1327 4099 revocavit
1379 4049 1435 4097 iu

355 4121 675 4195 'servitutem
699 4147 713 4179 t
751 4129 1121 4192 advocatisque
1144 4142 1323 4177 eorum
1344 4140 1436 4176 ne·

363 4207 508 4271 &avit
528 4221 585 4256 se
610 4204 860 4255 adversus
883 4205 1094 4253 libertos
1111 4204 1337 4266 ipsorum
1345 4200 1434 4265 jus

361 4282 661 4336 dicturum!
727 4281 815 4334 Sic
837 4289 895 4335 et
911 4280 1130 4333 Athenis
1154 4280 1276 4332 olim
1302 4278 1436 4330 'obti-

362 4359 497 4413 nuit‘.
565 4406 571 4411 .
636 4386 639 4389 Δ
730 4385 737 4390 ‚

1492 1978 1513 2016 ἰ
1571 1962 1656 2013 Sic
1680 1959 1819 2027 apud
1840 1959 2015 2009 Valer.
2040 1955 2187 2005 Max.
2211 1966 2276 2002 11.
2300 1956 2348 2003 6.
2393 1950 2409 1980 ‘
2437 1950 2573 2000 Con-

1506 2041 1675 2092 victus
1693 2056 1720 2088 a
1738 2047 1955 2104 patrono
1973 2024 2189 2085 libertus
2207 2032 2437 2095 ingratus
2446 2029 2572 2093 jure.

1504 2116 1778 2166 libertatis,
1815 2114 2041 2164 exuitur.
2121 2107 2452 2171 Supersedeo
2501 2111 2576 2166 te,

1506 2194 1693 2259 iuquit,
1713 2253 1720 2262 .
1737 2192 1931 2260 babere
1968 2190 2152 2249 civem,
2170 2242 2174 2246 ,
2193 2184 2325 2234 tanti
2349 2180 2574 2231 muueris

1504 2271 1716 2333 impium
1758 2265 2140 2318 aestimatorem'.
2228 2263 2343 2311 Nec
2383 2255 2574 2307 adduci

1504 2359 1733 2411 possum,
1753 2353 1809 2394 ut
1833 2344 2043 2394 credam
2063 2340 2180 2391 urbi
2198 2338 2398 2398 utilem,
2418 2348 2572 2400 quem

1505 2425 1646 2474 domi
1667 2423 1941 2473 scelestum
1961 2434 2135 2469 cerno.
2216 2414 2319 2464 Abi
2340 2413 2497 2476 igitur
2520 2416 2577 2461 et

1506 2509 1619 2553 esto
1660 2513 1855 2559 servus,
1893 2497 2132 2560 quoniam
2169 2492 2308 2541 liber
2353 2503 2466 2538 esse
2490 2502 2579 2536 ne·

1507 2578 1672 2629 scisti.
1726 2574 1860 2625 Inde
1904 2571 2253 2621 Massilienses
2280 2579 2485 2631 quoque
2509 2561 2575 2612 ad

1503 2655 1607 2704 hoc
1627 2660 1830 2716 tempus
1867 2653 2114 2712 usurpant
2153 2642 2439 2707 disciplinae
2466 2654 2580 2704 gra·

1505 2732 1744 2792 vitatem,
1807 2727 1965 2792 prisci
2022 2722 2177 2773 moris
2228 2717 2578 2779 observantia,

1506 2807 1731 2858 caritate
1771 2804 1950 2869 populi
1984 2803 2132 2852 Rom.
2166 2797 2431 2863 praecipue
2453 2792 2577 2845 con.-

1508 2885 1694 2948 spicui,
1722 2883 1809 2948 qni
1834 2894 1939 2932 tres
1960 2881 2012 2929 in
2048 2877 2231 2929 eodem
2256 2870 2577 2929 manumissi,-

1507 2977 1634 3012 oues
1682 2959 1903 3010 rescindi
1949 2955 2278 3021 permittunt,
2314 2949 2356 3000 si
2391 2956 2472 2998 ter
2508 2945 2576 3005 ab

1508 3028 1700 3088 eodem
1726 3037 2003 3098 deceptum
2037 3030 2298 3081 dominum
2328 3036 2580 3089 cognove-

1506 3116 1630 3166 rint.
1698 3115 1899 3166 Quarto
1950 3111 2108 3161 errori
2166 3101 2578 3160 subveniendum

1508 3207 1614 3243 non
1637 3197 1844 3257 putant,
1882 3188 2001 3254 quia
2032 3201 2122 3236 sua
2136 3185 2248 3249 jam
2271 3181 2424 3244 culpa
2447 3177 2583 3241 inju-

1512 3270 1645 3319 riam
1697 3267 1923 3332 accepit,
1959 3265 2046 3331 qui
2083 3264 2132 3313 ei
2160 3275 2216 3310 se
2254 3258 2409 3309 toties
2431 3255 2579 3318 obje-

1510 3346 1622 3396 cit.'

1579 3431 1599 3457 ¹
1632 3423 1925 3477 Revocandoe
1946 3417 2182 3469 libertatis
2191 3413 2298 3477 jus]
2355 3411 2476 3462 Non
2501 3423 2580 3457 er·

1512 3515 1580 3567 go
1605 3507 1773 3549 ratum
1797 3495 2001 3545 Claudii
2032 3492 2308 3559 judicium,
2348 3488 2439 3553 qui
2468 3485 2484 3513 ‘
2508 3485 2584 3535 in-

1515 3582 1691 3642 gratos
1715 3582 1770 3624 et
1786 3574 1852 3622 de
1875 3571 2058 3637 quibus
2081 3568 2285 3634 patroni
2309 3577 2584 3630 quereren-

1514 3661 1619 3715 tur,
1638 3651 1901 3702 revocavit
1919 3650 1971 3698 in
1990 3648 2294 3698 servitutem
2316 3644 2348 3694 ς’
2369 3647 2583 3692 Sueten.

1515 3746 1566 3782 c.
1610 3735 1691 3780 25.
1759 3729 1825 3779 Iu
1864 3742 1966 3792 quo
2011 3725 2256 3776 Claudius
2286 3721 2581 3785 exemplum

1513 3804 1914 3857 Atheniensium
1957 3806 2165 3853 secutus
2199 3799 2361 3850 videri
2387 3800 2585 3861 potest,

1515 3884 1653 3949 apud
1690 3897 1837 3947 quoS,
1878 3880 1893 3935 ,‘
1921 3866 2189 3930 convictus
2218 3893 2250 3926 a
2283 3882 2500 3939 patrono
2522 3871 2582 3920 li-

1514 3961 1695 4013 bertus
1731 3960 1983 4023 ingratus,
2019 3957 2141 4020 jure
2162 3950 2417 4009 libertatis
2439 3948 2586 4009 exui·

1515 4040 1637 4104 tur,’
1677 4038 1752 4088 ait
1774 4036 2012 4096 Valerius
2050 4048 2111 4083 ιι.
2134 4037 2185 4082 6.
2224 4039 2279 4080 et
2311 4025 2583 4087 Plutarch,

1514 4119 1570 4167 iu
1622 4117 1829 4166 Solone.
1876 4110 2143 4164 Judicavit
2193 4120 2317 4168 ergo
2373 4102 2580 4169 quidem

1515 4194 1592 4243 ita
1614 4191 1895 4249 Claudius;
1941 4185 2036 4237 sed
2061 4186 2111 4232 iu
2135 4181 2335 4246 legibus
2359 4188 2414 4230 et
2435 4192 2579 4228 more

1517 4273 1752 4322 Romano
1803 4266 1941 4325 aliud
1982 4262 2104 4328 fuit,
2158 4260 2240 4314 uti
2294 4258 2584 4318 audiemus.

1322 4400 1331 4411 ,
1418 4401 1427 4406 ,
1508 4346 1728 4414 'Lipsius-
