3063 4952
1255 392 1322 442 c.
1365 392 1730 443 connum
1778 392 2033 460 raeiri

541 376 716 446 1810
2427 400 2523 470 [Α.
2544 406 2616 459 U.
2637 409 2757 461 aro.

544 540 671 607 Ille
699 539 898 607 insita
923 540 1258 619 vecordia,
1289 544 1356 606 et
1380 539 1709 607 facilitate
1744 543 2036 627 priorum
2062 544 2513 629 flagitiormn,⁵
2554 550 2756 633 plara

542 646 767 727 etiam,
793 665 996 730 quam
1034 644 1330 730 jussum⁶
1378 644 1543 725 erat,
1593 647 1803 729 fingit,
1845 642 2219 733 'fateturque
2244 652 2429 735 apud
2458 654 2762 732 amicae,i

544 771 714 836 quos
763 752 946 817 velut
996 750 1277 815 consilio
1327 752 1725 817 adhibuerat
1755 751 2096 837 Princeps,
2186 755 2361 819 Tum
2412 757 2476 820 in
2522 756 2758 822 Sardi·-

542 855 752 919 niam¹¹
781 854 1069 937 pellitur,
1099 854 1217 919 ubi
1241 875 1373 920 non
1401 858 1600 939 inops
1621 848 1906 920 'exilium
1936 857 2269 937 toleravit,
2291 864 2359 923 et
2385 858 2531 924 fato
2560 861 2757 928 obiit.

628 957 740 1025 63.
783 957 879 1023 A't
932 957 1139 1037 Nera,
1208 962 1228 993 ‘
1260 959 1664 1025 Praefectum
1719 960 1789 1023 in
1846 969 2054 1045 spem¹
2117 962 2456 1027 sociandae
2508 964 2757 1028 classis

543 1062 967 1147 corruptum,'
1015 1068 1083 1128 et
1124 1057 1463 1129 incusatae·
1499 1065 1703 1148 paulo
1763 1069 1916 1129 ante
1983 1069 2004 1098 ‘
2034 1058 2413 1130 sterilitatis’
2473 1067 2757 1147 oblitae,

547 1169 569 1201 ‘
598 1167 876 1231 abactos
926 1170 1158 1249 partus
1217 1163 1628 1232 conscientia
1678 1158 2078 1244 libidinum,v
2134 1183 2344 1252 eaque
2393 1168 2527 1233 sibi
2573 1182 2759 1235 com·

543 1267 774 1353 perta,’
802 1269 1047 1335 edicto²
1092 1276 1440 1336 memorat:
1502 1271 1853 1354 insulaque
1901 1269 2349 1335 Pandataria*
2392 1269 2758 1338 Octaviam

543 1372 814 1440 claudit.
906 1372 1064 1438 Non
1093 1373 1227 1438 alia
1253 1374 1409 1438 exul
1445 1373 1812 1439 visentium
1840 1374 2072 1439 oculos
2098 1370 2350 1459 majore
2376 1375 2758 1441 misericor-

541 1475 655 1542 dia
681 1476 923 1543 affecit.
1016 1472 1448 1542 Meminerant
1477 1476 1697 1542 adhuc
1722 1476 1993 1562 quidam
2022 1474 2448 1563 Agrippinae,
2479 1497 2526 1542 a
2549 1478 2758 1547 Tibe-

544 1630 769 1680 minatur.
840 1630 925 1681 lzle
947 1631 1165 1695 ingenita
1184 1631 1392 1696 vesania,
1407 1637 1455 1683 et
1476 1632 1642 1683 habita
1659 1634 1920 1698 primorum
1929 1630 2225 1692 facinorum,
2247 1631 2388 1695 plara
2419 1630 2568 1681 etiam
2600 1648 2756 1683 emen·

544 1696 683 1758 titur,
703 1710 842 1759 quam
863 1698 1144 1761 imperatum
1161 1703 1283 1758 erat,
1304 1703 1351 1746 et
1380 1698 1630 1763 confitetur
1663 1701 1830 1749 scelus
1858 1699 1985 1746 inter
1994 1696 2283 1759 familiares,
2302 1710 2414 1760 qnos
2428 1698 2555 1745 nebit
2575 1698 2630 1746 in
2652 1715 2760 1762 can·

541 1760 701 1811 silium
718 1762 907 1875 oocbgfit
930 1765 1076 1812 Nero.
1123 1765 1246 1813 Tam
1261 1764 1449 1826 ejicitur
1470 1765 1535 1813 in·
1553 1764 1844 1831 Sardiniam,
1858 1762 1943 1813 ubi
1961 1779 2053 1813 noa
2074 1777 2268 1824 egenum
2289 1762 2486 1813 exilium
2505 1764 2760 1829 sustinuit,

544 1832 594 1876 et
615 1827 771 1879 mitio
810 1828 1097 1878 ‘uinteriit.
1775 1847 1780 1853 ·
2639 1859 2648 1867 ·
2745 1838 2748 1841 '

607 1892 675 1947 At
705 1893 831 1940 Nero
846 1908 1013 1955 parum
1032 1908 1206 1942 memor
1246 1892 1457 1944 Aniceti
1497 1895 1715 1960 pellecti
1753 1910 1846 1959 spe
1886 1894 2150 1945 trahendae
2189 1893 2239 1942 in
2286 1899 2461 1956 partes
2482 1893 2688 1955 classis,
2711 1901 2759 1944 et

546 1956 842 2021 exprobrata·
852 1960 991 2020 paulo
1012 1963 1151 2007 antea
1166 1957 1575 2011 infoecunditatis
1604 1961 1833 2026 Octaoiae,
1845 1961 1997 2011 edicto
2018 1964 2206 2017 monet5
2239 1959 2456 2009 abactos
2477 1958 2576 2022 ipsi
2595 1957 2759 2009 foetus

547 2021 747 2084 pudore
780 2020 1111 2086 flagitiorum,
1153 2024 1342 2090 illaque
1373 2026 1469 2085 sibi
1510 2026 1786 2077 manifesta
1827 2041 1951 2077 esse.-
1988 2031 2036 2075 et
2056 2039 2247 2074 uxorem
2278 2023 2531 2073 amovetin
2554 2023 2763 2088 insulam

546 2086 912 2136 Pandatariam.
980 2089 1129 2137 Haud
1161 2089 1285 2138 alias
1320 2093 1432 2139 exul
1461 2093 1684 2153 maJ’orem
1713 2092 2159 2149 commiserationem
2181 2090 2325 2139 movit
2346 2089 2761 2153 conspicientibus.

549 2151 781 2205 Nonnulli
803 2153 1064 2204 etiamtum
1084 2155 1448 2206 recordabantur
1464 2157 1752 2222 Agrippina·
1766 2156 2041 2208 Germanici
2056 2172 2087 2207 a
2113 2155 2304 2206 Tiberio
2327 2155 2511 2220 ejectoe
2528 2171 2542 2216 ;
2562 2157 2760 2220 propior

1469 2285 1525 2306 θ’
1534 2285 1764 2306 OOOOOOOO
1771 2287 1829 2308 ‘O

550 2347 779 2427 deletum
804 2370 963 2419 vellet
985 2369 1062 2420 Cl.
1083 2370 1351 2422 Ernestus.
1413 2340 1519 2421 vix
1541 2377 1716 2421 tamen
1733 2372 1915 2423 abesse
1934 2360 2128 2437 potest.
2163 2371 2473 2421 Brotier.—-5
2510 2369 2598 2419 Sic
2622 2369 2759 2421 bene

549 2435 886 2514 Puteolanus.
920 2435 983 2486 Iu
1002 2436 1230 2489 editione
1253 2436 1825 2504 principe,judicioram.
1858 2438 2126 2494 Ideme-ti
2157 2436 2460 2499 Ptojuaesum
2484 2434 2758 2498 Acidalius

547 2500 1037 2626 willfflztgi‘gftglor.
1062 2567 1231 2626 editio
1246 2537 1488 2634 princeps
1507 2574 1567 2622 et
1590 2570 1922 2626 recentiores.
1956 2569 2294 2631 Puteolanus,
2309 2584 2407 2633 spe.
2431 2568 2577 2630 'Mss.
2601 2568 2757 2618 Bocll.

549 2631 657 2682 Jes.
680 2632 731 2682 in
751 2647 846 2697 spe.
880 2633 983 2683 Ms.
1005 2633 1160 2685 Corb.
1181 2633 1234 2683 in
1251 2633 1518 2699 specie.-2
1552 2635 1639 2686 Sic
1674 2636 1805 2687 bene
1841 2636 2088 2687 Pittheam
2155 2635 2217 2686 In
2242 2637 2373 2686 Mss.
2397 2641 2454 2685 et
2485 2635 2754 2686 veteribus

1547 2752 1759 2804 NOTAE

614 2848 632 2881 ²
661 2849 806 2912 Apud
824 2848 1020 2913 amicos]
1045 2849 1247 2903 Quibus
1266 2865 1438 2901 coram
1462 2851 1611 2918 quasi
1689 2853 1947 2918 dagogum
2000 2866 2146 2902 suum
2185 2849 2409 2900 indicem
2455 2832 2763 2912 subjecerit,

538 2924 806 2992 judicibus
843 2934 1209 2990 coargueretur
1249 2928 1478 2980 Octavia
1511 2929 1610 2979 cri-

548 3000 700 3056 minis
721 3016 754 3049 a
784 3002 990 3051 conscio
1025 3009 1081 3053 et
1118 3003 1308 3067 indice,
1341 3006 1611 3056 damnare-

553 3084 741 3143 rusque
762 3077 969 3142 abillis,
989 3087 1050 3129 ut
1085 3081 1172 3145 qui
1206 3082 1492 3134 delatorem
1521 3098 1611 3133 au-

551 3155 780 3217 dissent3
831 3157 1011 3221 sicque
1043 3157 1162 3221 ipsi,
1204 3161 1416 3223 vulgata
1456 3162 1612 3226 culpa

548 3227 740 3297 uxoria,
769 3233 994 3300 principi
1023 3235 1369 3286 innocentiam
1407 3236 1613 3302 darent,

550 3312 594 3361 si
636 3312 760 3380 *quid
795 3303 1069 3364 violentius
1099 3316 1396 3366 consuleret
1431 3316 1613 3367 adver·

549 3379 633 3437 sus
676 3385 985 3441 Octaviam}
1055 3387 1379 3454 unde’infra,
1416 3391 1611 3443 ubi‘de

551 3467 817 3518 adulteriis
861 3471 1054 3534 uxoris,
1094 3472 1110 3499 ‘
1133 3486 1297 3536 eaque
1337 3473 1435 3523 sibi
1475 3487 1613 3524 com·

552 3548 701 3606 perta
723 3544 900 3594 edicto
924 3555 1173 3598 memorat
1197 3547 1372 3599 Nero?
1577 3537 1582 3542 ’

614 3625 637 3651 ¹⁸
670 3618 967 3687 Sardiniam]
997 3624 1131 3673 Vide
1152 3625 1183 3673 1.
1210 3638 1336 3674 xm.
1362 3641 1409 3676 c.
1433 3630 1518 3676 30.

614 3704 638 3728 ⁹
679 3698 978 3751 Conscientia
1039 3702 1311 3767 libidinum]
1397 3705 1611 3755 Suetou.

550 3775 679 3827 Ner.
708 3780 790 3827 ³5.
829 3779 1089 3829 ‘Eandem
1132 3796 1249 3831 mox
1273 3782 1613 3848 (Octaviam)

551 3867 692 3917 saepe
733 3852 925 3904 frustra
955 3858 1281 3920 strangulare
1316 3860 1613 3926 meditatus,

551 3928 748 3980 dimisit
782 3937 842 3980 ut
870 3932 1132 3982 sterilem:
1169 3935 1261 3984 sed
1283 3929 1610 4002 improbante

550 4005 823 4056 divortium
848 4011 1061 4074 populo,
1085 4027 1183 4062 nec
1213 4020 1459 4076 parcente
1493 4031 1612 4066 con-

551 4083 706 4145 vitiis,
727 4085 883 4135 etiam
907 4089 1181 4152 relegavit.
1212 4090 1458 4155 Denique
1476 4079 1612 4142 θοοὶ-ἶ

551 4160 631 4211 dit
676 4163 772 4213 sub
807 4165 1021 4214 crimine
1058 4167 1449 4231 adulteriorum,
1480 4170 1611 4220 adeo

550 4238 840 4302 impudenti
873 4240 1122 4309 falsoque,
1144 4250 1204 4294 ut
1237 4246 1289 4294 iu
1324 4246 1612 4311 quaestione

550 4317 953 4382 pernegantibus
976 4320 1195 4388 eunctis,
1216 4320 1491 4374 Anicetum
1508 4338 1615 4391 paa-

1690 2929 1782 2996 qui
1802 2930 1926 2996 d‘olo
1947 2935 2233 2994 stupratam
2252 2942 2284 2977 a
2303 2943 2355 2977 se
2379 2925 2682 2978 fateretur-⁹

1754 3013 1788 3040 w
1820 3006 2141 3070 Pandataria]
2167 3004 2330 3066 Quid
2373 3018 2499 3069 ergo
2532 3004 2587 3053 in
2617 3018 2758 3074 mea·

1691 3090 1800 3135 tem
1841 3085 1919 3135 illi
1967 3085 2143 3150 poem
2190 3082 2402 3148 ignobili
2447 3083 2596 3132 venit
2632 3084 2758 3145 (non

1689 3162 1826 3212 enim
1850 3163 2090 3213 Senecae:
2126 3176 2243 3211 cum
2261 3159 2424 3210 certis
2440 3159 2762 3223 argumentis

1692 3235 2059 3303 postmortem
2091 3240 2205 3304 ejus
2240 3239 2437 3302 scripta
2457 3252 2525 3286 ea
2544 3238 2759 3302 Tragoe-

1693 3315 1780 3368 dia
1819 3315 1911 3384 sit)
1953 3318 2041 3383 qui
2085 3317 2318 3382 relegare
2375 3316 2658 3376 Octaviam
2706 3316 2757 3365 in

1691 3394 1970 3460 AEgyptum
1993 3395 2228 3444 videtur:
2254 3395 2270 3422 ‘
2299 3393 2441 3442 Date
2465 3393 2586 3441 vela
2607 3386 2757 3441 fretis

1689 3471 2000 3536 ventisque,
2023 3477 2171 3536 petat
2193 3468 2383 3534 puppis
2412 3475 2591 3518 rector
2627 3469 2756 3518 Tan·

1691 3548 1810 3598 dem
1847 3549 2049 3598 Phariae
2093 3545 2274 3598 littora
2308 3550 2497 3596 terrae.'
2566 3547 2685 3596 Nisi
2713 3547 2756 3595 si

1603 3658 1608 3662 -
1689 3626 1786 3676 hoc
1808 3626 1937 3689 vult,
1962 3625 2312 3674 Alexandrina
2341 3623 2601 3674 duntaxat
2636 3624 2755 3675 navi

1690 3709 1926 3754 avectam
1949 3702 2245 3754 Octaviam.
2300 3695 2366 3752 Id
2382 3701 2518 3754 enim
2545 3708 2759 3753 conten·

1690 3780 1851 3830 tiosus
1881 3781 2077 3845 ‘aliquis
2120 3780 2282 3843 possit
2325 3793 2504 3843 parum
2547 3777 2758 3850 eiad-'yar

1689 3856 1884 3920 dicere,
1899 3859 2027 3907 alias
2047 3856 2360 3920 reposuerim
2379 3870 2496 3921 ego,
2515 3858 2758 3908 Pandata-

1687 3938 1779 3985 rioe
1798 3935 1964 3986 lit-tora
1984 3940 2143 3986 terroe.
2214 3933 2436 3997 Lipsius.
2566 3942 2576 3947 ·

1717 4020 1723 4030 ’
1753 4012 2074 4075 Pandataria]
2107 4013 2286 4062 Insula
2307 4012 2461 4061 maris
2482 4013 2756 4076 Tyrrheni,

1692 4105 1855 4155 prope
1875 4090 2208 4155 Campaniam
2227 4089 2578 4154 provinciam:
2605 4091 2754 4142 hodie

1690 4167 1842 4218 Santa
1863 4170 2048 4232 Maria,
2082 4183 2246 4233 prope
2278 4169 2494 4218 Terram
2515 4168 2754 4241 Laborlsg

1690 4246 1742 4297 in
1765 4261 1927 4312 regno
1948 4247 2318 4328 Neapolitano.⁴
2376 4245 2623 4299 Titlennon.
