3063 4952
333 368 593 435 afflat]
628 377 657 420 ι.
680 381 687 385 ·

1049 349 1472 413 armamini
1534 349 1686 412 mn.
1731 362 1911 414 xm.

2374 333 2574 418 Q

334 507 677 576 eam-lare
693 508 1307 593 jus-et‘des'ignatio
1334 507 1743 573 Consulatus
1780 515 1849 575 et
1874 515 2129 575 cetera!
2152 511 2556 595 apiscendoe·

333 613 617 698 Imperio
634 619 1231 697 ’praepmrenturs
1264 609 1430 676 Auv
1459 613 1759 690 existat:
1788 614 1903 697 qui
1932 614 2236 678 cobortes
2263 616 2329 678 in
2359 616 2548 681 urbe⁸

327 761 501 847 consul
522 759 833 862 ‘designatus
870 804 959 862 at,
987 806 1042 848 et
1077 814 1194 848 cum
1229 799 1387 847 etiam
1418 798 1519 847 alia
1542 798 1716 846 omnia
1736 798 2021 847 obtinendo
2043 798 2360 862 principatui
2377 799 2548 863 provi-

330 860 593 914 derentur.
660 865 770 913 Ant
811 880 931 913 attae
953 865 1238 928 exoriatur,
1258 864 1343 929 qui
1366 864 1601 927 objectet
1624 864 1747 912 mihi
1770 865 1983 913 militem
2008 864 2189 913 Romae
2210 865 2546 929 solicitatum,

1261 1011 1374 1032 0000
1378 1013 1615 1031 “W“

330 1117 447 1168 ones
478 1126 711 1171 veteres.
800 1121 946 1171 Male
990 1123 1343 1183 emendatum,
1380 1123 1638 1172 meeleb-t.
1708 1122 2040 1171 Brotier.-⁴
2075 1121 2161 1170 Sic
2193 1121 2333 1170 edidi
2372 1137 2404 1172 e
2438 1121 2543 1172 Ms.

330 1197 463 1232 meo:
501 1185 748 1249 quoniam
780 1187 872 1236 illo
885 1188 1084 1237 Auctor
1107 1188 1403 1238 delectatur
1434 1203 1523 1238 ιιι.
1558 1194 1642 1237 27.
1679 1201 1759 1237 ιν.
1795 1192 1878 1236 59.
1913 1202 1989 1236 vr.
2013 1191 2157 1236 &va
2189 1192 2272 1236 45.
2308 1187 2543 1251 Ryckias.

329 1248 555 1300 Brotier.
599 1252 764 1301 habet
804 1254 1224 1319 edificentia—5
1259 1256 1537 1304 Rhenanus
1576 1254 1892 1316 emendavit,
1937 1253 2025 1302 At.
2058 1253 2180 1315 Aut,
2210 1251 2397 1302 fortius
2430 1267 2547 1302 esse

1325 1401 1545 1452 NOTAE

328 1508 464 1574 alios,
508 1512 605 1577 qui
647 1514 807 1564 coenis
845 1516 1248 1581 triumphalibus
1285 1518 1400 1567 Cae-

326 1588 444 1635 saris
461 1588 736 1640 dictatoris
749 1607 842 1641 sex
857 1594 1026 1642 millia
1050 1608 1265 1643 numero
1288 1609 1398 1642 mu-

328 1675 585 1715 tuarum
611 1670 883 1733 appendit.
940 1672 987 1719 N
995 1686 1076 1720 am
1100 1679 1399 1735 permutare

325 1741 530 1805 quidem
574 1746 752 1809 pretio
788 1748 975 1808 noluit,
1014 1750 1180 1814 aliave
1202 1763 1398 1810 merce,

325 1816 469 1882 hujus
508 1822 719 1885 viliam,
761 1823 901 1873 intra
943 1841 1098 1890 qnam
1145 1826 1399 1875 modicam

328 1896 641 1960 quadragies
662 1899 877 1963 piscinae
900 1902 1210 1952 venierunt!

384 1973 452 2022 Et
472 1990 596 2039 cap.
632 1981 715 2025 56.
770 1979 786 2005 ‘
813 1978 1155 2028 Cochlearum
1201 1979 1396 2029 vivaria

324 2048 550 2102 instituit
574 2054 793 2104 Fulvius
831 2056 1085 2120 Hirpinus
1108 2057 1160 2105 in
1181 2056 1396 2122 Tarqui-

326 2127 503 2194 niensi,
519 2131 686 2193 paulo
710 2139 833 2181 ante
853 2135 1009 2182 civile
1030 2133 1239 2195 bellum,
1256 2134 1396 2199 quod

325 2216 438 2253 cum
480 2205 749 2270 Pompeio
790 2209 984 2273 Magno
1024 2218 1228 2272 gestum
1280 2216 1393 2269 est;

325 2278 586 2333 distinctis
637 2285 842 2349 quidem
904 2288 1178 2349 generibus
1221 2302 1396 2336 earum

327 2365 629 2426 separatim,
650 2372 710 2414 ut
727 2359 904 2415 essent
920 2367 1051 2416 albae
1070 2382 1188 2431 quae
1221 2366 1274 2415 in
1300 2369 1400 2416 Re·

326 2440 462 2490 atino
483 2455 621 2506 agro
655 2450 970 2506 nascuntur3
1018 2445 1300 2509 separatim
1330 2445 1401 2494 Il·

326 2516 518 2581 lyricae,
545 2520 742 2585 quibus
766 2522 1071 2585 magnitudo
1097 2524 1396 2587 praecipua3

324 2592 618 2658 Africanae,
656 2597 842 2661 quibus
877 2597 1221 2660 foecunditas;
1270 2602 1400 2651 Soli-

324 2676 474 2734 tauae,
497 2673 693 2738 quibus
716 2675 971 2725 nobilitas.
1025 2677 1165 2728 Quin
1188 2684 1243 2727 et
1265 2679 1400 2742 sagi·

324 2761 435 2797 nam
456 2752 644 2798 earum
667 2759 1044 2802 commentatus
1079 2760 1162 2803 est
1199 2768 1322 2818 sapa
1341 2761 1398 2805 et

325 2823 479 2890 farre,
500 2829 729 2892 aliisque
764 2829 1074 2893 generibu=,’
1104 2834 1204 2880 διε.
1263 2830 1396 2880 Vide

323 2902 617 2954 Varronem
641 2907 729 2955 lib.
755 2920 842 2955 111.
862 2922 980 2970 cap.
1007 2912 1056 2956 3.
1081 2907 1148 2957 de
1168 2922 1225 2957 re
1247 2909 1398 2958 Rust.

354 2983 607 3033 =Sueten.
634 2984 708 3033 de
741 2986 972 3047 Nerone,
1009 2990 1090 3035 31.
1139 2986 1154 3012 ‘
1180 2987 1398 3036 Inchoa-

324 3059 410 3109 bat
431 3062 691 3124 piscinam
729 3077 759 3111 a
788 3063 994 3114 Miseno
1028 3063 1096 3113 ad
1131 3062 1398 3112 Avernum

323 3136 510 3201 lacum,
535 3146 857 3201 contectam,
884 3141 1165 3205 porticibus
1188 3143 1399 3191 conclu-

326 3229 448 3278 sam,
468 3231 578 3282 quo
614 3217 860 3281 quicquid
897 3219 1024 3268 totis
1048 3219 1188 3268 Baiis
1209 3219 1398 3269 calida-

329 3301 439 3340 rum
463 3298 614 3342 esset
638 3294 1067 3346 converteretur.’

301 3394 305 3401 ·
388 3369 578 3435 Longe
618 3373 864 3422 audacior
909 3373 1139 3437 Optatus
1180 3374 1396 3424 libertus

327 3447 546 3514 Glandii,
571 3451 664 3514 qui
703 3458 815 3500 toto
837 3451 963 3500 orbe
1003 3452 1119 3515 sibi,
1152 3454 1398 3517 principi,

236 3524 237 3527 ’
328 3532 382 3574 et
426 3528 614 3590 generi
657 3529 897 3590 hnmano,
950 3529 1203 3592 piscinam
1249 3529 1397 3592 fecit,

326 3604 709 3656 dissenunando
746 3615 857 3656 toto
897 3609 1085 3671 pelago
1126 3609 1313 3673 pisces,
1343 3604 1405 3658 et'

328 3696 510 3732 novam
530 3687 730 3749 prolem
749 3695 950 3735 naturae
986 3687 1261 3743 indicendo
1284 3703 1399 3751 pro-

331 3762 694 3827 curandoque:
741 3762 831 3813 ille
864 3765 940 3814 sic
963 3779 1066 3813 non
1087 3765 1397 3829 praefectum

331 3838 533 3902 elassis,
556 3840 653 3888 sed
689 3841 875 3900 maris3
927 3842 1002 3891 sic
1038 3843 1287 3893 uuiversae
1312 3859 1400 3893 na-

333 3922 459 3965 turoe
484 3917 844 3967 administrum
864 3933 920 3967 se
944 3918 1167 3969 ferebat.

393 3994 534 4042 Plin.
563 3995 653 4044 lib.
674 4008 754 4044 rx.
775 4000 825 4044 7.
861 3997 878 4024 ‘
898 3997 1051 4046 Nunc
1074 4013 1221 4047 scaro
1243 3997 1401 4047 datur

333 4065 670 4135 priucipatus,
690 4073 777 4136 qni
800 4074 934 4121 solus
968 4073 1181 4136 piscium
1204 4074 1400 4123 dicitur

335 4149 608 4211 ruminare,
638 4149 918 4213 herbisque
957 4151 1122 4214 vesci,
1159 4166 1265 4200 non
1285 4151 1398 4201 aliis

334 4224 575 4291 piscibus,
598 4228 727 4277 mari
749 4229 1026 4292 Carpathio
1055 4230 1278 4279 maxime
1298 4228 1400 4280 fre-

583 4307 999 4359 promontorium
1031 4307 1258 4358 'Troadis⁴
1269 4308 1407 4359 Lac-⁷

1478 1526 1570 1567 ton
1613 1525 1800 1582 sponte
1841 1532 2099 1583 nunqnam
2141 1516 2345 1565 transit.
2410 1513 2547 1565 Inde

1478 1595 1751 1658 advectos,
1767 1595 1881 1644 Tib.
1908 1594 2124 1645 Claudio
2144 1592 2398 1657 principe,
2434 1591 2545 1657 Op·

1480 1677 1640 1733 tatus,
1650 1685 1682 1719 e
1703 1673 1900 1722 libertis
1915 1673 2046 1737 ejus,
2060 1669 2335 1734 praefectus
2348 1669 2545 1729 classis,

1479 1748 1619 1797 inter
1657 1747 1956 1798 Ostiensem
1989 1758 2048 1798 et
2069 1747 2366 1811 Campania
2399 1759 2548 1796 oram⁴

1478 1839 1681 1888 sparsos
1703 1826 2074 1875 disseminavit.

1540 1902 1556 1928 ‘
1583 1901 1951 1966 Quinquennio
1975 1900 2085 1951 fere
2103 1915 2231 1950 cura
2250 1907 2332 1950 est
2351 1898 2550 1949 adhibi⁴

1478 1984 1554 2040 ta,
1571 1987 1630 2028 nt
1646 1979 1788 2044 capti
1805 1979 2149 2028 redderentur
2164 1976 2295 2026 mari
2312 1992 2330 2037 ς
2363 1982 2547 2041 postea

1476 2053 1782 2121 frequentes
1809 2057 2140 2105 inveniuntur
2171 2053 2342 2103 Italioe
2378 2055 2431 2101 in
2461 2053 2548 2102 lit-

1477 2142 1613 2196 tore,
1637 2150 1742 2184 non
1771 2143 1894 2183 ante
1934 2133 2004 2183 ibi
2041 2133 2206 2197 capti.
2273 2130 2549 2181 Admovit·

1475 2228 1578 2277 qne
1603 2214 1701 2263 sibi
1739 2215 1859 2276 gula
1899 2227 2128 2276 sapores,
2151 2209 2380 2275 piscibus
2401 2209 2568 2272 satis,-

1477 2298 1534 2339 et
1552 2304 1740 2339 novum
1763 2291 1985 2338 incolam
2009 2289 2138 2338 mari
2162 2285 2344 2350 dedit,’
2368 2289 2468 2336 ἃς.

1543 2374 1569 2399 ¹
1603 2368 1732 2416 Meis
1754 2367 1964 2415 consiliis
1982 2364 2197 2428 adoptio]
2250 2364 2419 2428 Supra
2451 2361 2546 2413 lib.

1480 2455 1586 2494 ιιι.
1607 2449 1690 2493 25.
1756 2444 1771 2468 ‘
1795 2441 2024 2506 Adoptio
2045 2443 2097 2491 in
2123 2440 2407 2490 Domitium
2427 2453 2547 2491 auc·

1481 2523 1696 2572 toritate
1718 2521 1974 2571 Pallantis
2008 2519 2305 2581 festinatur,
2329 2518 2416 2583 qni
2457 2517 2547 2567 ob·

1480 2601 1696 2650 strictus
1755 2598 2080 2663 Agrippinae,
2126 2604 2186 2646 ut
2241 2591 2552 2644 conciliator-⁴

1479 2678 1795 2741 nuptiarum,
1824 2682 1878 2725 et
1903 2690 2020 2724 mox
2046 2681 2228 2737 stupro
2250 2672 2364 2736 ejus
2383 2670 2551 2735 illiga-

1475 2760 1579 2815 tus,
1602 2754 1902 2803 stimulabat
1935 2751 2227 2815 Claudium,
2258 2750 2550 2799 consuleret

1478 2830 1725 2894 Reipub.'
1758 2835 1858 2881 διο.

1541 2918 1565 2952 5
1600 2911 1670 2958 Et
1690 2909 1869 2972 cetera]
1919 2908 1984 2958 In
2006 2908 2188 2974 quibus
2212 2909 2325 2972 ipsa
2345 2905 2548 2972 flagitia

1480 2986 1799 3035 numeranda
1819 2985 2046 3048 fuerunt,
2068 2986 2356 3035 Silanorum
2394 2998 2554 3045 mors,

1479 3064 1702 3113 incestae
1733 3065 1951 3127 nuptiae,
1991 3078 2129 3112 mors
2154 3062 2378 3124 Claudii,
2402 3062 2556 3111 adul--

1482 3142 1616 3192 teria
1637 3156 1755 3191 cum
1778 3143 1940 3191 Fenio
1962 3140 2118 3203 Rufo,
2143 3155 2260 3190 cum
2285 3139 2548 3206 Pallante,

1476 3220 1697 3282 Seneca,
1716 3220 1993 3284 Tigellino,
2015 3225 2072 3267 et
2093 3218 2238 3266 aliis:
2277 3218 2414 3267 Nam
2437 3217 2453 3245 ⁴
2473 3215 2553 3264 ni·

1476 3296 1549 3345 hil
1572 3296 1708 3345 domi
1731 3296 2066 3360 impudicum,
2088 3294 2184 3342 nisi
2215 3291 2550 3342 dominationi

1477 3372 1792 3436 expediret!
1832 3374 1906 3422 Et
1928 3372 2090 3421 multa
2115 3371 2216 3437 alia
2236 3367 2433 3432 flagitia
2453 3367 2547 3416 mi-

1476 3464 1576 3498 nus
1615 3448 1834 3512 famosa,
1867 3449 2062 3513 quippe
2098 3461 2347 3497 summum
2382 3446 2548 3496 scelus

1476 3540 1579 3576 non
1605 3541 1705 3576 uno
1726 3527 1924 3577 scelere
1951 3525 2174 3575 fovetur.

1542 3614 1562 3637 ¹
1592 3606 1694 3655 Aut
1733 3604 1936 3667 existat]
1979 3605 2146 3657 Quasi
2186 3603 2404 3667 diceret,
2434 3602 2556 3655 Aut.

1476 3683 1809 3732 accusatione
1852 3682 2105 3732 desistant
2147 3681 2425 3743 delatores,
2460 3686 2548 3730 aut

1476 3760 1657 3809 existat
1679 3761 1849 3822 testis,
1884 3761 1966 3824 qui
1999 3760 2209 3809 cohortes
2236 3759 2290 3806 ιἰι
2308 3759 2424 3808 urbe
2443 3763 2548 3808 ten-

1478 3843 1626 3899 tatas,
1646 3841 1730 3901 dfe.
1754 3843 1948 3900 arguat.

1543 3922 1567 3948 ⁸
1602 3917 1828 3965 Colum-tes
1847 3917 1900 3964 in
1935 3913 2070 3977 arbe]
2123 3914 2288 3961 Erant
2325 3911 2378 3960 in
2416 3910 2560 3960 urbe:

1478 3994 1739 4056 praetoriae
1785 3994 2047 4053 cohortes,
2089 3990 2276 4054 quibus
2320 3996 2548 4052 praeerat

1480 4074 1711 4137 praetorii
1733 4071 2049 4137 praefectus:
2086 4075 2234 4119 eraut
2257 4075 2312 4118 et
2336 4067 2545 4119 urbanae

1476 4151 1737 4215 cohortes»,
1762 4148 1949 4214 quibus
1970 4145 2256 4210 praefectus
2292 4144 2431 4195 urbis
2452 4145 2547 4195 im·-

1476 4228 1717 4292 perabat,
1760 4232 1820 4276 et
1860 4225 2103 4276 cohortes
2142 4222 2373 4286 vigilum,
2419 4233 2548 4289 quas

1474 4306 1693 4358 curabat
1711 4302 1997 4371 praefectus
2018 4299 2252 4365 vigilum.
