3063 4952
308 403 361 457 J.
385 387 584 465 esse]
2341 352 2521 424 1748

392 538 506 608 37.
551 532 658 600 Ac
709 530 998 617 primum
1039 524 1219 606 legio
1259 521 1469 606 gradu
1499 520 1829 595 immota,1'
1858 519 1926 580 et
1972 513 2311 596 angustias
2358 514 2519 581 loeis

310 662 432 728 pro
500 637 910 704 munimento
964 632 1279 707 retinenS‚
1353 632 1715 710 postquam
1780 619 2064 705 propius
2131 631 2523 700 suggressus

304 746 545 811 hostis¹
569 753 589 780 ¹
632 748 812 806 ce'rto
851 740 1040 823 jactu
1082 736 1218 799 tela
1245 734 1695 807 exhauserat‚²
1720 733 1740 761 ⁵
1766 722 1963 789 velut‘
2016 729 2248 788 cuneo³
2281 721 2519 805 erupit.

979 380 1392 436 Amanum
1449 380 1595 429 mn.
1643 377 1804 428 x1v.

373 931 450 979 Ac
482 914 692 992 primum
724 923 846 986 leg-io
863 923 1067 972 statione
1089 920 1300 978 immota,
1317 923 1363 967 et
1381 920 1540 965 arctas
1565 913 1733 973 fauces
1760 911 1913 975 campi
1946 925 2033 974 pro
2065 910 2187 958 vallo
2212 907 2402 972 habeus,
2424 907 2528 969 ubi,

305 996 500 1061 propius
521 994 767 1043 accedente
788 991 935 1053 hoste,
954 989 1083 1036 nullo
1105 984 1247 1033 irrito
1267 985 1365 1033 ictu
1381 984 1475 1032 teta
1492 981 1731 1039 emiserat,
1753 978 1902 1027 veluti
1926 990 2066 1025 cuneo
2083 976 2323 1039 prorupit.
2391 968 2525 1024 laem

1247 1106 1602 1128 ‘N‘OOOO‘OOO

315 1209 436 1271 lem,
456 1212 616 1257 certus
647 1209 841 1261 eventu‚·
873 1202 1047 1266 sicque
1070 1200 1199 1249 Mss.
1224 1199 1355 1259 Reg.
1384 1195 1511 1258 Agr.
1538 1194 1685 1242 Bodl.
1727 1191 1883 1242 Corb.
1917 1195 1973 1240 et
2012 1188 2268 1238 editiones
2308 1193 2529 1236 veteres.

297 1274 599 1329 „Rhenanus
626 1272 818 1333 primus
842 1267 1024 1328 edidit,
1056 1271 1263 1316 eventus.
1331 1261 1490 1310 Haud
1528 1267 1699 1309 tamen
1729 1257 1952 1307 insolens
1987 1254 2272 1313 ablativus3
2307 1266 2369 1302 eo
2393 1264 2531 1307 „usus

319 1346 399 1388 est
419 1339 662 1387 Valerius
698 1337 919 1385 Flaccus
941 1331 1234 1396 Argonaut.
1256 1343 1296 1378 1.
1315 1331 1429 1375 366.
1447 1327 1460 1352 ‘
1488 1325 1777 1373 Deucalion
1796 1330 1972 1371 certus
1994 1319 2203 1386 jaculis,
2224 1325 2279 1367 et
2298 1317 2531 1367 cominus

320 1416 441 1453 ense
466 1402 674 1452 Nobilis
699 1397 994 1462 Amphion!
1031 1397 1246 1447 Brotier.
1310 1391 1541 1441 Budens.
1565 1396 1691 1439 certo
1712 1393 1894 1438 eventu.

383 1474 409 1519 1
449 1469 737 1531 Perperam
764 1467 877 1515 haec
915 1464 1150 1522 Pichena
1185 1460 1251 1509 ad
1286 1460 1461 1508 hostes
1499 1455 1677 1517 refert,
1719 1455 1805 1518 qui
1850 1452 2099 1503 adversus
2134 1451 2393 1499 Romanos
2427 1447 2534 1497 tela

316 1536 639 1583 exhausere:
661 1540 712 1580 et
736 1546 854 1580 cum
873 1530 1026 1593 pauci
1048 1525 1337 1577 ceciderint
1358 1522 1593 1581 Romani,
1608 1522 1786 1570 incerto
1807 1518 2052 1567 emendat
2071 1530 2164 1579 pro
2186 1519 2329 1564 certo.
2385 1512 2536 1561 Bene

320 1601 403 1650 Cl.
431 1598 698 1658 Gordon,‘
724 1597 799 1645 till
818 1598 905 1646 the
935 1608 1119 1655 enemy
1136 1592 1237 1640 had
1257 1588 1522 1646 advauced
1550 1587 1722 1635 within
1760 1599 1924 1633 arrow
1952 1584 2087 1642 shot,
2122 1579 2222 1629 and
2249 1576 2533 1627 exhausted

322 1666 391 1714 all
417 1665 552 1712 their
588 1660 765 1711 ‹larts.’
834 1661 1058 1722 Murphy
1083 1670 1302 1722 quoque,
1325 1655 1341 1682 ‘
1364 1654 1471 1702 The
1492 1652 1702 1701 Britons
1727 1648 1995 1699 advanced
2020 1646 2142 1696 with
2167 1643 2412 1707 ferocity,
2433 1641 2536 1691 and

318 1728 632 1790 discharged
679 1727 812 1776 their
854 1726 996 1775 dan-ts
1037 1729 1092 1771 at
1133 1718 1384 1771 random.'
1450 1717 1652 1780 Lipsius
1683 1713 1898 1780 praefert
1940 1711 2209 1775 sug-gressis
2248 1707 2538 1759 hostibus.—

321 1797 353 1844 2
391 1789 462 1844 ln‘
493 1794 625 1843 Mss.
652 1792 804 1841 Harl.
838 1791 950 1842 JeS.
988 1789 1299 1857 exhauserant
1325 1799 1415 1851 pro
1438 1783 1834 1833 exhauserat.—3
1871 1779 1957 1829 Ita
1997 1779 2128 1829 Mss.
2164 1776 2417 1827 editiones
2453 1786 2539 1822 ve·

1325 1935 1372 1984 N
1381 1931 1544 1983 OTAE

338 2060 343 2061 ’
393 2061 421 2095 Ρ
460 2054 629 2104 Gradu
644 2053 862 2116 immota]
897 2051 1034 2105 Quia
1050 2051 1115 2101 ob
1134 2047 1397 2114 angustias

329 2132 454 2193 loci,
490 2132 648 2181 statio
679 2131 767 2180 illa
803 2145 899 2194 pro
945 2128 1261 2178 munimento
1298 2125 1400 2175 fuit

1478 2052 1622 2096 sent:
1645 2052 1753 2095 tum
1776 2044 2005 2120 emisisse
2030 2042 2133 2093 tela
2151 2040 2314 2107 iisque
2336 2038 2543 2088 demum

1479 2123 1763 2185 exhaustis,
1798 2122 1984 2185 (hostis
2015 2134 2292 2183 suggressus
2321 2117 2545 2167 exhause-

331 2209 650 2274 legionariis,
674 2223 739 2257 ne
774 2206 925 2271 pauci
958 2205 1058 2270 ipsi
1093 2202 1401 2254 circumdari

333 2303 363 2336 a
386 2294 537 2337 tanta
558 2285 888 2335 multitudine
910 2283 1132 2333 hostium
1170 2287 1399 2345 possent.

336 2363 482 2415 Artis
508 2362 875 2426 imperatoriae,
893 2367 948 2410 et
966 2359 1171 2425 quidem
1194 2373 1402 2408 stimma}

337 2440 457 2505 fnit,
492 2441 568 2491 sic
602 2441 765 2491 aciem
811 2439 1091 2501 ordinasse,
1129 2443 1185 2487 et
1216 2450 1404 2501 expec-

342 2527 481 2568 tasse
504 2517 721 2568 hostem.

403 2603 428 2636 ‘1
461 2596 726 2656 Angustias
764 2594 874 2658 loci]
941 2593 1146 2657 Nempe
1192 2597 1408 2656 propter

344 2672 665 2737 paucitatem
697 2671 1113 2735 legionariorum.
1183 2669 1324 2723 Quid
1357 2684 1408 2719 e-

342 2749 448 2798 nim
469 2749 604 2811 legio
628 2763 729 2797 una
744 2747 991 2798 adversus
1013 2755 1092 2798 tot
1114 2747 1275 2797 millia
1293 2747 1405 2796 bar-

343 2827 624 2877 barorum?
670 2826 887 2890 ideoque
920 2830 1194 2888 angustum
1235 2825 1405 2873 locum

345 2903 539 2967 eligere
565 2903 746 2951 debuit
781 2903 1048 2962 Paulinus,
1084 2916 1184 2965 quo
1205 2916 1259 2950 se
1282 2899 1407 2950 faci-

345 2981 439 3030 lins
460 2989 739 3048 tutaretur,
758 2990 812 3031 et
846 2998 910 3030 ne
944 2981 1410 3030 circumveniretur

348 3073 380 3108 a
401 3065 549 3109 tanta
572 3059 791 3107 hostium
808 3057 1157 3107 multitudine.

410 3143 430 3168 ¹·
464 3136 672 3199 Propius
708 3150 983 3197 suggressus
1014 3135 1184 3197 hostis]
1247 3134 1412 3184 Certi·

260 3213 271 3218 “
349 3213 477 3263 tudo
520 3215 632 3262 haec
668 3214 904 3276 jactuum
950 3228 1050 3261 uon
1097 3212 1302 3262 videtur
1347 3211 1412 3261 ad

349 3291 523 3339 hostes
544 3288 837 3346 referenda,
873 3287 1192 3353 (paucissimi
1225 3289 1360 3336 enim
1383 3301 1417 3335 e

350 3366 597 3415 Romanis
631 3364 891 3423 cecidere,
912 3373 971 3414 ut
1000 3364 1189 3429 addit,)
1221 3364 1312 3413 sed
1348 3363 1415 3412 ad

350 3443 493 3506 ipsos
522 3444 809 3491 Romanos:
846 3440 1064 3505 ideoque
1096 3442 1283 3503 legam,
1303 3455 1417 3502 sug-

340 3519 526 3588 'gressis
543 3517 777 3567 hostibus:
800 3525 956 3583 atque
978 3533 1041 3566 ea
1060 3519 1267 3568 veritas.
1307 3518 1419 3581 Lip-

353 3596 467 3646 sius.

420 3674 499 3721 Ea
522 3672 735 3732 veritas,
757 3673 798 3721 is
826 3687 979 3722 verus
1011 3673 1183 3722 Taciti
1213 3686 1418 3721 sensus:

355 3748 453 3798 sed
492 3763 595 3797 non
621 3763 684 3797 ea
715 3764 840 3799 vera
876 3749 1052 3798 Taciti
1092 3749 1266 3813 verba,
1305 3763 1421 3813 quae

356 3838 619 3890 nunqnam
646 3827 966 3875 immutanda
983 3833 1120 3875 sunt.

327 3958 330 3962 .
410 3901 633 3964 vPropius
653 3917 931 3962 suggressus
952 3902 1100 3951 hostis
1131 3907 1258 3951 certo
1284 3901 1424 3962 jactu

356 3978 454 4026 tela
476 3978 782 4040 exhauserat]
817 3979 1004 4027 Sensus
1029 3993 1153 4041 ergo
1176 3986 1280 4038 est,
1301 3979 1423 4041 legi·

296 4095 299 4096 γ
359 4069 509 4104 onem
531 4070 630 4103 uon
653 4060 830 4104 statim
855 4053 920 4104 ad
946 4057 1221 4105 adventum
1241 4057 1425 4118 hostis,

361 4132 470 4181 tela
506 4133 812 4194 conjecisse,
874 4141 961 4179 aut
1009 4135 1424 4194 procucurrisse:

345 4210 457 4269 ,sed
488 4217 821 4276 expectasse,
852 4208 1028 4262 ,donec
1072 4212 1216 4257 hoste
1249 4222 1428 4258 succe·

364 4284 541 4348 dente,
576 4285 856 4335 certo'ictu
888 4285 1055 4349 ipsum
1093 4292 1275 4351 petere
1312 4300 1428 4349 pos·

1480 2205 1577 2262 rat,
1600 2203 1698 2250 hoc
1737 2207 1836 2260 est,
1878 2212 2085 2249 causam
2117 2196 2353 2259 dederat,
2371 2199 2430 2243 ut
2460 2206 2550 2241 ex·

1481 2274 1853 2339 haurirentur‚)
1874 2274 2126 2337 erupisse,
2150 2282 2305 2337 atque
2342 2283 2549 2321 manum

1484 2355 1716 2404 cominus
1738 2353 2078 2403 conseruisse.
2461 2390 2464 2395 .

1550 2432 1811 2482 Monitum
1846 2430 1911 2479 de
1955 2442 2057 2478 non
2088 2425 2345 2492 jaciendis
2383 2422 2433 2471 in
2461 2436 2549 2470 va-

1486 2524 1607 2560 num
1654 2509 1789 2572 telis,
1829 2508 1973 2557 bonis
2020 2505 2239 2555 ducibus
2280 2500 2553 2551 usitatissi-

1486 2601 1624 2637 mum
1644 2600 1849 2649 semper
1865 2583 1987 2647 fuit,
2009 2590 2064 2633 et
2098 2580 2316 2646 perinde
2351 2577 2555 2628 notissi-

1487 2681 1645 2716 mum.
2485 2723 2488 2726 Ι

1555 2740 1827 2796 Quomodo
1851 2745 1906 2789 et
1939 2738 2106 2788 virum
2127 2734 2463 2785 fortissimum
2482 2729 2558 2781 O·

1488 2819 1843 2872 beuti-mutium
1899 2831 2019 2866 suos
2088 2813 2288 2863 hortari
2348 2809 2556 2884 solitum

1489 2897 1809 2962 Zincgrefius
1848 2902 2046 2958 narrat,
2083 2908 2148 2943 ne
2190 2894 2425 2955 sclopeta
2467 2902 2557 2937 ex-

1490 2977 1726 3043 plodaut,
1745 2976 2042 3039 priusquam
2078 2973 2150 3021 ita
2173 2984 2337 3034 prope
2358 2966 2422 3016 ad
2446 2964 2562 3015 hos·

1493 3064 1600 3106 tem
1646 3051 2007 3113 successerint,
2040 3055 2099 3097 ut
2148 3047 2199 3095 in
2245 3043 2407 3094 oculis
2448 3041 2561 3106 ejus

1493 3131 1667 3181 album
1715 3146 1745 3178 a
1784 3129 1935 3192 nigro
1979 3125 2179 3189 possint
2222 3121 2562 3184 distinguere.

1495 3206 1865 3258 Freinshemius.

1561 3292 1580 3316 ⁸
1618 3285 1730 3332 Tela
1766 3278 2073 3340 exhauserat]
2121 3278 2242 3325 Non
2291 3273 2358 3321 de
2395 3272 2565 3332 hoste,

1496 3378 1590 3411 seu
1629 3361 1898 3410 Britannis
1943 3360 1992 3407 id
2027 3353 2438 3417 intelligendum,
2470 3351 2567 3402 sed

1499 3438 1567 3487 de
1590 3438 1902 3500 legionariis.
1973 3436 2109 3483 Nam
2146 3446 2301 3495 supra
2344 3431 2397 3479 id
2438 3429 2567 3500 ipsis

1501 3515 1809 3580 imperatum
1830 3530 1861 3562 a
1878 3514 2035 3562 duce:
2057 3515 2072 3540 ‘
2092 3511 2324 3561 Conferti
2343 3514 2566 3571 tantum,

1501 3599 1556 3641 et
1602 3592 1717 3655 pilis
1759 3591 1973 3651 emissis,
2017 3597 2136 3653 post
2171 3588 2476 3649 umbonibus
2512 3591 2571 3636 et

1502 3667 1683 3732 gladiis
1721 3657 1948 3731 stragem
1992 3666 2293 3729 caedemque
2333 3663 2571 3714 continu·

1504 3742 1693 3792 arent.’

1566 3820 1653 3869 Sic
1668 3818 1926 3880 distingue
1942 3820 2039 3869 :Ac
2053 3820 2258 3883 primum
2273 3820 2397 3880 legio
2412 3817 2576 3879 gradu

1502 3898 1715 3956 immota,
1737 3902 1783 3945 et
1803 3899 2051 3958 augustias
2073 3897 2162 3945 loci
2175 3911 2263 3960 pro
2289 3895 2574 3943 munimento

1504 3978 1731 4035 recinens,
1774 3981 2019 4038 postquam
2061 3975 2255 4039 propius
2297 3985 2578 4034 suggressus

1506 4057 1674 4114 hostis,
1696 4056 1900 4117 supple,
1917 4055 2040 4114 suit,
2072 4069 2132 4102 ac
2156 4058 2282 4102 certo
2304 4054 2443 4112 jactu
2478 4051 2575 4100 teia

1508 4133 1806 4193 exhauserat,
1839 4132 1960 4179 velut
1984 4147 2124 4179 cuneo
2146 4130 2317 4193 erupit.

1574 4209 1675 4256 Vel
1699 4208 1771 4256 sic
1796 4223 1808 4255 ς
1844 4207 1918 4256 Ac
1938 4207 2144 4269 primum
2166 4208 2290 4269 legio
2308 4206 2468 4266 gradu
2487 4203 2576 4252 im·

1507 4292 1655 4351 mota,
1686 4291 1733 4336 et
1761 4285 2008 4348 angustias
2043 4284 2132 4333 loci
2166 4298 2254 4347 pro
2294 4280 2581 4332 munimento
