3063 4952
2385 468 2556 536 1461

351 608 593 706 vulgus
629 622 803 714 iram
853 621 1072 686 Deum
1115 621 1471 705 portendina
1513 621 1866 688 crediderit
1913 624 2228 690 adversus
2272 625 2556 708 facinus,-

353 726 460 789 cui
488 725 792 808 plerique
837 725 1034 788 etiam
1067 724 1406 788 hominum
1452 724 1904 807 ignoscebant,
1947 727 2252 811 antiquas
2278 727 2554 795 fratrum

352 828 754 893 discordiasn
801 831 866 891 et
913 828 1306 892 insociabile
1357 826 1667 910 Regnum
1726 828 2179 894 aestimantes!
2255 822 2575 898 Tradunt'

347 931 674 1015 plerique⁰
694 949 923 994 eorum
950 934 1350 1014 temporump
1372 932 1748 1033 scriptores,
1772 935 1792 966 ‘
1814 932 2065 996 crebris
2096 937 2248 997 ante
2275 932 2556 998 exitium

351 482 400 536 J.
425 481 612 547 c.5a.]
1033 477 1442 527 ANNALIUM
1491 480 1638 528 mn.
1687 479 1862 530 xnl.

589 1051 595 1073 Ι

350 1110 513 1165 usque
536 1099 652 1148 adeo
672 1098 1017 1161 ingruentibus,
1051 1103 1106 1147 ut
1131 1099 1264 1164 plebs
1284 1100 1630 1150 existimaverit
1665 1097 1786 1147 hinc
1820 1098 1943 1149 iram
1979 1097 2223 1148 ”uncinum
2244 1090 2558 1149 demonstrari

348 1165 571 1212 aduersus
593 1163 699 1212 tale
719 1165 915 1225 crimen,
934 1165 1019 1213 cui,
1043 1171 1212 1214 tamen
1247 1167 1454 1229 plerique
1474 1165 1910 1215 etiam'mortulium
1939 1163 2210 1227 parcebant,
2244 1170 2553 1228 reputantes

349 1227 532 1277 animis
554 1233 737 1277 veteres
743 1227 962 1288 fratrum
982 1231 1302 1291 dissensiones,
1324 1237 1369 1280 et
1398 1229 1640 1279 societatis
1670 1229 1866 1278 insciam
1899 1227 2324 1292 impatientemque*
2347 1228 2557 1278 domina·

350 1294 525 1344 tionem
545 1293 892 1344 existimantes.
957 1294 1180 1345 Scribant
1192 1296 1407 1360 pler-imae
1427 1295 1528 1357 qius
1547 1293 1640 1344 oevi
1668 1299 1894 1359 auctores,
1924 1294 2085 1344 maltis
2115 1293 2400 1358 crebrisque
2430 1299 2556 1344 ante

1271 1442 1327 1462 θ’
1332 1442 1624 1463 ‘mm‘

350 1542 379 1587 8
411 1537 503 1587 Ita
524 1538 632 1588 Ms.
657 1538 833 1589 Vatic.
856 1541 998 1588 1958.
1022 1545 1078 1589 et
1099 1538 1433 1602 Puteolanus,
1464 1544 1621 1602 atque
1645 1539 1909 1589 Ernestus.
1976 1538 2040 1588 In
2062 1537 2191 1587 Mss.
2209 1536 2381 1587 Vatic.
2406 1541 2552 1590 186⁸.

348 1601 478 1666 Agr.
503 1601 683 1653 Guelf.
705 1602 816 1654 Jes.
841 1611 895 1653 et
917 1603 1145 1653 editione
1167 1604 1420 1669 principe,
1444 1603 1746 1653 extimantes.
1811 1604 1873 1653 In
1899 1604 2029 1654 Mss.
2051 1602 2223 1653 Vatic.
2247 1606 2392 1653 1864.
2411 1604 2555 1655 Flor.

346 1669 478 1732 Reg-
495 1675 552 1717 et
574 1669 866 1731 Rhenanus,
881 1668 1221 1718 existimantes.
1291 1668 1639 1722 Existimant&
1660 1668 1817 1719 edidi.
1839 1669 2140 1719 Rhenanam
2161 1674 2389 1717 secutus.
2457 1669 2557 1718 Be-

345 1728 556 1782 roaldus
591 1733 748 1810 dedit·
767 1733 1070 1783 aestimantes.
1138 1733 1366 1783 Pichena
1395 1748 1463 1783 ex
1498 1735 1637 1810 Flor.
1672 1734 1983 1784 extimantes.-
2016 1732 2267 1809 quomodo
2301 1731 2556 1810 pariter-a

344 1813 518 1912 31:¹3¹,
535 1812 963 1925 {2333113‘33
981 1798 2116 1928 ..ἳγῖἳὲῗὲἒῑῖιζθῑὲὲρῗέἷὲῗῖῗξὲὲαῗῖἶὲἒὲἳ
2137 1802 2466 1913 ἕέἶΐὲεἷοέι,
2484 1805 2557 1913 :23

345 1934 403 1978 et
423 1930 565 1990 τιμῶ,
601 1929 685 1977 ab‘
704 1929 888 1977 estimo
909 1943 1030 1977 vero
1054 1927 1319 1995 existimoe)
1352 1936 1408 1978 et
1429 1929 1686 1991 estimare,
1704 1928 1872 1979 Taciti
1895 1927 2236 1992 temporibus,
2273 1941 2368 1990 pro
2389 1927 2556 1978 existi-

345 2008 494 2057 mare,
515 1994 763 2054 nendum,
785 2001 842 2043 nt
868 1999 1011 2057 puto,
1034 1994 1277 2055 dixerint,
1297 1993 1626 2044 existimantes
1647 1994 1804 2043 edere
1835 1993 1995 2044 satius
2013 1994 2155 2044 duxi.
2219 1992 2374 2043 Quod
2409 1991 2556 2043 dein·-

346 2072 471 2124 ceps
506 2059 682 2122 reperi
723 2057 777 2107 in
819 2059 921 2110 Ms.
959 2059 1090 2123 Reg.
1115 2058 1348 2123 Ryekius.
1382 2059 1673 2109 Gronovius
1709 2073 1913 2125 quoque
1947 2059 2109 2110 habet
2144 2058 2556 2111 existimantes-v-

1346 2196 1561 2248 NOTAE

358 2312 364 2319 '
411 2311 424 2344 ¹
458 2311 722 2375 Imbribus]
753 2313 990 2364 Testibus
1014 2312 1188 2364 Dione
1226 2319 1282 2364 et
1315 2313 1413 2364 Zo-

344 2393 492 2450 nara,
517 2405 684 2454 gypso
709 2390 925 2441 oblitum
950 2396 1064 2439 erat
1086 2404 1274 2456 corpus
1296 2390 1409 2441 Bri·

342 2466 567 2517 tannici.
632 2466 738 2518 Sed
772 2467 834 2517 iis
864 2466 1021 2519 fidem
1049 2467 1268 2532 abrogat
1291 2469 1412 2534 Lip-

344 2546 471 2594 sius.
517 2546 596 2595 Ut
619 2551 678 2594 ut
700 2546 767 2595 sit
791 2546 855 2596 de
877 2543 1034 2609 facto,
1058 2546 1337 2611 contendo,
1357 2546 1410 2596 id

342 2620 426 2670 ita
447 2619 563 2670 fieri
587 2622 837 2685 potuisse.

346 2725 349 2726 ν
409 2697 552 2747 Nam
570 2697 694 2747 licet
711 2705 893 2761 noctu,
912 2705 1084 2749 tamen
1103 2699 1240 2749 haud
1258 2698 1413 2749 dubie

344 2770 413 2821 ad
437 2783 620 2822 cereos
644 2779 698 2822 et
721 2771 861 2824 faces
885 2776 1052 2825 elatus
1083 2784 1164 2826 est
1185 2777 1414 2841 juvenis,

345 2855 401 2899 et
418 2851 588 2899 multo
613 2850 702 2900 illo
735 2850 899 2901 imbre
935 2853 1109 2915 potuit
1142 2868 1359 2918 gypsum
1382 2867 1412 2902 e

343 2923 484 2976 facie
508 2926 757 2992 abstergi,
777 2935 832 2978 et
855 2928 929 2978 sic
947 2929 1132 2978 veneni
1167 2929 1296 2978 livor
1324 2944 1413 2994 ap-

344 3017 555 3068 parere,
578 3010 635 3054 et
656 3005 797 3055 clare
819 3005 980 3055 videri
1004 3006 1289 3070 praesertim
1322 3005 1411 3056 ho-

343 3080 570 3131 minibus
591 3080 649 3129 id
669 3083 1107 3145 suspectantibus,
1143 3083 1427 3150 praemoni,¹

343 3159 539 3224 tisque,
561 3165 617 3208 et
650 3160 716 3209 ad
749 3159 806 3209 id
841 3160 1073 3225 impense
1096 3160 1413 3211 attendenti-

345 3234 469 3297 bus3
503 3241 559 3284 et
580 3250 697 3285 cum
721 3237 898 3286 Romae
934 3235 1119 3287 funera
1141 3250 1301 3287 noctu
1325 3237 1412 3288 de-

348 3310 686 3375 ducerentur,
732 3312 806 3362 sic
850 3328 1106 3377 nunquam
1154 3315 1411 3379 potuisset

345 3386 671 3451 deprehendi
693 3389 828 3439 livor
847 3389 902 3439 in
925 3389 1199 3443 cadavere.
1262 3392 1279 3420 ‘
1297 3393 1411 3443 Μο-

342 3465 597 3516 rientibus
618 3468 798 3517 oculos
823 3469 1025 3532 operire
1060 3484 1336 3536 rursusque
1358 3472 1410 3521 in

345 3557 469 3607 rogo
493 3541 816 3607 patefacere'
841 3546 997 3596 moris
1021 3545 1138 3598 fuit.
1206 3547 1344 3599 Plin.

349 3615 369 3636 ”
398 3617 711 3670 Sufficiebat
732 3627 877 3672 certe
899 3622 1158 3674 ministros
1191 3625 1332 3688 ipsos
1354 3623 1409 3675 id

345 3693 751 3760 deprehendisse
775 3704 866 3748 aut
888 3707 1232 3763 suspectasse,
1252 3707 1312 3750 ut
1335 3701 1410 3752 sic

334 3771 605 3822 memoriae
629 3772 957 3835 proderetur.
1014 3777 1172 3826 Forte
1193 3777 1269 3826 illi
1289 3792 1408 3827 auc-

341 3854 481 3897 tores
505 3849 675 3898 secuti
697 3865 763 3899 ex
790 3858 942 3915 parte
962 3852 1284 3917 Suetonium,
1318 3854 1407 3919 qui

335 3929 525 3986 postero
546 3925 626 3975 die
656 3926 842 3990 raptim
880 3930 1073 3979 elatum
1110 3927 1270 3981 fuisse
1293 3931 1408 3981 Bri-

340 4000 606 4050 tannicum
630 4000 869 4053 affirmat.

401 4076 457 4125 Si
477 4077 654 4140 dedic,
684 4079 761 4127 sic
797 4079 1067 4145 ingruente
1112 4084 1285 4148 pluvia
1323 4086 1409 4136 ab·

339 4152 499 4215 stergi
546 4167 768 4217 gypsum
804 4161 860 4205 et
897 4157 1240 4210 animadverti
1278 4161 1410 4212 livor

336 4225 389 4274 in
412 4225 552 4280 facie
589 4233 648 4278 et
679 4243 899 4293 corpore
940 4229 1095 4282 facile
1134 4237 1408 4298 potuisset.

336 4302 476 4353 Puto
513 4310 714 4370 tamen,
752 4321 972 4371 gypsum
1010 4308 1143 4360 illud
1180 4310 1412 4364 flemma

339 4378 539 4432 Graecis
575 4396 715 4449 esse,
749 4398 868 4435 cum
907 4384 972 4436 de
996 4393 1059 4437 eo
1078 4386 1269 4441 sileant
1291 4404 1410 4441 auc-

1496 2315 1638 2362 tores
1658 2310 1814 2364 Rom.

1557 2397 1594 2423 ¹¹¹
1617 2390 1750 2441 Iram
1769 2391 1931 2440 Deum
1949 2386 2191 2454 portenda]
2224 2389 2293 2439 Et
2310 2388 2366 2439 id
2390 2401 2454 2439 ex
2479 2388 2556 2437 in-

1493 2466 1647 2531 genio
1671 2466 1843 2531 vulgi3
1877 2466 1952 2517 sic
1972 2468 2095 2518 Tac.
2129 2467 2166 2517 1.
2188 2480 2265 2516 iv.
2307 2465 2449 2516 Hist.
2471 2469 2556 2517 26.

1493 2545 1583 2595 ubi
1609 2544 1675 2594 de
1694 2546 1876 2595 Rheno
1899 2553 2170 2595 arescente
2206 2559 2299 2609 per
2321 2551 2555 2595 oestatem

1493 2627 1549 2674 e't
1573 2625 1657 2673 vix
1682 2623 1850 2673 navim
1875 2623 2141 2688 patiente:
2173 2624 2188 2650 ‘
2215 2622 2375 2687 Apud
2398 2623 2557 2683 impe·

1493 2699 1622 2749 ritos
1652 2699 1876 2764 prodigii
1911 2701 2027 2750 loco
2060 2699 2416 2765 accipiebat-nr
2445 2699 2562 2764 ipsa

1495 2791 1741 2843 aquarum
1778 2777 2011 2842 penuria,
2044 2782 2287 2842 tanquam
2319 2787 2413 2826 nos
2453 2790 2558 2825 am·

1494 2867 1587 2903 nes
1610 2866 1816 2920 quoque
1853 2859 1910 2903 et
1931 2859 2114 2903 vetera
2151 2852 2356 2918 imperii
2392 2852 2557 2903 muni·

1493 2935 1670 2980 menta
1688 2929 2013 2980 desererent:
2050 2928 2188 2994 quod
2228 2928 2282 2977 in
2299 2943 2429 2993 pace
2445 2928 2555 2979 fors

1492 3021 1587 3057 seu
1607 3013 1808 3066 natura,
1842 3012 1968 3058 tuuc
2001 3012 2057 3056 et
2079 3004 2241 3055 fatum
2265 3010 2321 3055 et
2351 3006 2427 3055 ira
2449 3003 2558 3055 Dei

1493 3083 1816 3135 vocabatur!

1556 3169 1582 3195 ¹¹
1602 3162 1838 3226 Antiquae
1847 3160 2066 3230 fratrum
2081 3159 2363 3222 discordias]
2397 3160 2557 3209 Forte

1490 3242 1758 3306 praecipue
1791 3240 2132 3291 attendebant
2156 3239 2221 3290 ad
2249 3239 2558 3290 discordiam

1491 3317 1710 3367 fratrum
1734 3317 1986 3381 Remique
2011 3322 2066 3365 et
2093 3315 2311 3377 Romuii,
2335 3314 2423 3379 qui
2453 3315 2558 3379 pri-

1490 3394 1560 3444 mi
1577 3396 1727 3444 Rom.
1742 3393 2011 3457 imperium
2024 3391 2365 3442 condiderant
2381 3406 2396 3451 ς
2418 3389 2558 3442 forte

1491 3476 1547 3519 et
1567 3469 1632 3518 ad
1656 3470 1931 3519 Romulum
1955 3474 2011 3518 et
2026 3468 2235 3518 Tatium
2252 3466 2558 3519 Sabinorum

1492 3561 1685 3611 regem.
1770 3546 1908 3596 Nam
1971 3544 2215 3595 Romulus
2280 3551 2559 3610 utrumque

1491 3626 1640 3689 regni
1664 3624 1859 3675 socium
1881 3624 2172 3686 interemit;
2208 3624 2339 3674 adeo
2371 3638 2453 3674 res
2477 3629 2560 3675 est

1488 3702 1803 3753 insociabilis
1845 3702 2155 3752 dominatio!
2205 3703 2221 3731 ‘
2249 3701 2366 3751 Nec
2402 3701 2558 3751 Pom-

1488 3780 1635 3844 peius
1660 3777 1799 3828 ferre
1823 3792 2021 3843 parem,
2037 3778 2275 3828 Caesarve
2294 3776 2558 3844 priorem.'

1554 3856 1814 3921 Antiquae]
1843 3853 1951 3906 ‘Ad
1975 3857 2282 3907 Graecorum
2313 3855 2556 3926 historias

1489 3948 1583 3984 seu
1626 3932 1829 3983 fabulas
1872 3932 2010 3984 forte
2055 3932 2423 3997 respiciebant,
2449 3930 2559 3998 :sed

1489 4011 1757 4076 praecipue
1799 4009 1865 4059 ad
1911 4011 2103 4075 primos
2150 4011 2325 4060 Rornae
2369 4009 2563 4074 Reges,
2611 4015 2621 4022 ‘

1491 4088 1710 4137 Remum
1736 4093 1792 4147 et
1815 4083 2124 4136 Romulum.'

1554 4170 1579 4195 ⁰
1615 4164 1832 4213 Tradunt
1840 4161 2083 4230 plerique]
2117 4161 2246 4211 Cum
2279 4161 2354 4212 sic
2376 4159 2560 4211 scribit

1489 4240 1705 4290 Tacitus
1750 4238 1906 4289 fidem
1966 4238 2290 4303 aliquatenus
2336 4237 2559 4301 derogat

1490 4315 1808 4380 auctoribus,
1840 4322 1899 4365 ut
1920 4315 2008 4380 qui
2030 4313 2223 4363 invidia
2245 4317 2556 4380 temporum,

1491 4400 1551 4444 et
1569 4393 1689 4444 odio
1709 4392 1951 4457 Neronis,
1981 4389 2107 4442 talia
2127 4389 2449 4456 scripserinc,
2457 4400 2555 4437 ave·
