3063 4952
437 958 448 965 -
521 925 729 987 suadet,

517 395 695 465 1924

1233 409 1297 457 C.
1345 403 1707 456 commun
1754 400 2018 452 Tactvr

2415 398 2513 465 [Α.
2528 398 2601 493 2⁰·
2623 398 2733 450 ns.

1517 615 1738 669 No'rAE

584 770 768 824 Diouis
802 771 951 821 locus
986 781 1091 820 non
1121 780 1206 818 me
1244 769 1440 829 movet,
1472 777 1588 815 ora-

523 846 664 901 tione
688 847 995 899 Maecenatis
1031 845 1100 895 ad
1140 842 1465 908 Angustum3
1498 840 1589 891 nbi

760 924 778 953 ‘
803 923 871 974 ad
902 922 1147 988 epistolas
1183 926 1239 972 et
1275 919 1342 970 ad
1380 918 1587 970 libellos

524 1000 608 1066 adj
616 1008 793 1053 utores
817 1000 1064 1066 quosdam
1079 1014 1146 1049 ex
1161 997 1427 1064 equitibus
1449 1011 1590 1046 assu-

524 1077 635 1130 mi!
699 1079 837 1129 Nam
857 1077 914 1127 id
934 1078 1042 1128 Dio
1067 1076 1286 1128 inseruit
1320 1074 1407 1141 (ut
1436 1075 1589 1138 solet,

526 1162 585 1208 et
616 1156 744 1206 alias
774 1153 975 1219 monui)
1008 1154 1074 1203 ad
1110 1153 1210 1203 evi
1244 1152 1320 1203 sui
1356 1166 1587 1231 morem·
1572 1187 1597 1227 ,

526 1238 684 1298 atque
701 1232 846 1282 illinc
873 1230 1072 1282 sumsit.

587 1309 697 1361 Sub
740 1308 983 1373 Augusto
1027 1312 1173 1358 eerte
1217 1320 1319 1356 non
1360 1304 1436 1355 sic
1472 1303 1589 1354 fuit.

527 1386 671 1440 Quid
715 1401 840 1451 ergo
883 1384 951 1435 ad
984 1383 1160 1435 Taciti
1202 1383 1339 1433 bunc
1379 1381 1591 1431 locum?

488 1458 492 1469 '
527 1465 841 1527 corruptum
874 1475 1008 1523 esse,
1043 1466 1100 1509 et
1132 1463 1224 1509 ant
1261 1472 1441 1508 vocem
1475 1471 1592 1506 eam

527 1539 744 1602 Nobiles,
766 1536 1110 1587 exsecandam
1144 1534 1590 1601 abjiciendamque

526 1631 660 1681 esse,
681 1616 816 1665 male
852 1613 1144 1676 infarctum,
1166 1620 1255 1663 aut
1277 1612 1593 1677 mutandam,

527 1693 639 1764 quin
677 1708 780 1742 eum
820 1691 1063 1740 nonnullos
1102 1690 1286 1740 habere.
1368 1688 1590 1753 Lipsius.

530 1771 637 1826 Per
657 1768 833 1819 nobiles
853 1767 1099 1830 intelligit
1134 1763 1273 1816 forte
1295 1770 1496 1816 tautum
1517 1765 1592 1813 in-

528 1847 722 1910 signes,
762 1851 817 1894 et
849 1850 985 1893 notos
1017 1858 1050 1894 e
1089 1844 1259 1908 plebe,
1297 1849 1358 1892 ut
1391 1842 1593 1909 equites

528 1925 680 1974 Rom.
704 1928 859 1972 vocat
880 1922 1038 1971 etiam
1070 1921 1276 1971 Tacitus
1306 1927 1458 1974 notos.
1523 1921 1596 1970 Et

527 1996 584 2049 hi'
597 1997 695 2046 uoti
709 1998 762 2046 in
780 1997 1010 2062 equestri
1031 1997 1226 2063 ordine,
1243 2004 1303 2047 ιιι
1324 1998 1374 2047 bi
1396 1997 1516 2067 uoti,
1538 2003 1596 2048 et

531 2076 705 2126 nobiles
727 2074 863 2139 apud
886 2075 1088 2140 vulgus.

599 2152 728 2208 Quin
749 2167 853 2210 eum
869 2151 1043 2202 nobiles
1063 2151 1250 2212 habere,
1268 2167 1382 2216 quos
1400 2151 1461 2200 ab
1476 2150 1595 2215 epis-

529 2229 662 2293 tolis]
714 2228 871 2278 Certe
913 2230 1201 2293 Torquatus
1248 2230 1335 2278 ille
1387 2229 1594 2278 Silanus

531 2311 646 2355 erat
666 2305 805 2353 inter
837 2304 1034 2355 nobiles
1065 2305 1395 2366 clarissimus,
1419 2310 1478 2355 ut
1506 2305 1596 2378 qui

530 2397 689 2455 super
730 2383 905 2434 Juniae
959 2380 1163 2431 familiae
1213 2372 1595 2445 claritudinem,

530 2459 728 2518 Divum
779 2455 1071 2523 Augustum
1116 2463 1322 2507 atavum
1372 2442 1594 2518 ferebat.

533 2535 753 2600 Constat
790 2549 887 2583 nec
930 2534 1071 2597 ipsos
1115 2532 1375 2596 principes
1419 2532 1487 2584 ad
1530 2547 1599 2582 ea

533 2627 747 2684 munera
768 2611 946 2662 nobiles
964 2611 1218 2665 habuisse.
1287 2610 1352 2659 ld
1387 2609 1598 2676 quidem

534 2705 714 2739 verum
734 2696 832 2737 est.
1341 2745 1350 2761 '

598 2767 736 2818 Nam
774 2768 1022 2816 malorum
1058 2767 1349 2831 principum
1387 2771 1487 2827 est,
1508 2764 1598 2814 de

533 2849 758 2914 primere
793 2856 1019 2905 veterem
1056 2848 1401 2911 nobilitatem,
1423 2853 1477 2897 et
1509 2862 1598 2907 no.-

537 2943 627 2977 vos
647 2927 866 2977 evehere
886 2942 946 2976 ac
963 2927 1188 2989 viliores,
1210 2926 1297 2991 qui
1313 2941 1375 2976 eo
1394 2924 1599 2975 nomine

534 3003 697 3066 magis
717 3002 947 3051 serviunt
969 3010 1025 3051 et
1046 3002 1254 3051 obnoxii
1286 3008 1426 3051 sunt.
1493 2999 1600 3050 Sed

534 3093 602 3129 ex
627 3092 689 3136 eo
712 3092 812 3127 non
834 3078 1083 3142 sequitur,
1120 3077 1295 3127 nobiles
1313 3078 1366 3127 in
1387 3078 1466 3126 his
1489 3091 1601 3126 mu-

534 3153 746 3204 neribus
775 3153 913 3202 haud
948 3168 1224 3215 occupasse
1245 3153 1597 3218 Torquatum;

534 3237 591 3282 et
613 3231 688 3280 sic
712 3231 887 3294 plnres
915 3229 1278 3293 gravioresque
1313 3228 1378 3278 de
1415 3243 1471 3277 se
1492 3241 1597 3277 sns-

534 3308 763 3373 piciones
784 3307 924 3371 apud
949 3308 1233 3371 principem
1255 3307 1530 3357 excitasse.

601 3385 741 3435 Quin
778 3382 931 3432 immo
963 3399 1089 3433 xero
1129 3397 1338 3443 censeo,
1372 3397 1485 3435 eam
1510 3396 1599 3431 vor

538 3463 674 3521 cem,
695 3459 886 3521 nobiles,
924 3459 1055 3508 adeo
1091 3460 1172 3513 hic
1211 3472 1327 3507 esse
1366 3469 1615 3507 necessa-³

540 3535 771 3596 riam,ut
802 3534 858 3583 in
892 3550 959 3583 ea
991 3535 1069 3585 vis
1110 3550 1172 3585 ae
1212 3534 1408 3598 pondus
1447 3548 1600 3581 omne

540 3608 878 3658 accusationis
897 3610 985 3658 sit.
1036 3610 1173 3659 Nam
1196 3610 1389 3673 alioqui
1406 3608 1600 3671 privati

539 3681 634 3736 sub
689 3686 977 3736 Caesaribus
1022 3689 1231 3750 impune
1276 3684 1524 3750 quosdam
1570 3680 1619 3732 α’

539 3759 843 3822 rationibus,
900 3766 956 3809 et
1010 3762 1238 3824 epistolis
1292 3762 1600 3811 habuerunt.

540 3836 765 3886 Consule
806 3850 994 3899 corpus
1036 3836 1427 3901 inscriptionum
1468 3833 1600 3885 anti-

542 3926 773 3977 quarum.
840 3912 1161 3961 Boxlwruius.
1227 3952 1232 3956 .

604 3988 797 4037 Merito
832 3988 882 4035 hi
919 3985 1093 4036 nobiles
1132 3989 1362 4051 suspecti
1405 3990 1601 4052 Lipsio.

541 4064 709 4114 Nemo
749 4064 883 4111 enim
921 4065 1206 4126 principum
1235 4064 1604 4129 Augustorum,

542 4152 574 4186 a
587 4138 754 4201 primo
768 4138 920 4202 hujus
940 4141 1155 4189 nominis
1177 4142 1426 4190 hactenns
1444 4154 1602 4204 quen·

543 4230 697 4280 quam
715 4216 1006 4280 ingenuum,
1028 4216 1222 4283 nedum
1237 4217 1482 4278 nobilem,
1515 4217 1603 4267 ad-

544 4303 607 4341 eo
638 4293 931 4358 contemsit,
972 4300 1033 4343 ιιι
1068 4294 1121 4343 ei
1157 4293 1453 4359 hujusmodi
1493 4291 1603 4344 offi-

1631 4175 1638 4183 .
1681 4140 1872 4188 nobiles.

1672 761 1811 812 cium
1864 758 2145 822 delegaret.
2218 746 2340 806 Hoc
2380 753 2473 804 ille
2513 748 2621 802 non
2659 763 2744 802 ce·

1669 837 1806 903 pisse
1840 833 2076 886 ostendit
2112 844 2249 895 sese,
2273 844 2394 880 cnm
2432 829 2746 892 interpreta-

1670 921 1754 966 tur
1777 914 2033 977 Caesares,
2073 924 2214 960 more
2255 907 2557 974 principum
2590 901 2746 956 malo·

1669 1007 1805 1057 rum,
1839 991 1916 1042 ita
1947 986 2263 1055 depressisse
2296 989 2535 1035 veterem
2568 979 2751 1032 nobili·

1668 1075 1851 1121 tatem.
2724 1086 2729 1091 -

1735 1147 1902 1197 Immo
1926 1143 2097 1209 pudor
2117 1141 2205 1192 hic
2228 1144 2342 1191 erat
2365 1136 2669 1203 principum
2695 1138 2751 1185 et'

1671 1220 1939 1288 respectus
1956 1235 2061 1271 non
2073 1216 2360 1270 nobilitatis
2372 1212 2535 1275 modo
2554 1209 2751 1261 veteris

1671 1300 2025 1365 recentisque,
2042 1296 2137 1347 sed
2160 1294 2318 1346 etiam
2339 1290 2555 1351 civium,
2575 1293 2637 1345 et
2658 1285 2751 1339 mi-

1671 1378 1927 1428 nimorum
1947 1375 2016 1445 de
2037 1373 2196 1439 plebe
2212 1368 2515 1427 Quiritium,
2531 1379 2642 1415 uon
2663 1361 2751 1412 ab·

1672 1454 1751 1505 uti
1768 1453 1844 1503 eis
1867 1467 1962 1518 pro
1985 1450 2146 1501 servis
2166 1452 2223 1498 et
2243 1444 2445 1495 libertis
2468 1441 2577 1508 (bis
2613 1439 2752 1489 enim

1672 1531 1770 1581 ista
1806 1523 2232 1591 mandabantur).
2299 1518 2455 1574 Quod
2490 1518 2662 1584 igitur
2686 1518 2752 1566 ne

1675 1609 1922 1674 princeps
1946 1606 2157 1672 quidem
2181 1599 2426 1662 audebat,
2461 1595 2580 1662 quis
2606 1593 2755 1645 tulis·

1673 1685 1826 1735 setin
1843 1684 2051 1748 privato
2071 1682 2091 1730 ?

1736 1761 1843 1811 Sed
1867 1775 1966 1810 nec
1989 1756 2237 1809 nobilium
2274 1753 2546 1819 qnisquam
2581 1763 2641 1798 re
2677 1751 2761 1798 at·

1676 1852 1780 1904 qne
1801 1834 2188 1887 existimatione
2210 1833 2437 1895 integra,
2456 1827 2546 1877 vel
2584 1839 2646 1875 se
2669 1823 2757 1873 vel

1672 1916 1865 1967 liberos
1889 1930 2008 1965 suos
2019 1914 2097 1963 sic
2119 1908 2424 1976 abjiciebat,
2443 1913 2524 1968 ut,
2546 1919 2654 1954 non
2677 1901 2754 1952 di-

1672 2007 1736 2043 co
1759 1992 1898 2057 apud
1924 1991 2144 2056 aliquem
2178 1988 2316 2038 inter
2347 1982 2549 2038 nobiles
2572 1981 2755 2032 claris·

1674 2085 1877 2131 simum,
1895 2068 1988 2119 sed
2032 2067 2116 2120 vel
2155 2063 2294 2129 apud
2329 2063 2619 2120 Caesarem,
2641 2071 2757 2107 ver·

1671 2160 1853 2196 narum
1894 2150 1988 2194 ant
2018 2137 2264 2192 'vindicta
2308 2152 2518 2187 suorum
2560 2136 2756 2194 locum,

1678 2223 1911 2288 quamvis
1934 2222 2130 2271 lautum
2161 2224 2216 2267 et
2252 2215 2558 2266 libertinum
2596 2209 2756 2276 patri-

1675 2299 1903 2349 monium
1953 2295 2302 2361 spondentem
2348 2288 2619 2352 'subireut,
2664 2291 2756 2336 aut

1678 2375 1853 2426 subire
1878 2389 1996 2424 snos
2020 2376 2346 2437 paterentur.

1740 2452 1948 2504 Perditi
1971 2456 2145 2503 autem
2167 2453 2226 2504 et
2249 2442 2533 2512 deplorati,
2554 2441 2623 2491 ad
2649 2441 2759 2502 bes·

1677 2529 1778 2582 tias
1803 2529 1878 2577 illi
1914 2532 2005 2582 aut
2026 2526 2254 2579 cultrum
2286 2537 2345 2573 se
2377 2523 2559 2573 locare
2597 2520 2759 2569 male-

1677 2606 1826 2656 bant.
1892 2605 2080 2669 Itaque
2104 2602 2230 2668 quin
2253 2600 2439 2651 sedeat
2467 2598 2557 2648 hic
2590 2598 2760 2660 ulcus,

1673 2685 1803 2733 nihil
1824 2684 2051 2747 ambigo.

1738 2761 2048 2826 Spartianus
2117 2758 2185 2808 de
2240 2755 2547 2806 Hadriano.
2616 2754 2636 2783 ‘
2674 2750 2763 2803 Ab

1678 2839 1912 2902 epistolis
1948 2844 2005 2887 et
2038 2852 2072 2885 a
2104 2835 2297 2886 libellis
2322 2832 2520 2897 primus
2555 2828 2761 2895 equites

1679 2917 1940 2966 Romanos
1963 2910 2184 2970 habuit.’
2252 2908 2426 2964 Nemo
2448 2907 2612 2972 igitur
2636 2911 2762 2956 ante

1678 2992 1841 3042 illum.
2080 3007 2085 3013 ·

1744 3066 1971 3117 Accedit
1994 3066 2137 3132 quod
2174 3067 2212 3115 l.
2239 3078 2361 3115 xvi.
2392 3062 2613 3113 Tacitus
2647 3060 2762 3110 baec

1680 3146 1793 3209 ipsa
1829 3144 2137 3207 respiciens,
2164 3148 2219 3191 et
2258 3137 2648 3206 quodammodo
2682 3151 2766 3187 re·

1680 3230 1866 3288 petens
1885 3240 1900 3271 z
1922 3222 1939 3250 ‘
1963 3219 2367 3286 praeficeretque
2391 3215 2692 3266 rationibus
2709 3219 2764 3265 et

1679 3300 1867 3351 libellis
1890 3307 1945 3349 et
1960 3298 2204 3363 epistolis
2226 3293 2480 3345 libertos.'

1746 3379 1877 3428 Hanc
1898 3384 2165 3441 postrema
2179 3388 2299 3431 vox,
2316 3381 2407 3422 aut
2423 3371 2624 3442 aliqua,
2644 3382 2763 3435 quo

1679 3456 1733 3504 id
1757 3470 1921 3520 genus
1950 3453 2284 3502 familiarium
2321 3446 2624 3510 significare
2649 3462 2764 3511 pos·

1681 3532 1769 3591 sit,
1823 3530 2186 3589 desideratur-3
2236 3531 2441 3576 certum
2496 3525 2602 3573 hoc
2662 3537 2767 3573 non

1683 3606 2036 3663 arbitrarium,
2068 3611 2279 3653 censeo.
2318 3635 2319 3640 ,
2349 3601 2659 3652 Quae·vero
2699 3598 2769 3649 sit

1682 3684 1792 3737 ina.
1812 3680 2167 3747 qua-rendum.

1744 3758 2101 3822 Conjiciebam
2130 3755 2264 3811 Quin
2286 3769 2394 3803 eum
2421 3753 2556 3801 domi
2573 3751 2660 3802 lib.
2685 3753 2770 3802 ka·

1682 3835 1807 3887 bere.
1872 3834 2011 3883 Illud
2045 3832 2173 3882 domi
2211 3830 2296 3879 lib.
2332 3830 2387 3879 id
2425 3837 2533 3890 est,
2554 3828 2775 3892 libes-too,

1683 3919 1786 3976 q'uo
1823 3910 2131 3974 compendio
2158 3908 2348 3972 passim
2388 3905 2594 3969 lapides
2634 3906 2769 3955 anti·

1683 3989 1807 4051 qui,
1792 4004 1805 4017 ·
1846 3989 2020 4051 potuit
2055 3985 2244 4058 injuria
2275 3985 2402 4043 aevi,
2422 3990 2480 4032 et
2503 3997 2602 4046 per
2626 3983 2769 4047 igno·

1683 4064 1903 4112 rantiam
1946 4061 2293 4120 librariorum,
2337 4061 2671 4123 degenerare
2713 4060 2766 4108 in

1939 4138 2255 4189 Gronovius.
2706 4153 2713 4161 ·

1750 4217 1911 4266 Forte
1955 4229 2054 4279 per
2095 4214 2274 4263 nobiles
2313 4213 2400 4263 bic
2431 4210 2766 4277 intelligendi

1683 4293 1919 4344 homines
1937 4292 2059 4357 noti,
2089 4306 2182 4343 seu
2213 4289 2446 4356 insignes
2476 4290 2667 4355 opibus
2689 4293 2769 4339 at·
