3063 4952
501 379 679 447 1942

502 539 622 607 dio
648 541 892 621 factus,
922 532 1231 626 prorufis¹
1262 563 1386 627 per
1413 545 1810 609 immensum
1858 543 2218 627 aedificiis,¹¹
2257 552 2336 613 ut
2379 550 2715 618 conum

501 645 830 710 violentiae
862 665 1140 730 campus
1167 653 1233 712 et
1261 647 1444 713 velut
1470 668 1757 713 vacuum
1799 650 2045 714 coelum
2083 659 2478 718 noenia-eret.
2569 651 2718 718 Nec

504 747 661 812 dum
691 751 917 832 posito
946 757 1146 828 metu,
1188 746 1477 814 redibatj
1525 751 1770 815 levius²
1799 771 2058 817 rursum
2105 759 2485 836 grassatus¹¹¹
2527 756 2719 839 igniS,

1197 397 1265 446 (2.
1313 396 1682 446 connum
1729 396 1990 461 ‘raon-1
2392 407 2487 474 [Α.
2512 407 2584 461 u,
2603 413 2698 460 313
2724 446 2731 447 ff

504 927 695 990 longum
713 930 920 993 spatium
941 931 1172 993 domibus,
1193 937 1247 981 ut
1267 939 1511 997 perpetue
1530 933 1733 983 saevitioe
1749 935 1997 998 planities,
2015 941 2063 985 et
2081 936 2229 985 veluti
2250 952 2423 986 vacuus
2439 937 2593 985 σέλα·
2612 936 2725 998 obji-

502 998 700 1042 ceretur.
765 997 870 1045 Nec
889 999 999 1045 dum
1019 998 1181 1046 sedato
1193 1014 1388 1062 pavore,
1404 1013 1568 1048 rursus
1584 1001 1840 1050 exardebat
1871 1003 1990 1050 levis
2008 1002 2415 1066 itmmflamma,
2447 993 2727 1066 glisd'ebat·

1436 1143 1466 1162 0
1471 1143 1793 1165 Gumnm

537 1324 549 1336 ο
572 1263 598 1309 l
635 1259 722 1310 Sic
743 1261 876 1340 bene
900 1264 1168 1330 Ernestus,
1190 1266 1508 1320 Groslotium
1534 1277 1591 1322 et
1613 1271 1933 1324 Gronovium
1955 1280 2180 1324 secutus.
2247 1274 2313 1324 In
2336 1274 2466 1324 Mss.
2492 1280 2550 1323 et
2583 1280 2728 1326 vete·

506 1323 652 1401 ribus
675 1327 1006 1391 ed1t1onibns,
1023 1334 1283 1396 pror-aptis.
1318 1335 1544 1385 Brotier.
1608 1339 1854 1402 promptis
1877 1340 2130 1404 Ryckius,
2167 1339 2258 1389 sed
2278 1341 2329 1388 in
2361 1341 2598 1404 margine
2617 1358 2733 1404 pro·

503 1395 747 1441 rutam—2
770 1392 873 1442 Nec
893 1396 1005 1443 dum
1024 1397 1177 1458 posito
1199 1403 1345 1461 metu,
1364 1401 1573 1463 redibat,
1591 1402 1720 1451 haud
1739 1404 1873 1468 levis,
1890 1410 1938 1454 et
1959 1419 2147 1454 rursum
2161 1420 2317 1467 grass.
2350 1406 2587 1456 Brotier.
2609 1421 2728 1456 cum

507 1453 762 1519 Homero,
780 1464 835 1507 et
856 1459 943 1508 ille
979 1461 1111 1509 hanc
1145 1472 1322 1512 notam
1346 1464 1612 1529 adjungit:
1648 1468 1664 1495 ‘
1683 1469 1757 1517 Ut
1778 1470 1951 1519 locum
1970 1471 2106 1520 hunc
2142 1471 2493 1530 restituerem,
2518 1479 2729 1521 secutus

505 1534 616 1570 sum
638 1523 857 1573 maxime
879 1525 981 1574 Ms.
1001 1525 1158 1577 Corb.
1182 1537 1238 1576 et
1256 1529 1539 1580 editionem
1564 1531 1871 1597 principem,
1895 1536 2021 1586 licet
2043 1535 2094 1583 in
2117 1536 2197 1597 iis,
2228 1535 2363 1585 sicut
2399 1537 2450 1584 iu
2488 1537 2727 1586 omnibus

505 1585 636 1661 Mss.
658 1587 770 1636 haec
792 1589 897 1639 sint
920 1591 1105 1639 misere
1125 1591 1421 1656 deturpata.
1489 1597 1594 1646 Ms.
1621 1598 1777 1648 Corb.
1811 1615 1896 1649 nec
1915 1603 2027 1649 dum
2054 1607 2180 1667 post,
2195 1605 2349 1650 metus
2365 1601 2494 1650 haud
2516 1601 2730 1651 rediebat

507 1651 624 1727 let-is
639 1656 685 1699 et
707 1668 895 1703 rursum
912 1662 1162 1717 grassatus
1177 1657 1321 1719 ignis.
1374 1660 1555 1710 Editio
1580 1663 1841 1729 princeps,
1863 1680 1946 1714 nec
1967 1667 2079 1715 dum
2100 1671 2252 1714 metas
2268 1671 2400 1728 post.-
2432 1671 2519 1716 aut
2540 1667 2731 1716 redibat

507 1718 644 1775 Ietas,
663 1721 711 1764 et
731 1733 939 1794 rursum,
970 1723 1051 1780 asc.
1121 1723 1427 1787 Corruptior
1449 1726 1555 1774 Ms.
1583 1727 1723 1778 Flor.
1760 1732 1961 1779 necdum
1977 1729 2028 1795 p’
2048 1726 2202 1780 metus
2220 1731 2433 1780 rediebat
2455 1732 2565 1780 libis
2587 1732 2607 1780 i
2629 1747 2735 1781 sum

503 1786 749 1855 grassatus
765 1798 910 1844 zgms.
978 1787 1112 1836 Hoec
1134 1802 1249 1837 cum
1285 1803 1386 1838 non
1411 1790 2003 1857 intelligerentlibrarii‚
2025 1802 2257 1845 veterem
2281 1798 2617 1860 scripturam,
2644 1797 2732 1845 ad·

504 1845 604 1893 huc
629 1854 970 1910 immutatam,
985 1858 1040 1898 et
1066 1859 1327 1914 praeterea
1357 1855 1481 1918 quid
1506 1856 1607 1919 ipsi
1630 1861 1975 1923 conjicerent,
2000 1860 2280 1910 tradidere.
2347 1863 2482 1911 lude
2516 1861 2569 1910 in
2597 1862 2730 1912 Mss.

505 1907 658 1957 Harl.
681 1911 792 1962 Jes.
815 1913 990 1962 Guelf.
1011 1922 1119 1977 post
1142 1924 1295 1985 metus
1314 1925 1398 1968 aut
1424 1920 1662 1971 residebat
1698 1925 1835 1974 levis.-
1866 1939 1950 1974 nec
1971 1928 2081 1974 dum
2106 1927 2264 1989 posito
2286 1931 2414 1975 metu
2435 1927 2557 1975 satis
2574 1928 2734 1975 crede·

505 1972 666 2048 batur,
689 1991 794 2024 cum
814 1978 930 2026 levis
949 1992 1155 2044 rursum,
1189 1985 1271 2046 &02
1341 1985 1445 2035 Ms.
1484 1987 1640 2036 Bodl.
1677 1995 1734 2038 et
1771 1990 2107 2054 Puteolanus,
2143 1992 2364 2053 probata
2400 1992 2732 2041 librariorum

505 2047 819 2103 conjectura,
856 2044 1114 2120 retinuere
1140 2053 1359 2113 tantum,
1401 2066 1487 2100 nec
1518 2053 1632 2101 dum
1663 2053 2010 2119 (Puteolanus
2049 2054 2248 2120 nedum)
2267 2057 2422 2119 posito
2442 2062 2594 2120 metu,
2614 2056 2736 2106 satis

506 2103 784 2180 credebatur
803 2122 906 2185 cunt
930 2109 1043 2157 levis
1062 2126 1271 2178 rursum,
1291 2118 1373 2178 εμπ
1442 2117 1549 2165 Ms.
1570 2117 1700 2181 Agr.
1725 2134 1791 2168 ex
1827 2122 2134 2184 conjectura
2155 2122 2346 2171 eruditi
2370 2121 2597 2184 alicujus
2617 2122 2733 2185 viri,

505 2175 566 2215 ut
589 2169 688 2218 aha
705 2171 870 2249 multa
892 2188 942 2221 m
967 2174 1063 2223 hoc
1081 2178 1285 2243 codice,
1303 2196 1386 2230 nec
1406 2183 1518 2230 dum
1537 2185 1715 2245 posito,
1733 2190 1885 2234 metus
1904 2186 2091 2236 redibat
2111 2202 2202 2234 non
2225 2188 2340 2235 levis
2356 2191 2404 2236 et
2425 2202 2636 2249 rursum,
2652 2190 2732 2250 ⁸5⁰·

505 2232 670 2308 [quod
695 2244 899 2300 recepit
921 2240 1196 2308 Ryckius.]
1261 2243 1337 2294 At
1361 2246 1625 2310 displicet,
1658 2264 1742 2298 nec
1763 2252 1877 2299 dum
1893 2253 2051 2314 posito
2074 2251 2338 2300 incendio:
2376 2263 2487 2300 tum
2524 2267 2732 2317 qnoque

501 2299 680 2361 stiget,
701 2305 748 2349 et
764 2317 974 2380 rursum:
1042 2307 1158 2356 Nec
1182 2308 1355 2372 placet
1375 2311 1539 2374 magis
1573 2313 1711 2376 quod
1740 2317 2059 2365 recentiores
2087 2316 2317 2378 edidere,
2336 2333 2423 2366 nec
2442 2318 2555 2365 dum
2572 2318 2729 2379 posito

500 2368 650 2426 maa,
671 2365 856 2415 redibat
877 2369 993 2417 levis
1010 2385 1201 2421 rursum
1218 2380 1468 2435 grassatus
1485 2377 1629 2438 ignis.
1675 2379 1739 2428 Id
1765 2381 1904 2430 enim
1921 2382 2074 2430 nimis
2093 2381 2297 2431 recedit
2318 2397 2349 2430 a
2370 2383 2502 2431 Mss.
2529 2382 2731 2430 omissis

502 2426 648 2490 haud,
671 2435 736 2480 et.
806 2432 1074 2484 Praeterea
1093 2436 1227 2501 ignis
1250 2439 1337 2488 ille
1359 2440 1476 2489 levis
1498 2456 1600 2492 nou
1624 2441 1749 2505 fuit,
1783 2447 1873 2510 qui
1912 2461 2007 2510 per
2034 2447 2216 2511 patula
2234 2448 2354 2497 >loca
2387 2454 2732 2512 grassaretur,

503 2501 561 2543 et
582 2495 801 2545 delubra
823 2500 1015 2563 Deum,
1046 2517 1107 2552 ac
1132 2505 1365 2567 porticus
1387 2508 1678 2558 amoenitati
1702 2510 1904 2561 dicatas
1929 2512 2083 2562 latius
2109 2519 2403 2576 prorueret.
2473 2512 2733 2563 Probabi-

1511 2646 1733 2701 NOTAE

570 2745 595 2780 ¹¹
628 2749 854 2802 Promea
890 2770 977 2818 per
1019 2756 1295 2807 immensum
1336 2759 1579 2825 oedfficiis]
1655 2766 1889 2828 proruta.
1954 2763 2149 2818 pmcn]
2172 2768 2381 2819 obviam
2407 2768 2589 2819 ibatur
2611 2768 2738 2836 igni,

505 2826 663 2891 Vulg.
679 2834 951 2895 proruptis:
984 2836 1074 2884 sed
1101 2837 1214 2900 lege
1233 2837 1442 2886 omnino·
1469 2854 1580 2902 pro-
1663 2842 2205 2911 abrumpebanturque
2244 2848 2353 2896 late
2393 2846 2640 2909 aedificia,
2679 2854 2739 2896 ut

503 2905 647 2955 rutis.
715 2907 803 2957 De
844 2926 945 2975 quo
983 2913 1141 2963 verbo
1183 2915 1423 2965 diximus.
1493 2918 1578 2966 Iu·
1665 2927 1720 2970 et
1757 2937 1852 2971 suo
1887 2938 2010 2972 casu
2046 2924 2298 2989 ruinaque
2335 2923 2511 2987 ignem
2552 2925 2738 2974 obrue-

501 2981 747 3032 ceudium
779 2990 1069 3052 prorumpit,
1109 2998 1164 3041 et
1200 3007 1342 3042 mare
1378 3008 1580 3058 prm-up·
1664 3005 1800 3059 rent,
1827 3006 1883 3049 et
1919 3001 1997 3050 sic
2036 3000 2297 3062 sisterent,
2337 3009 2398 3049 ut
2422 3016 2592 3051 vacuo
2631 3002 2739 3051 solo

503 3061 626 3122 tum,
646 3066 701 3109 et
735 3061 943 3116 similia:
982 3067 1069 3115 sed
1096 3068 1236 3118 aedes
1265 3077 1579 3134 promuntur,
1664 3078 1899 3142 coeloque
1969 3083 2350 3143 praeverterent
2420 3079 2740 3142 incendium,

505 3142 568 3183 ut
621 3137 916 3192 incendium
976 3145 1127 3195 ruina
1196 3149 1578 3213 exstinguatur.
1657 3154 1839 3218 sicque
1863 3156 2152 3205 necessario
2176 3162 2411 3205 cessaret
2429 3156 2586 3221 ignis.

510 3211 794 3267 Gronovius.
883 3221 1156 3287 Pron-aptis,
1201 3225 1253 3274 id
1308 3233 1409 3288 est,
1454 3235 1578 3279 ante
1725 3221 1990 3298 AEdifieiis]
2084 3233 2224 3281 Tum
2280 3234 2444 3282 etiam
2490 3233 2740 3290 subversa

505 3294 701 3357 ruptis:
738 3311 927 3363 nempe
961 3300 1132 3362 ignem
1167 3304 1580 3372 praeveniebant,
1657 3309 1847 3359 horrea
1870 3310 2049 3374 populi
2072 3312 2222 3360 Rom.
2258 3309 2394 3361 forte
2431 3311 2627 3374 partim
2653 3325 2738 3359 ue·

506 3370 676 3433 ruptis
701 3380 824 3424 ante
865 3376 1115 3442 aedificiis,
1154 3396 1310 3445 quam
1350 3384 1577 3447 attinge·

506 3452 609 3495 ret.
676 3448 758 3498 Ibi
794 3467 881 3514 pro
906 3453 1009 3503 vim
1044 3456 1224 3521 habet,
1262 3466 1322 3509 ut
1359 3460 1411 3508 in
1446 3476 1575 3511 voce

499 3523 743 3582 provideo.

570 3598 846 3666 Proruptis]
913 3606 1071 3658 Forte
1094 3612 1170 3661 ita
1191 3612 1408 3679 dictum,
1427 3618 1576 3681 quasi

500 3670 594 3722 illa
615 3674 764 3727 clade
806 3695 897 3730 seu
920 3692 1093 3749 strage
1117 3689 1360 3741 domuum
1394 3694 1575 3743 antici-

504 3757 651 3816 pata,
719 3762 1080 3814 antevenireut
1147 3766 1464 3831 incendium,
1518 3777 1577 3820 et

500 3833 654 3877 certe
697 3834 1034 3898 proruebant,
1076 3844 1482 3905 prorumpebant
1520 3852 1576 3896 et

500 3903 883 3960 subvertebant
925 3912 1103 3965 domos
1142 3917 1192 3965 in
1228 3926 1574 3985 antecessum,

502 3993 570 4029 ne
601 3995 789 4049 nempe
826 4001 1039 4051 serpere
1062 3992 1282 4057 longius,
1305 4005 1395 4045 aut
1430 4014 1572 4061 gras·

504 4058 610 4107 sari
635 4070 815 4124 posset
835 4064 988 4131 ignis,
1010 4071 1122 4118 solo
1156 4072 1392 4137 coeloque
1430 4074 1572 4124 inani

503 4142 735 4198 reperto.

534 4237 537 4241 *
567 4209 844 4278 Pru-emtis]
889 4217 1164 4286 Abruptis,
1184 4224 1442 4290 abscissis,
1467 4245 1571 4294 quo

491 4285 722 4361 ,validius
759 4292 887 4358 quid
923 4296 1155 4350 innuitur
1192 4317 1347 4368 quam
1385 4320 1481 4369 per
1512 4306 1575 4355 ἢ

1665 3386 1935 3446 cessitate,
1958 3386 2150 3449 partim
2187 3386 2472 3436 ambitione
2495 3385 2740 3448 Neronis,

1662 3467 1724 3511 ut
1746 3462 1968 3512 haberet
1998 3463 2228 3527 spatium
2263 3477 2368 3528 qno
2408 3462 2621 3512 domum
2656 3476 2741 3512 au·

1662 3553 1805 3588 ream
1827 3539 2130 3591 aedificaret.

1725 3616 1887 3667 Suet.
1912 3621 1994 3666 38.
2027 3618 2315 3669 ‘Quaedam
2358 3618 2551 3667 horrea
2596 3617 2741 3668 circa

1662 3692 1870 3742 domum
1937 3708 2165 3754 auream,
2224 3709 2441 3760 quornm
2513 3696 2741 3759 spatium

1662 3772 1887 3822 maxime
1909 3772 2262 3836 desiderabat,
2294 3774 2366 3837 vi,
2401 3774 2608 3823 bellicis
2640 3789 2745 3824 ma·

1661 3848 1829 3899 cbinis
1875 3849 2213 3911 labefactata,
2247 3858 2406 3915 atque
2456 3849 2741 3900 inflamma-

1662 3926 1755 3987 ta,’
1793 3930 1893 3977 ὅτε.
1961 3928 2119 3976 Forte
2161 3928 2343 3976 eodem
2383 3926 2541 3976 modo
2571 3935 2626 3977 et
2650 3928 2740 3976 ‘iis-

1661 4000 1778 4051 dem
1803 4003 2072 4065 macbinis,
2107 4003 2279 4052 diruta
2299 4004 2389 4053 illa
2411 4018 2510 4067 per
2532 4005 2741 4060 immen-

1660 4093 1771 4127 sum
1799 4078 2041 4142 aedificia,
2077 4087 2137 4128 ut
2169 4094 2336 4129 vacuo
2367 4081 2502 4129 coelo
2531 4081 2739 4146 soloque

1660 4154 1871 4204 tandem
1896 4155 2228 4205 cohiberetur
2246 4155 2570 4206 incendium.

1725 4228 1745 4273 ³
1776 4232 1884 4281 Neo
1912 4234 2026 4281 dum
2051 4233 2227 4296 posito,
2254 4232 2365 4295 ξω]
2401 4232 2663 4283 Punctum
2685 4230 2735 4280 in

1658 4308 2201 4373 vulgati-apponunt
2218 4316 2342 4373 post
2361 4307 2735 4373 κώπῃ-πὸ·-
