3063 4952
506 365 687 436 1518

1213 381 1283 430 n.
1308 376 1695 430 commu}
1738 377 2013 428 'raom‘

2396 382 2488 450 [Α.
2509 386 2582 441 Q
2601 378 2738 439 sim,

507 532 582 594 ut
604 528 1079 614 relinqueretur
1105 519 1516 613 poenitentiae
1550 531 1678 592 aut
1690 539 1869 591 novo
1895 493 2244 590 beneficio¹
2275 525 2508 594 locus·
2549 509 2735 613 quus

504 683 808 747 libertatem
843 695 1139 762 invaluisse,
1174 700 1235 744 ut
1268 694 1484 744 daretur
1524 693 1731 743 occasio
1770 698 1863 743 aut
1896 673 2177 743 revocandi
2217 692 2451 747 muneris
2486 671 2580 745 aut
2603 683 2728 750 novi

1510 838 1723 890 Nom-2

509 979 634 1014 rem
651 965 725 1015 ita
758 965 999 1015 dicebat.
1039 965 1183 1015 Hunc
1203 965 1437 1015 bannim
1456 963 1572 1013 ube-

507 1058 614 1091 rans
654 1057 752 1093 esse
791 1045 925 1093 volo.-
980 1048 1038 1092 et
1076 1042 1352 1093 emittebat
1383 1055 1502 1090 eum
1541 1054 1572 1088 e

506 1125 696 1169 manu)

573 1153 827 1247 Attamen
864 1195 988 1246 alibi
1030 1195 1169 1245 idem
1206 1193 1444 1258 Sigonius
1481 1191 1572 1242 do·

509 1278 616 1337 cet,
650 1272 923 1334 Romanos,
956 1286 1043 1321 eos
1075 1286 1202 1337 quos
1240 1270 1575 1319 manumitte-

509 1348 655 1414 bant,
694 1350 846 1414 alapa
883 1364 1174 1413 percussos,
1195 1345 1576 1409 circumegisse,

504 1431 666 1491 atque
686 1426 761 1476 ita
782 1425 849 1475 de
871 1441 1024 1474 manu
1043 1425 1260 1474 misisse.

574 1502 782 1551 Praetor
802 1508 976 1551 autem
998 1501 1247 1564 vindicta,
1268 1498 1320 1548 id
1342 1502 1445 1558 est,
1476 1495 1578 1545 vir·

509 1594 597 1642 ga,
614 1579 846 1644 ejusdem
870 1579 1005 1628 servi
1033 1578 1196 1640 capiti
1224 1574 1482 1639 imposita,
1499 1572 1604 1621 ita·

510 1654 746 1719 dicebat,
784 1654 889 1704 dico
931 1669 1037 1703 eum
1076 1652 1274 1702 liberum
1315 1664 1413 1699 esse
1449 1662 1578 1697 more

510 1732 799 1789 Quiritum..
846 1732 978 1784 Inde
1023 1744 1298 1781 conversus
1332 1726 1577 1776 adrlicto·

510 1823 640 1872 tem,
661 1806 921 1858 addebat:
947 1809 1199 1856 secundum
1220 1810 1351 1853 tuam
1373 1818 1578 1865 caum,

509 1884 654 1942 sicuti
692 1884 817 1946 dixi,
857 1898 959 1933 ecce
997 1883 1090 1933 tibi
1131 1881 1359 1931 vindicta.
1442 1881 1578 1928 Tum

511 1959 684 2024 lictor,
721 1967 942 2023 accepta
980 1975 1012 2010 a
1055 1965 1293 2023 praetore‘
1327 1956 1579 2019 vindicta,

510 2043 677 2101 caput
708 2037 846 2087 servi
878 2036 1229 2102 percutiebat,
1249 2034 1434 2085 faciem
1469 2033 1577 2097 pal·

512 2129 616 2176 ma,
637 2121 946 2179 tergumque
969 2113 1293 2163 verberabat.

579 2187 782 2243 Quibus
804 2190 954 2255 actis,
974 2204 1159 2240 nomen
1189 2185 1486 2238 manumissi
1522 2185 1577 2236 in

512 2274 638 2328 acta
680 2283 711 2317 a
752 2268 927 2319 scriba
969 2265 1315 2328 referebatur,
1368 2262 1579 2328 adJecta

514 2359 671 2398 causa
689 2345 1114 2396 manumissionis.
1172 2344 1358 2408 Neque
1382 2346 1580 2404 praetor

515 2422 581 2473 ad
637 2422 864 2473 tribunal
908 2428 1111 2472 tantum
1161 2417 1579 2482 manumittebat,

512 2501 607 2553 sed
636 2501 793 2553 etiam
816 2515 935 2551 cum
971 2500 1138 2550 exiret
1160 2499 1329 2562 domo,
1353 2495 1581 2558 lavandi,

514 2578 774 2643 gestandi,
807 2587 897 2628 aut
933 2579 1169 2629 ludorum
1209 2590 1381 2626 cansa.
1443 2573 1577 2624 Haec

514 2654 759 2718 &genium

518 2768 525 2774 -
578 2733 815 2782 Fuerunt
836 2736 893 2781 et
914 2731 1000 2780 alii
1020 2736 1128 2781 tres
1143 2730 1284 2780 modi
1309 2726 1580 2778 manumit-

516 2808 681 2870 tendi,
700 2823 830 2872 quos
852 2807 1217 2858 Jurisconsulti
1237 2806 1475 2855 naturales
1494 2818 1582 2853 vo-

518 2891 663 2947 cant,
685 2899 874 2948 nempe
895 2884 1023 2935 inter
1042 2885 1232 2948 amicos,
1248 2897 1338 2946 per
1358 2893 1581 2941 mensuare,

518 2969 572 3011 et
586 2977 676 3027 per
693 2962 953 3025 epistolam.

585 3039 725 3089 later
755 3038 926 3088 amicos
960 3038 1039 3097 fit,
1074 3053 1188 3088 cum
1233 3031 1584 3105 presentibus

519 3116 697 3166 amicis
733 3131 915 3165 servus
948 3132 980 3165 a
1022 3116 1228 3165 domino
1267 3109 1583 3161 manumitti-

519 3199 641 3254 tur;
657 3207 1003 3257 permeata,
1019 3206 1157 3252 cnm,
1166 3182 1432 3239 libertatis
1456 3186 1582 3234 dan-

519 3270 602 3320 dae
641 3284 817 3330 cansa,
866 3283 1045 3318 servus
1090 3265 1327 3316 convivio
1371 3263 1583 3312 adhibe-

518 3352 640 3409 tnr3
670 3363 757 3412 per
777 3347 1035 3410 epistolam,
1059 3343 1264 3408 quando
1287 3355 1438 3390 servo
1461 3338 1586 3390 alibi

519 3423 927 3490 degenti,missis
950 3420 1136 3484 literis,
1171 3435 1201 3468 a
1235 3417 1443 3467 domino
1467 3431 1583 3481 per-

518 3503 751 3553 mittitur
774 3509 832 3551 ut
857 3501 992 3549 liber
1010 3500 1171 3548 vivat.

526 3616 531 3625 ‹
586 3581 691 3633 Qui
730 3587 906 3630 tamen
956 3577 1030 3624 sic
1079 3571 1374 3622 manumissi
1419 3576 1587 3632 erant,

517 3657 768 3707 minorem
790 3654 1086 3709 libertatern
1117 3648 1585 3714 consequebantur,

521 3739 578 3783 et
619 3732 793 3782 Latini
835 3728 1048 3781 Juniani
1091 3727 1415 3788 dicebantur,
1467 3727 1584 3789 lege
1615 3750 1626 3760 ·

519 3808 679 3863 sunia
723 3806 990 3864 Norbana,
1037 3818 1152 3853 cum
1198 3805 1284 3853 alii
1328 3802 1585 3866 prioribus

520 3886 688 3937 modis
704 3883 998 3934 manumissi
1033 3882 1274 3946 majorem
1314 3872 1369 3930 et
1389 3882 1584 3946 justam

523 3968 965 4025 consequerentur
1003 3959 1320 4020 libertatem,
1353 3967 1411 4009 et
1445 3959 1584 4009 cives

525 4041 677 4090 Rom’.
696 4036 902 4087 fierent.

592 4114 668 4164 At
689 4115 794 4179 qui,
816 4114 936 4163 dum
963 4116 1205 4177 serviret,
1240 4114 1413 4163 fuerat
1446 4113 1586 4163 notis

524 4197 885 4255 compunctus,
914 4198 1006 4241 aut
1041 4192 1092 4241 in
1130 4192 1391 4257 publicum
1415 4205 1588 4240 carce-

1651 964 1787 1028 quod
1833 963 2140 1014 verberibus
2185 960 2406 1012 affectus
2451 954 2729 1012 consessui

1650 1048 1808 1103 esset,
1832 1047 1938 1090 tum
1962 1042 2005 1090 si
2028 1047 2211 1104 postea
2248 1037 2734 1103 manumitteretur,

1560 1153 1564 1158 ,
1652 1132 1717 1166 ex
1740 1118 1858 1182 lege
1885 1118 2017 1168 AElia
2041 1118 2222 1167 Sextia
2244 1122 2449 1166 tantum
2470 1115 2734 1186 dedititius

1650 1193 1772 1258 fuit,
1792 1203 1846 1245 et
1867 1195 2095 1246 infimam
2118 1195 2416 1244 libertatem
2439 1194 2644 1244 habuit.

1721 1271 1806 1321 Sic
1847 1272 2008 1322 veluti
2050 1272 2240 1335 triplex
2275 1270 2540 1320 libertatis
2564 1265 2733 1334 genus

1655 1347 1898 1411 dabatur,
1934 1350 2103 1414 major
2140 1364 2255 1413 quae
2293 1356 2352 1397 et
2383 1349 2525 1408 justa
2565 1348 2735 1414 dicta,

1656 1431 1713 1473 et
1734 1425 1898 1475 minor
1919 1440 2035 1490 qnae
2055 1426 2312 1474 Junimm
2344 1426 2653 1487 Latinorum,
2677 1416 2736 1475 et

1657 1500 1848 1564 infima,
1881 1517 2000 1567 quae
2036 1501 2384 1552 Dedititioram
2423 1503 2736 1565 Latinorum,

1655 1576 1744 1641 qui
1766 1575 2033 1627 civitatem
2070 1577 2291 1642 adipisci
2323 1591 2427 1627 non
2464 1582 2738 1685 poterant,

1657 1657 1793 1703 teste
1818 1655 2029 1706 Sueten.

1663 1765 1666 1770 »
1722 1732 1861 1781 Duas
1878 1731 2075 1796 species]
2109 1731 2274 1782 Idem
2302 1731 2472 1781 innuit
2511 1731 2734 1783 Sueton.

1658 1806 1794 1871 Aug.
1817 1810 1900 1856 40.
1923 1808 1937 1833 ‘
1963 1807 2150 1857 Servos
2174 1822 2277 1856 non
2301 1811 2583 1858 contentus
2605 1807 2737 1857 mul-

1658 1883 1727 1932 tis
1746 1881 2139 1933 difficultatibus
2162 1899 2190 1933 a
2208 1883 2469 1944 libertate,
2489 1889 2547 1934 et
2563 1884 2735 1934 multo

1658 1959 1892 2023 pluribus
1928 1957 1959 2008 a
1981 1951 2228 2011 libertate
2259 1961 2408 2025 justa
2430 1960 2738 2025 removisse,

1658 2050 1774 2085 cum
1792 2041 1850 2085 et
1871 2037 1935 2085 de
1954 2050 2164 2086 numero
2187 2044 2243 2086 et
2263 2037 2328 2086 de
2348 2037 2737 2089 conditioneac

1657 2110 1958 2162 differentia
1979 2127 2155 2163 eorum
2179 2114 2268 2178 qui
2303 2114 2735 2163 manumitteren-

1659 2194 1743 2239 tur
1766 2189 1971 2238 curiose
1992 2191 2237 2255 cavisset,
2256 2190 2353 2239 hoc
2387 2203 2600 2255 quoque
2638 2189 2734 2240 ad·

1650 2259 1807 2331 jecit,
1846 2281 1912 2315 ne
1950 2266 2158 2316 vinctus
2215 2281 2443 2332 unquam
2489 2273 2756 2323 tortnsve

1659 2342 1792 2407 quis,
1811 2342 1917 2392 ullo
1939 2342 2200 2393 libertatis
2236 2357 2429 2408 genere
2458 2344 2735 2395 civitatem

1661 2417 2070 2483 adipisceretur?

1727 2496 1834 2546 Ubi
1873 2496 1947 2546 sic
1987 2496 2227 2560 Lipsius:
2275 2496 2491 2548 libertas
2512 2498 2735 2563 duplex,

1645 2573 1798 2636 justa,
1833 2589 1926 2623 non
1949 2574 2087 2634 justa
2102 2591 2120 2625 .·
2161 2574 2272 2624 baec
2296 2575 2454 2636 justa,
2476 2589 2595 2639 quae
2617 2575 2737 2624 vin-

1659 2650 1819 2713 dicta,
1844 2665 2018 2712 censn,
2059 2656 2374 2701 testamento
2414 2651 2560 2701 data.
2589 2652 2736 2703 -Non

1647 2727 1801 2792 justa,
1824 2743 1941 2793 quae
1975 2729 2113 2778 inter
2151 2730 2362 2789 amicos,
2385 2727 2439 2776 in
2470 2728 2735 2793 convivio,

1661 2821 1757 2872 per
1778 2802 2049 2870 epistolam
2073 2807 2313 2857 dabatur.

1725 2890 1746 2917 ¹·
1777 2884 2079 2935 Poenitentiae
2096 2890 2178 2936 αιιι
2199 2899 2317 2935 nouo
2338 2883 2592 2952 beneficio]
2611 2885 2740 2938 Poe-

1661 2961 1917 3024 nitentia,
1961 2968 2024 3011 ut
2069 2963 2361 3012 retraheres
2411 2963 2472 3011 in
2514 2961 2746 3013 servitu—

1659 3044 1796 3094 tem·
1783 3074 1797 3088 .
1831 3038 2104 3102 beneficio,
2123 3048 2184 3089 ιιι
2206 3039 2443 3089 vindicta
2461 3036 2737 3092 liberares.

1660 3114 1750 3164 Ita
1782 3116 1919 3179 apud
1959 3116 2187 3165 Plinium
2212 3116 2380 3179 Epist.
2403 3117 2440 3166 1.
2466 3128 2570 3167 vu.
2591 3118 2608 3146 ‘
2637 3117 2740 3166 Fa·-

1662 3192 1760 3242 cile
1794 3191 2046 3243 deflectet
2069 3193 2132 3242 ad
2162 3200 2232 3254 te,
2256 3193 2300 3241 si
2331 3194 2471 3241 voles
2495 3193 2740 3247 vindicta

1661 3267 1902 3331 liberare,
1932 3270 2059 3367 quqs
2099 3269 2330 3332 proxime
2370 3269 2508 3318 inter
2539 3269 2742 3322 amieos

1662 3345 2035 3395 manumisistiss
2096 3345 2305 3408 Lipsius.

1728 3421 2033 3471 Poenitentioe
2053 3426 2137 3471 aut
2158 3438 2274 3471 novo
2306 3422 2553 3489 beneficio]
2577 3423 2743 3474 Poens-

1663 3498 1827 3548 tentioe
1868 3512 2077 3561 nempe,
2114 3514 2215 3563 qua
2260 3500 2621 3548 retraheretur
2660 3499 2739 3548 in-

1665 3583 1839 3640 gratus
1861 3576 1911 3624 in
1930 3576 2240 3627 servitutem
2274 3576 2586 3638 pessimam3
2619 3589 2744 3627 nm

1666 3653 1901 3719 beneficio,
1920 3668 2022 3718 quo
2042 3654 2151 3702 scil.
2185 3653 2404 3715 primum
2427 3653 2554 3703 data
2578 3652 2740 3704 liber-

1668 3739 1748 3781 tas
1772 3729 2165 3781 confirmaretur
2185 3731 2613 3795 sancireturque3
2646 3740 2740 3781 seu

1663 3814 1940 3873 postquam
1983 3807 2191 3856 ademta
2222 3813 2359 3857 esset
2404 3807 2627 3858 libertas
2661 3806 2738 3858 in-⁴

1665 3890 1813 3948 grato
1830 3883 2039 3945 liberto,
2051 3897 2237 3947 nempe
2254 3889 2349 3947 'per
2369 3884 2739 3949 poenitentiam

1664 3960 1908 4012 beneficii
1946 3960 2140 4022 collati,
2171 3975 2291 4009 mox
2327 3975 2506 4010 rursus
2542 3961 2621 4010 illi
2655 3965 2741 4012 ea?-

1667 4038 1785 4087 dem
1808 4037 2021 4087 libertas
2056 4053 2190 4088 novo
2215 4037 2471 4088 beneficio
2492 4040 2744 4092 restitue‘·

1666 4120 1829 4241 :eitun
1895 4114 1999 4163 Sed
2028 4114 2166 4180 prior
2188 4128 2367 4166 sensus
2401 4115 2571 4181 magis
2596 4115 2740 4203 forte

1758 4204 1880 4241 rem.

526 4282 638 4319 rem
676 4268 964 4333 conjectus,
1012 4276 1103 4321 aut
1138 4276 1355 4335 propter
1390 4267 1588 4319 crimen
1680 4302 1691 4310 -
