3063 4952
533 371 711 461 1784
1210 386 1296 443 ὀ.
1336 386 1701 449 connnnu
1746 394 2010 450 'raclrr

531 518 819 601 buisset:
852 539 1193 601 ‘attamen4
1210 542 1510 604 neutrum
1535 540 1710 607 datis
1735 563 1778 609 a
1798 549 2194 630 se‘praemiis
2215 554 2423 621 exuit.
2513 557 2736 624 Bello⁵

528 641 597 700 et
622 637 932 720 periculis
956 645 1354 707 meruerant:
1399 643 1469 706 in
1496 642 1601 708 his
1628 645 1796 710 enim
1831 646 2112 731 juventa
2138 650 2433 738 Augusti
2461 667 2733 728 versata

528 743 649 805 est.
707 738 858 803 Nec
886 740 1049 806 mihi
1077 742 1210 806 tela
1238 747 1306 807 et
1332 764 1569 809 manus
1598 751 1729 811 tuae
1755 748 2139 832 defuissent,
2163 757 2230 820 in
2253 761 2457 825 armis
2486 764 2734 846 agenti.

527 840 668 906 Sed
697 842 874 926 quo‘d
902 861 1202 926 praesens
1231 844 1520 913 conditio
1547 853 1889 933 poscebat,
1913 857 2183 937 ratione,
2214 864 2522 944 consilio,
2556 887 2734 950 praeff

2419 408 2513 479 [A.
2536 415 2606 468 U.
2627 423 2739 474 816.

524 1047 748 1098 cumque
783 1035 1150 1097 concessisset;
1195 1044 1423 1089 attamen
1460 1046 1701 1090 neutrum
1736 1042 1979 1106 spoliavit
2016 1049 2311 1100 muneribus
2345 1068 2378 1101 a
2409 1068 2467 1103 se
2501 1056 2731 1109 tributis.

524 1098 591 1148 In
616 1099 750 1148 bello
773 1106 827 1149 et
860 1101 1054 1165 praeliis
1076 1102 1148 1149 ini
1174 1117 1385 1166 operam
1409 1113 1685 1156 navaraut:
1723 1107 1915 1172 quippe
1934 1108 1985 1159 iu
2015 1112 2092 1161 his
2129 1113 2371 1166 'uventus
2394 1117 2620 1182 Augusti
2646 1138 2729 1172 oc·

524 1170 716 1227 cupata
737 1172 836 1213 est.
903 1166 1019 1216 Nec
1042 1167 1164 1215 mihi
1187 1183 1346 1233 arma,
1364 1176 1420 1219 et
1443 1171 1651 1220 brachia
1673 1178 1765 1222 tua
1788 1172 2094 1237 defuissent,
2111 1128 2301 1229 genum
2326 1186 2553 1246 gerenti.
2623 1187 2729 1237 Sed

522 1230 661 1294 quod
704 1229 927 1280 conditio
970 1238 1264 1295 temporum
1309 1235 1627 1301 postulabat,
1672 1237 1860 1301 juvisti
1901 1241 2179 1304 pueritiam
2214 1254 2463 1313 nostram,
2502 1250 2629 1301 dein
2670 1259 2726 1303 et

1350 1361 1356 1367 “
1432 1362 1789 1386 ONNONONO

515 1436 620 1488 Ms.
642 1439 786 1504 Reg.
823 1446 878 1489 et
911 1440 1136 1491 editione
1174 1442 1526 1506 principa—4
1562 1446 1663 1497 Ms.
1698 1446 1836 1497 Flor.
1859 1454 2121 1510 actamem
2151 1453 2226 1504 sic
2245 1429 2448 1522 quoque
2473 1461 2723 1523 placebat

514 1503 840 1555 Mureto.-5
875 1506 962 1556 Ita
983 1508 1109 1558 Mss.
1133 1507 1282 1559 Harl.
1303 1509 1457 1559 Bodl.
1476 1509 1589 1560 Jes.
1612 1510 1787 1561 Guelf.
1814 1515 1972 1564 Corb.
1996 1515 2156 1567 editio
2179 1519 2417 1586 princeps
2451 1533 2507 1573 et
2537 1541 2719 1578 recen·

510 1567 691 1621 tiores.
756 1571 1093 1637 Puteolanus,
1124 1572 1273 1623 bellis.
1338 1573 1498 1638 Ante,
1535 1574 1671 1640 bello,
1691 1576 1960 1630 Acidalius
1984 1582 2161 1643 vellet,
2200 1590 2282 1643 αις
2315 1588 2452 1650 quod
2476 1589 2715 1655 objectio

1510 1705 1729 1756 NOTAE

507 1814 646 1864 tueri
669 1823 896 1878 possent,
918 1816 1162 1882 quicquid
1184 1820 1284 1870 illis
1303 1819 1570 1872 tribuisset
1609 1861 1611 1863 >
1644 1821 1974 1875 crudelitatis
1991 1833 2158 1878 metus
2176 1829 2229 1878 in
2248 1844 2337 1880 ore
2355 1833 2586 1885 omnium
2605 1850 2716 1887 ver·

505 1890 789 1955 Augustus·
879 1895 947 1943 Et
992 1895 1067 1944 sic
1109 1897 1391 1961 explicant,
1445 1900 1568 1964 quia

503 1968 748 2032 princeps
793 1984 1115 2037 quacumque
1171 1980 1327 2024 aetate
1391 1984 1566 2039 potest

503 2043 642 2093 tueri
664 2047 797 2109 quod
821 2045 986 2109 dedit;
1009 2062 1112 2097 non
1135 2057 1306 2099 antem
1330 2052 1566 2103 minister

504 2118 660 2170 rebus
683 2128 912 2171 amotus:
950 2123 1040 2173 sed
1065 2139 1095 2174 a
1115 2128 1375 2178 sententia
1386 2129 1561 2178 Taciti

390 2200 401 2205 ‘
502 2195 762 2249 deerrant-

558 2271 578 2317 J
613 2274 846 2339 Quicquid
876 2277 1017 2342 iuml]
1050 2280 1278 2332 Vertunt
1297 2288 1351 2334 et
1371 2283 1561 2334 intelli-

501 2360 632 2417 gunt
642 2353 707 2404 de
722 2355 907 2419 opibus
925 2372 1050 2421 quas
1065 2357 1324 2423 Augustus
1341 2361 1560 2413 dederat

497 2429 748 2497 Agrippae
771 2439 824 2482 et
847 2435 1147 2501 Maecenati,
1183 2439 1327 2503 quasi
1363 2444 1468 2489 tum
1492 2454 1558 2490 ea

492 2513 658 2558 aetate
691 2515 749 2558 et
781 2512 1092 2562 auctoritate
1113 2520 1249 2563 esset
1271 2513 1554 2580 Augustus,

494 2597 599 2648 qua
638 2585 743 2634 suis
786 2587 964 2638 amieis
1008 2588 1132 2640 data
1171 2604 1384 2642 munera
1421 2595 1554 2643 tueri

491 2668 688 2725 posset.
765 2663 870 2715 Sed
912 2679 1014 2715 non
1057 2667 1101 2716 is
1144 2682 1322 2718 sensus
1357 2670 1553 2724 Taciti.

493 2739 635 2792 Quid
656 2743 791 2792 enim
813 2758 944 2808 opus
980 2752 1138 2798 aetate
1158 2754 1214 2798 et
1237 2751 1550 2802 auctoritate

490 2816 560 2878 ad
601 2832 726 2883 opes
761 2820 998 2884 tuendas,
1037 2839 1153 2887 quae
1198 2832 1364 2889 partae
1403 2826 1548 2879 bouis

488 2892 689 2943 artibus
729 2901 783 2944 et
819 2896 956 2946 curis
994 2898 1253 2962 publicis?
1308 2904 1378 2953 Et
1416 2905 1549 2969 quis,

488 2967 729 3033 principe
739 2971 945 3023 volente
961 2982 1017 3025 et
1037 2974 1268 3045 favente,
1284 2980 1346 3030 iis
1364 2982 1545 3032 amicis

486 3058 616 3109 opes
638 3046 899 3099 invideat?

550 3120 733 3173 Innuit
751 3124 979 3191 Tacitus,
1008 3128 1234 3191 potuisse
1252 3131 1544 3197 Augustum

485 3204 597 3250 tum
641 3201 776 3252 tueri
819 3218 914 3253 sua
951 3208 1261 3259 auctoritate
1294 3210 1542 3276 quicquid

482 3278 820 3331 concessisset
839 3289 932 3332 aut
961 3284 1282 3348 permisisset
1316 3290 1542 3352 proceri·

480 3354 596 3420 bus,
630 3358 909 3421 respiciens
934 3360 1002 3411 ad
1026 3362 1205 3427 otium,
1243 3365 1386 3429 quod
1420 3381 1541 3416 con-

479 3441 709 3484 cesserat
721 3438 918 3499 magnis
931 3438 1030 3487 illis
1046 3439 1239 3506 amicis,
1250 3448 1308 3492 et
1316 3441 1539 3507 Reipub.

438 3535 459 3542 —
476 3509 637 3559 etiam
661 3517 769 3561 tum
796 3514 1018 3566 utilibus.
1380 3555 1385 3556 ff
1511 3535 1517 3541 ·

543 3586 646 3635 Sed
669 3588 869 3639 nonita
904 3605 961 3640 se
992 3592 1172 3643 babuit
1206 3593 1272 3643 de
1305 3595 1537 3658 Nerone,

472 3662 567 3725 qui
610 3676 779 3728 neque
817 3678 881 3714 ea
921 3672 1082 3717 aetate
1107 3669 1188 3717 vel
1222 3670 1536 3722 auctoritate

390 3765 392 3767 v
474 3734 727 3803 suit‚.(vel
760 3740 942 3790 saitem
981 3740 1133 3793 finxit
1169 3759 1271 3802 non
1300 3745 1454 3809 esse,)
1473 3752 1535 3797 ut

469 3820 652 3876 posset
674 3817 807 3865 tueri
828 3816 1040 3868 honeste
1060 3819 1116 3871 in
1131 3822 1329 3885 vulgus,
1345 3821 1389 3874 si
1410 3824 1533 3873 aula

1643 1898 1877 1952 sabitur.’

1709 1979 1856 2042 Sunt,
1878 1979 1965 2046 qui
1994 1982 2289 2048 intelligant
2311 1986 2375 2035 de
2391 1986 2636 2053 Agrippa
2657 1997 2713 2041 et
2773 1994 2784 2007 ⁸

1642 2054 1956 2109 Maecenate.
2023 2060 2184 2111 Quasi
2222 2070 2329 2112 tum
2367 2065 2495 2117 satis
2530 2072 2711 2117 aucto-

1641 2130 1813 2182 ritatis
1834 2134 2087 2184 haberent
2125 2136 2191 2185 ad
2225 2140 2443 2189 tuendas
2477 2155 2607 2204 opes
2640 2143 2719 2192 ab

1639 2205 1877 2270 Augusto
1896 2210 1996 2260 sibi
2017 2210 2253 2265 donatas.
2314 2216 2420 2265 Sed
2443 2218 2543 2267 hoc
2563 2219 2708 2269 nullo

1639 2298 1809 2336 seusu.

1706 2363 1839 2411 Nam
1861 2362 1971 2425 ipse
1992 2365 2193 2416 Seneca
2216 2373 2374 2418 aetate
2397 2375 2455 2418 et
2478 2370 2705 2420 auctori-

1636 2442 1748 2489 tate
1781 2439 2009 2505 valebat,
2047 2441 2113 2492 ad
2159 2445 2404 2495 tuendum
2450 2447 2699 2514 quicquid

1634 2514 1879 2579 princeps
1895 2514 1994 2581 ipsi
2008 2519 2366 2571 concessisset.
2403 2522 2547 2572 Nero
2564 2538 2705 2573 com-

1633 2596 1785 2654 parat
1837 2591 1919 2642 hic
1976 2601 2183 2645 aetatem
2232 2604 2287 2646 et
2334 2600 2699 2659 auctoritatem

1597 2659 1601 2666 ’
1631 2666 1859 2733 Augusti
1882 2684 1996 2719 cum
2020 2687 2129 2735 sua,
2151 2688 2310 2739 seque
2341 2674 2496 2739 longe
2517 2675 2698 2733 iuferi-

1631 2758 1771 2794 orem
1792 2744 2015 2809 fatetnr;
2047 2749 2183 2814 quod
2205 2750 2257 2798 in
2282 2765 2338 2799 re
2357 2766 2565 2803 vernmz
2602 2753 2695 2804 sed

1629 2835 1730 2885 quo
1749 2822 1863 2871 velo
1882 2823 2093 2888 tegebat
2108 2827 2293 2876 malam
2309 2834 2559 2894 mentem,
2578 2845 2702 2881 con-

1626 2897 1740 2946 silia
1761 2898 1999 2962 pessima.

1694 2974 1935 3039 Quicquid
1966 2976 2108 3040 iuna]
2142 2978 2282 3029 Puto
2303 2980 2354 3029 id
2396 2980 2695 3048 intelligen-

1626 3050 1746 3102 dum
1767 3052 1833 3101 de
1870 3067 2075 3104 secessu
2107 3063 2164 3106 et
2200 3057 2306 3107 otio
2331 3060 2596 3111 concessis
2618 3060 2693 3111 A·

1624 3113 1825 3194 &rippas
1847 3135 1904 3180 et
1925 3130 2228 3196 Maecenati,
2258 3138 2314 3182 et
2346 3149 2408 3183 eo
2430 3149 2594 3186 ‘sensu
2618 3138 2690 3186 lo-

1624 3206 1798 3270 quitur
1821 3208 1980 3258 Nero.
2034 3213 2049 3237 ⁸
2064 3208 2209 3259 Avus
2232 3226 2375 3261 meus
2400 3212 2692 3279 Angustus,

1621 3281 1872 3348 Agrippae
1885 3291 1941 3335 et
1955 3285 2238 3337 Maecenati
2253 3301 2504 3353 usurpare
2518 3291 2688 3341 otium

1620 3365 1742 3426 post
1763 3359 1963 3410 labores
1985 3362 2278 3412 concessit!
2346 3365 2417 3420 Et
2435 3379 2501 3429 ea
2524 3371 2685 3416 aetate

1619 3442 1675 3485 et
1709 3437 2024 3487 auctoritate
2057 3437 2158 3489 fuit
2186 3437 2473 3503 Augustus,
2504 3448 2567 3491 ut
2587 3456 2685 3506 per

1613 3530 1677 3580 se
1718 3518 1856 3569 tueri
1889 3525 2067 3583 posset
2100 3518 2477 3584 qualecumque
2511 3519 2587 3583 id,
2627 3526 2685 3570 et

1616 3607 1938 3660 quocumque
1955 3593 2105 3644 modo
2128 3595 2403 3644 tribueret.

1681 3668 1755 3719 At
1777 3684 1891 3734 ego,
1907 3670 1981 3720 ait
1997 3669 2161 3734 Nero,
2177 3684 2287 3718 sum
2301 3668 2500 3733 junior,
2522 3685 2680 3733 quam

1615 3752 1674 3796 nt
1697 3747 2009 3797 auctoritate
2029 3759 2144 3795 mea
2165 3745 2218 3810 id
2241 3746 2375 3795 tueri
2396 3746 2588 3810 possim
2621 3747 2677 3798 in

1610 3825 1794 3888 vulgus
1810 3830 2107 3889 patresque,
2129 3824 2172 3872 si
2191 3828 2392 3888 sponte,
2408 3828 2499 3873 ant
2517 3824 2677 3875 etism

468 3889 723 3942 Senecam
766 3894 1113 3959 exturbasset,
1145 3898 1226 3947 vel
1268 3912 1530 3950 recessum
1603 3897 1752 3962 jussu
1785 3911 1920 3963 meo,
1952 3903 2149 3949 Seneca
2188 3914 2219 3948 a
2240 3898 2479 3965 principe
2503 3906 2561 3951 et
2593 3913 2672 3950 re·

469 3967 804 4030 permisisset.

533 4044 690 4095 Et-id
726 4045 856 4097 dicit
889 4062 1136 4115 expresse
1173 4052 1318 4103 Nero
1356 4053 1525 4104 infra:

462 4120 484 4165 .‘
511 4119 632 4171 Non
678 4130 767 4174 tua
805 4126 1115 4192 moderatio,
1157 4129 1203 4179 si
1239 4129 1527 4186 reddideris

462 4196 758 4265 pecuniam,
811 4216 910 4252 nec
968 4205 1134 4270 quies,
1176 4204 1220 4255 si
1263 4206 1526 4273 reliqueris

467 4272 777 4343 principem,
819 4279 913 4331 sed
953 4295 1073 4332 mea
1112 4280 1351 4347 avaritia,
1392 4297 1522 4335 meae

1608 3975 1800 4039 gimine
1821 3974 2136 4026 discesserit.

1674 4051 1782 4102 Alii
1801 4052 2096 4116 intelligunt
2116 4052 2183 4102 de
2204 4052 2405 4117 opibus,
2425 4053 2671 4118 quas-tri-

1607 4126 1806 4179 buisset
1840 4130 2050 4191 amicis„
2075 4135 2131 4188 et
2152 4127 2307 4188 ‚forte
2340 4129 2409 4202 dp
2448 4137 2665 4195 utroque

1605 4198 1872 4269 Augustus
1889 4204 2195 4256 indistincte
2206 4222 2222 4270 3
2243 4220 2450 4271 nempe,
2471 4206 2665 4264 deotio

1604 4285 1661 4331 et
1681 4281 1903 4347 pecunia
1924 4282 2059 4333 sumi
2080 4282 2164 4334 hic
2187 4283 2331 4334 locus
2352 4282 2532 4348 possit.
