3063 4952
304 429 356 483 s.
374 430 439 493 e,
461 419 585 517 eq
612 452 617 461 ν

982 420 1393 473 nummum
1442 424 1589 474 mn.
1638 423 1830 493 xm,

2340 412 2516 481 1413

303 577 323 606 ‘
338 574 820 638 consecratum
836 567 1248 647 Claudium,⁸
1284 567 1565 634 infernos
1609 569 1984 639 Silanorum
2024 572 2270 640 manes’
2316 574 2511 648 invo-

300 673 491 755 caue,t
518 680 584 741 et
615 679 635 708 ‘
667 679 767 738 tot
795 673 985 738 irrita
1011 671 1348 737 facinora?

298 856 525 908 dicatum
546 858 680 906 coelo
703 856 1000 924 Claudium,
1018 859 1292 909 Tartareos
1310 859 1598 912 Silanorum
1618 877 1811 923 manes,
1836 867 2018 929 totque
2048 863 2149 914 alia
2181 878 2315 914 vana
2340 871 2394 915 et
2431 863 2509 914 in·

300 921 568 973 fructuosa
593 923 833 972 crimina.

1294 1057 1513 1108 NOTAE

300 1186 431 1238 Nam
455 1187 546 1238 vel
580 1187 740 1250 erigit
779 1187 973 1251 palmas
996 1186 1047 1236 in
1084 1187 1364 1251 Neronem,

300 1265 343 1314 ai
365 1280 544 1315 coram
582 1265 787 1325 aderat,
820 1265 901 1314 vel
932 1265 1141 1329 inipsos
1165 1265 1363 1314 consul-

299 1348 435 1392 tores
456 1341 801 1405 fautoresque
828 1342 1066 1403 Neronis,
1088 1342 1171 1390 vel
1194 1341 1267 1393 ita
1288 1341 1362 1389 in-

300 1422 467 1470 tendit
510 1422 731 1485 palmea,
777 1426 835 1468 nt
880 1418 1087 1467 ferociae
1146 1434 1271 1481 suae,
1311 1424 1366 1469 et

298 1496 560 1547 violentiae
584 1497 660 1545 sic
686 1496 849 1558 magis
874 1495 1157 1558 indulgeat.

361 1574 488 1638 Ipsa
527 1574 733 1637 aggerit
768 1573 959 1637 probra
995 1571 1176 1620 eodem
1210 1572 1362 1622 modo

301 1660 356 1701 et
383 1652 499 1716 pari
537 1666 714 1712 sensu,
754 1666 854 1714 quo
890 1649 1114 1698 intendit
1148 1664 1358 1698 manus:

303 1735 354 1779 at
376 1744 476 1779 non
499 1730 702 1792 aggerit
730 1728 922 1792 probra
954 1728 1003 1775 in
1039 1727 1253 1777 coelum:
1289 1727 1364 1776 ita

300 1820 466 1870 neque
514 1807 712 1869 palmas
753 1805 817 1853 ad
851 1803 1023 1852 sidera
1060 1803 1198 1853 tollit
1231 1818 1363 1867 prae-

301 1883 422 1945 cise,
458 1898 560 1932 nec
600 1882 735 1931 enim
777 1882 908 1931 coelo
944 1880 1166 1929 attendit
1202 1880 1364 1930 mina-

301 1967 447 2010 turve
472 1959 787 2024 Agrippina,
809 1958 900 2007 sed
923 1956 1026 2005 filio
1045 1954 1361 2006 fautoribus-

301 2051 400 2103 que
422 2036 631 2101 flagitii.

363 2115 620 2164 Intendere
650 2111 841 2174 manue]
887 2109 1061 2161 Vertit
1104 2109 1361 2174 interpres

300 2191 586 2256 HispanuS,
608 2190 753 2256 qnasi
785 2203 949 2237 mam
978 2189 1041 2237 ad
1072 2188 1239 2236 coelnm
1263 2192 1364 2245 ten,-

299 2271 428 2321 deret
469 2270 764 2334 Agrippina,
800 2274 855 2317 et
898 2268 1044 2333 quani
1086 2272 1363 2331 agger-eret

300 2348 491 2412 probra
506 2344 568 2396 in
591 2347 848 2396 Burrhum
874 2350 926 2393 et
948 2344 1215 2395 Senecam.
1258 2342 1365 2393 Sed

301 2425 521 2491 proecise
565 2430 769 2474 tantum
804 2420 1057 2472 tendebat
1095 2434 1275 2470 manu·
1308 2420 1363 2470 in

301 2503 481 2567 altum,
504 2500 765 2563 minando,
780 2512 882 2548 non
905 2497 971 2547 ad
993 2498 1199 2558 coelum,
1216 2497 1363 2561 quasi

242 2605 247 2608 ·
299 2580 582 2630 vindictam
615 2578 690 2628 tic
724 2582 1045 2641 precaretur.
1116 2574 1363 2623 Intende-

299 2656 389 2707 bat
425 2658 543 2722 ipsa
576 2669 759 2705 manus
796 2653 1062 2718 minasque
1093 2650 1362 2701 indefinite

301 2733 351 2782 in
372 2734 669 2793 Neronem,
687 2731 837 2780 simul
861 2736 916 2779 et
941 2729 1211 2793 magistros
1246 2730 1361 2778 illos

303 2809 684 2873 dominationis,
698 2810 748 2860 in
767 2824 895 2874 quos
912 2808 1024 2873 pari
1040 2807 1195 2858 modo
1209 2822 1363 2872 agge-

304 2889 446 2939 rebat
469 2888 683 2953 probra.

363 2965 522 3018 Quod
546 2964 844 3015 intenderet
879 2964 1042 3013 minas
1077 2976 1362 3028 mannaque

303 3041 352 3091 in
387 3043 657 3092 Neronem
698 3041 983 3105 praecipue,
1005 3046 1152 3103 patet
1175 3054 1240 3089 ex
1263 3040 1362 3106 his,

306 3132 412 3183 quar
434 3133 627 3183 supra:
661 3118 677 3147 ⁴
702 3117 933 3167 adultum
959 3118 1067 3182 jam
1105 3131 1218 3166 esse
1247 3117 1363 3166 Bri-

304 3193 605 3257 tannicum,’
619 3198 717 3244 διο.
742 3198 757 3223 ‘
775 3193 909 3259 quod
928 3194 1114 3244 insitus
1133 3199 1191 3243 et
1206 3193 1365 3257 adop-

304 3270 474 3334 tivus,’
486 3273 600 3321 γὰο.
634 3272 706 3320 Et
728 3285 794 3319 ex
815 3270 892 3319 hia
910 3285 1025 3336 qnae
1042 3277 1363 3336 sequuntur3

301 3345 317 3374 ‘
337 3353 699 3398 consecratum
739 3345 1045 3399 Clandinm.’

306 3424 422 3489 quia
442 3437 634 3488 nempe
655 3424 1014 3486 haereditatem
1035 3424 1235 3475 Claudii
1257 3439 1366 3475 sce-

301 3501 406 3552 lere
443 3501 720 3553 invasisset
754 3504 915 3566 Nero,
945 3503 1091 3566 cnjus
1116 3504 1199 3553 vel
1231 3503 1365 3554 anri·

304 3578 395 3628 bus
417 3593 522 3628 non
546 3578 842 3628 abstinebat
864 3585 1015 3630 atrox
1038 3578 1264 3630 foemina.

365 3657 622 3706 Intendere
642 3657 835 3720 manue]
854 3657 1107 3721 Capinnt,
1121 3659 1268 3723 quasi
1288 3659 1364 3708 in-

302 3733 548 3783 tenderet
569 3748 751 3782 manus
773 3733 826 3782 in
853 3735 1138 3785 Neronem.
1204 3736 1363 3785 Forte

303 3818 476 3861 tamen
501 3811 677 3875 potins
696 3812 750 3859 in
774 3812 1036 3861 ministros
1058 3812 1364 3862 dominatio-

302 3890 397 3953 nis,
428 3895 490 3938 ut
526 3889 607 3952 fit,
641 3889 898 3938 Burrbnm
921 3904 1107 3954 nempe
1131 3896 1187 3940 et
1207 3891 1366 3940 Sene-

303 3981 438 4029 cam,
454 3967 521 4016 de
546 3967 732 4031 quibus
749 3966 938 4016 hiebus
962 3967 1134 4030 potius
1152 3968 1366 4017 lacesse·

303 4044 390 4093 bat
417 4044 639 4093 foemina
679 4045 807 4093 licet
840 4044 1097 4109 impotens
1129 4053 1184 4096 et
1207 4046 1367 4096 domi-

303 4120 453 4169 nandi
477 4121 649 4184 avida,
672 4136 825 4184 qnam
849 4121 1015 4185 ipsum
1038 4122 1342 4187 principem.

344 4197 430 4245 .1n
473 4197 604 4246 alios
653 4210 831 4248 omnes
860 4197 1046 4260 potius
1093 4198 1367 4262 adyertere

305 4275 476 4323 oculos
513 4287 803 4338 manusque
845 4274 995 4326 licuit
1032 4281 1124 4325 ant
1158 4275 1368 4337 decuit3

308 4351 624 4420 dominantes
648 4353 750 4418 ipsi
785 4358 843 4402 et
879 4352 1083 4403 nomina
1104 4349 1369 4403 dominan-

1127 3348 1234 3398 Cur
1273 3347 1326 3396 id
1346 3349 1375 3397 ἰν

1445 1188 1574 1238 tium
1603 1203 1809 1253 semper
1846 1205 1961 1240 cnm
2001 1190 2294 1240 reverentia
2330 1189 2507 1243 obser-

1443 1270 1660 1325 vantnr3
1699 1272 1752 1315 at
1782 1272 1962 1315 contra
1987 1281 2126 1329 saepe
2149 1266 2397 1333 magistri,
2418 1283 2508 1320 seu

1442 1341 1663 1391 ministri
1685 1343 2042 1392 dominationis
2067 1343 2426 1396 exhorrentur.

1508 1426 1525 1451 ⁸
1564 1420 1897 1469 Consecratum
1939 1421 2209 1485 Claudium]
2285 1423 2382 1472 Est
2422 1420 2510 1489 qui

1444 1495 1515 1544 sic
1541 1496 1800 1558 explicet:
1828 1496 2086 1545 obtestatur
2111 1499 2379 1564 Claudium,
2396 1515 2508 1563 qna-

1442 1573 1485 1619 σὶ
1508 1572 1665 1621 Deum
1698 1574 1927 1622 vindicem
1957 1580 2128 1637 creptae
2159 1576 2355 1639 imperio
2377 1578 2506 1628 sobo·

1443 1647 1521 1710 lis,
1539 1663 1671 1711 seque
1703 1665 1732 1698 a
1748 1650 1863 1714 filio
1886 1652 2145 1713 despectam
2170 1656 2216 1699 et
2236 1653 2354 1701 male
2374 1653 2508 1703 habi-

1442 1729 1558 1775 tam.
1626 1727 1875 1777 Queritur
1914 1727 2087 1791 potius
2109 1728 2242 1775 irata
2266 1727 2514 1794 Agrippi·

1443 1816 1531 1863 na,
1553 1808 1608 1851 et
1645 1803 1928 1867 exprobrat
1959 1803 2065 1852 filio
2101 1804 2284 1866 multa,
2310 1804 2363 1853 in
2397 1806 2512 1870 qui·
2585 1814 2590 1817 '

1443 1879 1540 1929 bus
1588 1881 1837 1930 claudium
1871 1886 2202 1941 consecratum,
2242 1895 2333 1930 seu
2373 1883 2509 1932 occi-

1441 1971 1553 2004 sum
1583 1957 1779 2005 scelere
1810 1971 1920 2020 sno,
1959 1971 2020 2006 ac
2055 1956 2324 2021 veneficio,
2362 1964 2418 2008 et
2452 1957 2507 2008 id

1443 2033 1611 2082 scelus
1635 2034 1859 2083 Neronis
1881 2049 2037 2083 causa
2058 2043 2434 2098 perpetratum.

1507 2110 1645 2159 Dein
1667 2110 1950 2175 exprobrat
1986 2111 2057 2159 illi
2091 2111 2301 2171 infernos
2321 2112 2508 2163 Silano-

1440 2202 1549 2236 rum
1573 2189 1765 2250 Manes,
1794 2203 1921 2252 quos
1960 2189 2116 2238 etiam
2150 2204 2306 2239 causa
2339 2190 2509 2239 Nero-

1443 2264 1522 2312 nis
1546 2264 1831 2327 occiderat,
1851 2269 1906 2313 et
1930 2264 2076 2331 quasi
2100 2271 2262 2315 testes
2287 2265 2508 2316 advocat

1443 2342 1718 2407 pravitatis
1743 2349 1800 2391 et
1822 2342 2205 2406 ingratitudinis
2226 2342 2318 2391 filii
2343 2344 2439 2394 sui.

1507 2418 1593 2468 An
1637 2433 1725 2470 eos
1771 2418 1929 2469 etiam
1986 2419 2217 2470 vindices
2273 2423 2507 2486 appellet

1445 2493 1764 2560 Agrippina?
1805 2497 1902 2546 boc
1945 2511 2046 2546 non
2085 2498 2243 2548 babes
2284 2500 2506 2562 praecise

1443 2587 1511 2622 ex
1570 2573 1773 2637 Tacito,
1835 2573 1920 2638 qni
1971 2573 2116 2634 dicit,
2158 2571 2507 2638 Agrippinam

1442 2665 1673 2711 oggerere
1686 2649 1879 2714 probra,
1900 2654 1981 2714 850.
2047 2650 2134 2700 Sic
2154 2651 2371 2714 praecise
2398 2658 2508 2700 tan-

1445 2733 1553 2777 tum
1597 2719 1882 2791 exprobrat
1924 2727 2013 2776 has
2056 2733 2247 2796 mortes
2291 2729 2510 2792 Neroni,

1439 2818 1629 2868 nempe
1668 2804 1859 2854 Claudii
1900 2811 1956 2854 et
1975 2804 2292 2862 ,Siloam-um,·
2324 2821 2520 2870 expro-

1372 2938 1381 2950 ι
1442 2881 1563 2932 brat
1594 2882 1671 2933 illi
1711 2889 1790 2933 tot
1826 2883 2034 2933 seelera
2048 2897 2156 2946 sna,
2179 2890 2238 2932 ut
2258 2884 2430 2934 inania
2453 2891 2511 2935 et

1442 2945 1782 3024 infructuosa,
1822 2943 1888 3011 ob
1927 2961 2039 3025 ejus
2059 2961 2518 3026 ingratitudinem,

1444 3043 1500 3087 et
1522 3038 1694 3088 Manes
1710 3038 1927 3089 invocat.ss

1506 3115 1758 3178 Vertunt,
1788 3115 1936 3181 qnasi
1972 3130 2074 3165 non
2110 3117 2274 3166 solum
2309 3116 2383 3167 illi
2423 3131 2511 3166 ex-

1443 3194 1719 3258 probraret
1736 3207 1823 3244 eas
1839 3195 2011 3255 caedes
2033 3195 2140 3259 ejus
2159 3211 2318 3244 caiisa
2339 3202 2512 3258 patra·

1446 3278 1549 3334 tas,
1578 3270 1669 3320 sed
1696 3271 1873 3332 etiam,
1892 3271 2039 3335 quasi
2069 3271 2120 3319 in
2147 3271 2406 3321 Neronem
2433 3274 2512 3321 in·

1442 3355 1657 3399 vocaret
1677 3353 1994 3398 consecratum
2020 3349 2291 3409 Claudium,
2314 3356 2368 3398 et
2392 3348 2509 3397 Ma·

1444 3440 1535 3476 nes
1574 3427 1887 3487 Silanorum,
1917 3432 1977 3474 nt
2018 3427 2143 3475 talia
2182 3424 2413 3476 facinora
2457 3427 2509 3477 in

1442 3503 1610 3568 ipsum
1629 3505 1969 3553 vindicarent.

1513 3582 1849 3630 Comecratum
1896 3580 2169 3645 Claudium]
2239 3581 2344 3650 Sic,
2390 3582 2512 3648 quia

1445 3658 1616 3708 omnia
1655 3658 1869 3708 crimina
1911 3657 2025 3721 ipsa
2063 3658 2304 3723 deplorat
2347 3660 2514 3710 incas·

1446 3751 1560 3785 sum
1595 3741 1914 3800 perpetrata.
1979 3737 2100 3786 Jam
2139 3735 2346 3786 invocat
2384 3751 2525 3800 qno&

1445 3814 1631 3862 Manes
1658 3811 1790 3862 fecit
1830 3813 1944 3875 ipsa
1983 3820 2039 3862 et
2078 3815 2239 3875 Deos,
2260 3812 2381 3862 etin
2407 3812 2511 3875 pri·
2585 3800 2596 3808 ⁴

1444 3890 1542 3938 mis
1564 3889 1852 3951 Claudium,
1874 3904 2026 3953 quem
2051 3889 2236 3941 boleto
2273 3895 2328 3939 et
2359 3901 2513 3937 vene·

1445 3967 1570 4017 ficio
1592 3975 1988 4030 consecraverat
2012 3969 2230 4031 pessima
2255 3966 2482 4014 foemina.

1509 4045 1600 4094 Sic
1624 4052 1680 4094 et
1702 4046 1912 4094 invocat
1948 4043 2176 4093 infernos
2215 4044 2401 4096 Manes
2432 4040 2511 4089 Si-

1447 4122 1698 4184 lanorum‚
1723 4137 1849 4186 quos
1872 4121 2030 4171 etiam
2065 4120 2260 4168 frustra
2293 4133 2511 4167 necave-

1449 4204 1566 4259 rat3
1601 4214 1718 4247 cum
1742 4199 1815 4247 sic
1839 4197 1938 4248 sibi
1960 4197 2156 4260 periret
2186 4194 2386 4260 fructus
2421 4210 2509 4260 pa-
2585 4259 2586 4262 Ἴ

1447 4282 1574 4325 ratae
1593 4276 1798 4340 ingrato
1821 4274 1929 4324 filio
1952 4273 2331 4323 dominationis.

1512 4354 1530 4385 ¹
1562 4353 1732 4422 Manes
1772 4350 2014 4418 invocare]
2085 4351 2327 4416 vertunt,
2369 4350 2511 4416 quasi
