3063 4952
560 412 739 480 1764

1254 429 1323 479 C.
1374 424 1574 478 GORN
1586 422 1740 478 Ebu
1789 430 2050 480 ‘mem

2445 438 2559 509 .[A.,
2575 440 2645 492 U.
2666 445 2780 492 sis.

556 592 785 644 versus
803 574 1185 662 Principem
1206 581 1500 644 carmina
1515 578 1868 658 factitavit,
1888 579 2345 663 vulgavitque²
2364 581 2614 645 celebri
2627 601 2783 646 con-

555 681 767 759 vivio,
798 681 957 745 dum
988 684 1173 766 apud
1194 681 1543 747 Ostorium
1568 683 1930 767 Scapulam
1949 684 2275 766 epulatur.
2338 676 2519 748 Exin
2551 704 2596 748 a
2618 683 2787 748 Cos-

559 788 845 852 sutianoc
890 784 1242 870 Capitone,
1273 788 1390 871 qui
1417 807 1624 871 nuper
1664 787 2078 851 Senatorium
2108 786 2430 866 ordinem,
2464 787 2785 870 precibus

551 889 889 974 Tigellini,
918 891 1133 956 soceri
1161 893 1289 972 sui,
1323 897 1689 975 receperat,
1719 890 2085 976 majestatis
2116 888 2370 954 delatus
2399 896 2525 954 est.
2601 888 2782 955 Tum

554 995 843 1079 primum
899 1000 1212 1061 revocata
1269 1015 1349 1059 ea
1404 995 1561 1061 lex:
1608 992 2160 1077 credebaturque‘¹
2231 993 2409 1057 haud
2472 991 2784 1077 perinde⁸

554 1212 819 1276 splendidis
838 1213 1007 1277 epulis,
1032 1216 1143 1264 dum
1159 1221 1311 1265 coenat
1334 1217 1460 1281 apud
1499 1216 1741 1265 Ostorium
1763 1215 2031 1278 Scapulam.
2099 1214 2231 1263 Dein
2251 1218 2499 1262 accusatus
2518 1217 2595 1260 est
2617 1211 2787 1274 majes-

555 1278 676 1326 tntis
693 1292 723 1325 α
750 1279 1025 1329 Cossutiano
1061 1281 1306 1343 Capitone,
1339 1283 1421 1345 qui
1454 1297 1602 1345 nuper
1622 1282 1875 1330 restitutas
1901 1280 2076 1337 suerat
2111 1279 2317 1340 senatui,
2346 1279 2510 1339 gratia
2537 1278 2786 1339 Tigellini,

553 1343 701 1392 soceri
722 1344 812 1394 sui.
883 1344 1002 1394 Tam
1014 1344 1225 1409 primumi
1244 1351 1468 1397 renovato
1490 1362 1546 1396 ea
1562 1349 1643 1396 lex
1659 1347 1934 1410 putabatur,
1965 1361 2069 1409 quoe
2084 1360 2176 1393 non
2192 1348 2293 1392 tam
2310 1347 2506 1408 pararet
2516 1343 2786 1406 perniciem

1560 1509 1771 1561 NOTAE

617 1639 807 1704 Neque
844 1640 1014 1690 oleum
1058 1641 1111 1691 in
1157 1641 1405 1706 probrum
1458 1641 1618 1691 ullum

552 1722 644 1766 aut
688 1717 914 1768 dedecus
953 1720 1133 1769 borum
1177 1721 1417 1770 ordinum
1454 1721 1619 1770 tribu-

551 1801 681 1855 tum,
722 1801 782 1844 ut
827 1801 990 1859 put03
1033 1798 1186 1847 immo
1231 1812 1327 1862 per
1357 1798 1621 1861 bonorem,

549 1870 984 1933 quemadmodum
1007 1886 1308 1922 concessum
1347 1880 1402 1922 et
1433 1875 1621 1923 Vesta-

551 1946 686 1995 libus
735 1955 975 2011 spectare
1029 1948 1292 2013 Athletas,
1341 1950 1512 2013 potius
1566 1950 1620 1998 in

549 2024 802 2072 honorem
827 2026 1126 2088 sacerdotii,
1162 2042 1312 2091 qnam
1349 2025 1413 2076 ad
1450 2026 1620 2076 labem

552 2099 715 2148 ullam
758 2102 993 2165 pudoris3
1050 2101 1191 2152 forte
1237 2104 1418 2153 eadem
1461 2103 1618 2152 liber-

554 2183 688 2234 tate,
731 2192 824 2226 seu
870 2192 964 2242 pro
995 2193 1157 2236 more,
1205 2188 1259 2229 et
1302 2188 1361 2229 ut
1405 2180 1483 2229 fas
1507 2186 1622 2229 erat

552 2253 691 2316 apud
718 2253 1108 2318 Graecos,ludis
1129 2256 1443 2321 olympicis,
1473 2263 1530 2307 et
1563 2257 1621 2306 li-

559 2331 739 2380 centia
775 2331 982 2382 Graeca.
1051 2333 1189 2383 Vide
1213 2335 1426 2385 Sueton.

620 2408 811 2458 Graeca
832 2411 907 2459 sic
932 2407 1079 2473 dicit,
1117 2412 1238 2476 quia
1261 2412 1418 2476 magis
1448 2411 1623 2460 severi

552 2483 946 2551 Romani,quod
982 2488 1259 2552 spectabat
1300 2487 1366 2537 ad
1405 2487 1623 2537 sebenas

448 2611 453 2618 ,
548 2568 611 2611 et
636 2563 853 2623 theatra,
875 2577 1028 2629 quam
1051 2565 1258 2616 Graeci:
1294 2565 1432 2631 quod
1455 2564 1619 2629 expli-

554 2640 665 2689 cuit
710 2655 870 2704 supra
909 2641 1038 2691 Tac.
1082 2657 1130 2691 c.
1171 2645 1254 2691 20.
1340 2642 1622 2692 ‘Ceterum

546 2716 779 2773 abolitos
803 2718 1048 2781 paulatim
1081 2719 1279 2783 patrios
1309 2732 1478 2770 mores
1504 2718 1623 2772 fun·
1645 2740 1655 2750 ·

558 2793 702 2844 ditus
745 2797 914 2846 everti
955 2811 1051 2862 per
1103 2797 1363 2858 accitam,'
1388 2811 1623 2862 nempee

547 2869 780 2931 Graecia,
813 2874 828 2900 ‘
850 2872 1130 2937 lasciviam,
1161 2881 1221 2923 ut
1241 2874 1375 2939 quod
1401 2887 1618 2939 usquam

557 2948 822 3012 corrumpi
862 2955 916 2999 et
960 2965 1291 3014 corrumpere
1337 2961 1513 3015 queat,
1566 2953 1619 3001 in

560 3024 690 3074 urbe
734 3026 955 3087 visatur,
999 3027 1391 3094 degeneretque
1434 3029 1620 3079 studiis

552 3103 783 3151 externis
813 3103 1060 3167 juventus
1104 3107 1375 3169 gymnasia
1409 3113 1467 3157 et
1497 3108 1621 3172 otia,

553 3180 657 3240 ᾁο.
678 3179 1004 3229 exercendo?

619 3256 812 3322 Neque
832 3263 1013 3322 ‘putem
1037 3271 1150 3308 sese
1190 3273 1252 3309 eo
1275 3260 1410 3323 oleo,
1430 3265 1489 3309 ut
1511 3261 1623 3310 atb-

546 3332 681 3383 letas
705 3340 937 3399 agerent,
961 3334 1168 3385 unxisse
1192 3342 1299 3385 tum
1333 3342 1510 3399 patres
1531 3342 1623 3385 aut

552 3409 755 3476 'equites
798 3413 967 3477 Rom.,
997 3427 1164 3478 neque
1185 3412 1298 3461 haec
1342 3425 1621 3474 usurpasse

553 3487 714 3553 ipsos,
758 3505 875 3555 quae
918 3491 1088 3553 carpit
1118 3490 1334 3540 Tacitus
1372 3488 1500 3538 ibid.
1534 3494 1617 3539 20.

552 3568 570 3594 ‘
596 3565 737 3615 Quid
785 3580 1078 3627 superesse,
1135 3566 1232 3615 nisi
1288 3571 1348 3615 ut
1397 3580 1618 3631 corpora

554 3656 757 3707 quoque
784 3645 999 3707 nudent,
1020 3650 1074 3693 et
1098 3651 1295 3693 caestus
1334 3653 1616 3707 assumant,

536 3725 747 3783 'easque
781 3734 980 3784 pugnas
1012 3734 1105 3783 pro
1141 3720 1326 3769 militia
1365 3724 1420 3768 et
1459 3722 1616 3771 armis

554 3795 918 3846 meditentur?
986 3794 1143 3857 Puto,
1199 3797 1474 3861 praebitum
1511 3799 1615 3849 illis

553 3876 723 3925 oleum
772 3871 1025 3924 facilitate
1048 3875 1251 3937 Graeca,
1293 3876 1383 3924 sed
1418 3890 1519 3924 non
1562 3875 1615 3925 in

550 3949 689 3999 idem
715 3948 986 4014 flagitium,
1010 3966 1112 4000 non
1141 3952 1189 4000 in
1212 3953 1432 4002 eandem
1457 3953 1616 4004 licen-

551 4026 678 4076 tiam
711 4036 802 4078 aut
827 4030 1109 4088 lasciviam,
1135 4028 1267 4093 quod
1303 4044 1399 4078 non
1437 4031 1618 4081 sileret

549 4103 762 4154 Tacitus
788 4121 882 4169 pro
928 4107 1185 4169 gravitate
1210 4122 1319 4168 sua,
1344 4120 1439 4156 nec
1466 4117 1613 4157 certe

553 4178 742 4229 talibus
764 4179 974 4245 flagitiis
996 4197 1213 4247 parcere
1252 4184 1404 4232 solet.

614 4255 639 4285 θ
674 4256 972 4321 Cossutiano]
1026 4258 1108 4306 De
1153 4274 1255 4322 quo
1292 4259 1330 4307 l.
1367 4271 1495 4309 11¹1.
1533 4261 1616 4313 33.

553 4328 571 4360 ‘
589 4327 951 4381 Cossutianum
973 4330 1283 4396 Capitonem
1314 4334 1503 4384 Cilices
1525 4335 1613 4385 de·

1669 1640 1934 1715 ‚tulerant
1949 1636 2267 1687 maculosum
2307 1633 2651 1700 foedumque,’
2675 1636 2774 1684 ἃς.

1700 1718 1772 1768 Et
1843 1725 2122 1782 patronum
2202 1714 2496 1764 asciverant
2573 1714 2783 1763 Paetnm

1697 1795 2007 1857 Thraseam,
2030 1793 2181 1856 cujus
2217 1792 2532 1841 auctoritate
2575 1792 2785 1840 damna-

1702 1879 1787 1921 tus
1818 1871 2023 1935 Capito,
2063 1869 2149 1935 qui
2192 1883 2330 1917 nunc
2366 1868 2529 1917 exitio
2567 1868 2783 1932 publico

1705 1964 1761 1998 re
1772 1949 2009 1998 stituitur
2027 1946 2249 1997 senatui.

1769 2024 1793 2058 ⁴¹
1827 2025 2068 2075 Revocata
2105 2039 2160 2072 ea
2193 2024 2273 2072 lex
2305 2019 2614 2083 credebatur]
2650 2022 2781 2071 Sen-

1698 2116 1785 2151 sus
1831 2109 1931 2162 est,
1987 2101 2293 2165 Capitonem
2335 2115 2439 2149 non
2487 2114 2554 2147 ea
2600 2108 2781 2150 mente

1704 2176 1989 2228 Antistium
2030 2179 2381 2235 accusavisse‚
2403 2183 2462 2226 ut
2484 2177 2637 2225 inum
2664 2192 2781 2239 per·

1701 2261 1964 2315 verteret3
2017 2254 2108 2304 sed
2154 2262 2212 2303 ut
2238 2268 2269 2302 a
2305 2261 2491 2303 senatu
2533 2253 2784 2302 condem·

1704 2339 1935 2391 miretur,
1959 2348 2060 2397 quo
2087 2331 2310 2395 principi
2346 2331 2558 2380 occasio
2599 2331 2783 2393 gloriae

1703 2426 1765 2461 ac
1801 2410 2041 2462 beneficii
2085 2410 2384 2478 patefieret,
2429 2411 2576 2460 illum
2624 2410 2785 2459 morti

1704 2490 1998 2540 eximendo.

1771 2569 1846 2617 Ea
1891 2568 2051 2633 igitur
2088 2566 2379 2631 majestatis
2418 2566 2540 2629 lege
2587 2564 2784 2628 Capito

1703 2646 1940 2709 mavit,
1976 2644 2029 2694 id
2055 2652 2154 2708 est,
2178 2658 2412 2709 quaerere
2439 2642 2655 2691 volebat
2677 2643 2783 2706 glo-

1705 2722 1834 2770 riam
1868 2721 2123 2785 princip13
2158 2728 2218 2770 ut
2238 2721 2463 2780 scilicet,
2505 2726 2786 2783 postquam

1705 2799 2082 2849 condemnatus
2122 2798 2311 2848 fuisset
2346 2797 2611 2848 Antistius
2637 2813 2671 2846 a
2709 2813 2788 2847 se-

1700 2883 1846 2939 natu,
1869 2877 2133 2940 princeps,
2144 2877 2265 2941 jure
2289 2873 2590 2925 tribuniciae
2613 2881 2791 2939 potcs-

1702 2953 1826 3001 tatis
1866 2953 2259 3017 intercedendo,
2298 2952 2447 3002 illum
2469 2952 2632 3000 morti
2681 2951 2789 3002 exi·

1700 3034 1887 3079 meret.
1957 3029 2185 3078 Pichena.

1767 3106 1886 3157 Hoc
1927 3121 2134 3171 quoque
2157 3106 2344 3156 vitium
2382 3104 2641 3157 debemus
2667 3122 2790 3172 neg·

1700 3185 1858 3236 lectae
1914 3185 2252 3235 distinctioni.
2304 3185 2476 3246 Lege:
2536 3184 2790 3235 Res-ocum

1702 3279 1758 3315 ea
1780 3267 1887 3315 lex.-
1920 3263 2289 3326 eredebaturque
2309 3261 2437 3310 haud
2457 3262 2666 3323 perinde
2686 3263 2792 3330 exi·

1703 3343 1823 3390 tium
1858 3341 2093 3403 Antistio,
2135 3354 2276 3404 quom
2302 3338 2587 3402 imperatori
2623 3341 2792 3404 gloria

1701 3418 1928 3482 quesita:
1963 3423 2082 3482 qum
2115 3422 2390 3481 postremae
2417 3413 2537 3463 duae
2577 3418 2786 3467 vocula

1699 3499 1962 3558 corruptae
2020 3491 2235 3543 fuerunt
2267 3492 2321 3541 in
2357 3491 2583 3555 gratiam
2643 3491 2788 3543 illins

1700 3573 1842 3622 vocis
1866 3588 1987 3637 quae,
2009 3571 2148 3638 quod
2169 3585 2271 3620 non
2306 3569 2594 3629 habebant,
2612 3577 2677 3621 ut
2699 3572 2793 3621 de·

1694 3647 1939 3710 buerunt,
1993 3663 2090 3712 pro
2144 3646 2403 3711 particula
2453 3645 2790 3709 praecedenti

1699 3725 1879 3787 verbo,
1927 3724 2227 3788 credebatur,
2272 3738 2494 3787 annexa,
2544 3725 2645 3774 sed
2689 3739 2788 3790 pro

1698 3802 2021 3863 pronomine.

1762 3878 1969 3926 Falsum
2012 3892 2138 3941 ergo
2201 3891 2406 3927 sensum
2445 3873 2784 3941 effecerunt,

1696 3958 1913 4002 revocato
1935 3969 1991 4002 ea
2033 3958 2113 4002 tex
2140 3952 2445 4002 eredebatur:
2479 3967 2603 4001 cum
2625 3953 2789 4003 Taci-

1698 4037 1778 4079 tus
1801 4030 1899 4079 boc
1936 4031 2105 4094 ipsum
2143 4028 2384 4091 affirmet,
2410 4035 2519 4077 tum
2562 4042 2786 4078 revoca·

1699 4112 1802 4155 tam
1823 4106 1984 4156 fuisse
2007 4108 2174 4171 legem
2197 4106 2371 4167 istam,
2391 4113 2649 4169 tanquam
2671 4121 2784 4155 rem

1695 4182 1834 4232 haud
1861 4185 2084 4233 dubiam.
2159 4223 2162 4226 1
2631 4179 2637 4183 ’

1758 4259 2010 4323 Ineptum
2046 4259 2191 4309 enim
2225 4256 2414 4309 fuisset
2436 4258 2640 4324 dicere,
2677 4264 2783 4309 taus

1694 4337 1917 4385 revocata
1958 4335 2236 4385 credebatur
2267 4334 2366 4385 ta.
2430 4332 2551 4384 line
2591 4331 2784 4385 'crede-
