3063 4952
1014 428 1432 480 inustum
1484 432 1631 482 mn.
1681 395 1847 483 kw.
2366 422 2544 492 1731·

330 574 699 662 delectique
746 574 1199 654 Sacerdotes:
1265 578 1492 659 specie
1555 579 1913 663 religionis,
1968 601 2198 648 omnes
2247 584 2555 652 fortunas

329 676 801 746 effundebant.f
883 678 1036 744 Nec
1063 680 1342 745 arduum
1371 679 1748 763 videbatur,
1781 685 2170 750 exscindere
2200 689 2553 769 coloniam,

328 782 535 847 nullis
587 784 1010 849 munimentis
1067 790 1366 868 septam:
1416 786 1598 868 quod
1658 787 1968 852 Ducibus
2018 791 2262 854 nostris
2321 811 2556 874 parum

330 887 684 968 provisum
735 893 900 964 erat,
954 886 1115 952 dum
1161 887 1533 953 amoenitati
1585 890 1796 973 prius,
1848 910 2050 975 quam
2106 894 2262 958 usui
2316 913 2557 959 consu-

333 988 522 1054 litur.

422 1093 534 1158 32.
580 1092 764 1158 Inter
807 1114 983 1178 quae‚
1033 1095 1220 1159 nulla
1263 1093 1493 1179 palam
1512 1105 1538 1142 ⁸
1582 1116 1819 1175 causa,
1864 1097 2210 1182 delapsum
2244 1097 2557 1167 Camulo-

328 435 377 487 ι.
401 434 464 488 c.
492 430 607 501 σε.)

334 1279 693 1342 aspectabatur3
723 1282 952 1346 ascitique
980 1285 1243 1332 sacerdotes
1272 1288 1515 1346 proetextu
1538 1284 1911 1333 cerimoniarum
1933 1299 2090 1332 omnes
2112 1298 2220 1346 opes
2238 1282 2558 1334 absumebant.

342 1345 446 1393 Nec
488 1346 678 1410 difficile
716 1347 978 1409 videbatur,
1014 1363 1289 1411 expugnare
1328 1350 1548 1412 oppidum
1589 1350 1733 1397 nullis
1771 1349 1997 1397 moenibus
2026 1349 2319 1424 firmatum;
2366 1349 2442 1397 cui
2484 1347 2558 1397 rei

333 1424 508 1523 w
543 1412 867 1461 cowdaerant
900 1414 1053 1462 aedri
1092 1415 1250 1477 duces,
1288 1415 1402 1463 dam
1437 1415 1688 1476 elegantioe
1719 1415 1897 1477 potius,
1931 1428 2071 1476 quam
2111 1412 2382 1461 necessitati
2399 1414 2560 1476 proci-

406 1539 600 1590 Interea
632 1543 761 1592 nulla
780 1547 909 1593 ema
940 1549 1025 1593 aut
1058 1542 1314 1604 manifesta
1351 1559 1493 1594 causa
1528 1544 1701 1594 cecidit
1732 1544 1892 1605 imago
1917 1542 2142 1599 Victoria
2167 1541 2563 1605 Camuloduni,et

1274 1725 1331 1745 ‘O
1338 1726 1509 1745 '0000‘
1517 1725 1631 1747 θ’θ’

1349 1828 1564 1919 NOT‘AE

344 1976 596 2040 presidiis
617 1979 779 2043 ipsam
801 1980 1055 2031 coloniam
1077 1981 1329 2045 invasere,
1348 1989 1407 2032 ut
1487 1983 1636 2033 aditu
1674 1983 1825 2033 sacri.
1909 1983 2030 2032 Non
2076 1980 2202 2029 licet
2239 1979 2380 2027 Deos
2414 1989 2562 2027 nosse

343 2054 519 2103 sedem
541 2056 841 2106 servitutis.’
897 2057 970 2107 At
989 2059 1061 2108 ibi
1084 2074 1177 2109 arx
1199 2061 1408 2109 domina·

340 2130 499 2194 tionis,
532 2130 621 2181 ubi
650 2134 782 2182 sedes
818 2134 1083 2199 servitutis,
1106 2142 1163 2185 et
1198 2150 1408 2200 prorsus

342 2220 500 2255 unum
516 2213 573 2256 et
591 2208 726 2257 idem
746 2217 846 2259 est.

363 2310 369 2324 ·
409 2281 567 2344 Apud
587 2283 707 2332 Tac.
747 2285 780 2332 l.
809 2299 870 2332 n.
908 2290 992 2334 23.
1016 2286 1151 2335 idem
1175 2301 1321 2337 error
1341 2288 1408 2336 ir-

344 2365 597 2422 repserat,
634 2361 649 2387 ‘
671 2361 774 2412 Qui
800 2362 1062 2425 Capitolio
1100 2370 1157 2414 et
1194 2379 1285 2412 ara
1307 2363 1410 2413 Ro-

343 2450 514 2499 mana,
536 2440 632 2486 &c-
656 2440 926 2500 prostratis
946 2440 978 2502 3’
1013 2440 1100 2490 ubi
1134 2440 1307 2491 etiam
1329 2455 1408 2490 re-

343 2514 624 2576 posuimus,
643 2531 770 2578 arce,
794 2531 888 2579 pro
909 2532 1015 2567 ara.
1132 2557 1135 2560 .
1188 2543 1189 2546 ¹

364 2620 371 2632 ·
396 2596 431 2622 ’Θ
449 2591 1041 2657 DelectiqueBacerdotes]
1076 2589 1409 2658 Legebantur

344 2666 476 2715 enim
503 2666 784 2717 Pontifices
807 2669 1167 2734 Flaminesque
1192 2670 1411 2720 Claudio

344 2755 411 2791 ex
459 2743 869 2806 provincialibus
913 2746 1072 2808 ipsis:
1124 2746 1314 2810 quibus
1358 2746 1411 2797 iu

344 2832 492 2867 sacra
514 2820 847 2886 victimasque
871 2823 983 2885 ejus
1005 2823 1152 2882 Divi,
1174 2824 1323 2873 multi
1343 2821 1415 2871 fa.-

343 2895 511 2945 ciendi
552 2904 768 2947 sumtus·
834 2899 971 2947 Vide
988 2898 1202 2953 Arriani
1239 2900 1416 2963 verba,

342 2987 457 3036 (μω
475 2973 667 3023 adduxi
683 2976 720 3024 1.
744 2989 782 3023 1.
816 2974 1025 3037 Lipsius.

364 3079 373 3098 ι
404 3051 574 3114 Specie
609 3052 883 3115 religionis]
940 3052 1120 3115 Agric.
1154 3056 1238 3101 21.
1275 3053 1292 3081 ‘
1325 3053 1416 3101 Se·

342 3142 506 3192 quens
551 3130 727 3193 hyems
776 3130 1127 3179 saluberrimis
1190 3129 1412 3178 consiliis

341 3205 596 3255 absumta.
664 3207 921 3271 Namque,
943 3213 1002 3255 ut
1024 3207 1273 3273 ‚homines
1311 3206 1411 3254 dis-

340 3282 481 3347 persi
517 3296 579 3330 ac
617 3282 790 3345 rudes,
828 3297 995 3347 eoque
1033 3282 1169 3331 bello
1210 3281 1410 3345 faciles,

342 3360 504 3424 quieti
528 3366 583 3408 et
606 3360 713 3409 otio
759 3375 857 3423 per
888 3360 1186 3423 voluptates
1211 3373 1407 3407 assues-

340 3442 523 3484 cerent
543 3450 557 3495 ;
610 3436 806 3484 hortari
850 3435 1112 3498 privatim,
1130 3475 1135 3480 Α
1157 3436 1408 3498 adjuvare

338 3512 570 3575 publice,
610 3519 667 3561 ut
710 3513 921 3576 templa,
957 3510 1091 3572 fora,
1112 3511 1296 3560 domus
1318 3525 1407 3558 ex-

341 3589 641 3651 struerent,'
663 3594 762 3638 &c.
794 3590 948 3639 ‘Jam
969 3603 1095 3637 vero
1118 3588 1410 3652 principum

336 3665 473 3715 filios
492 3667 797 3715 liberalibus
819 3666 1020 3715 artibus
1045 3663 1288 3726 erudire,’
1312 3667 1410 3713 ὅτε.

339 3743 547 3807 ‘eldque
604 3744 746 3806 apud
802 3744 1071 3805 imperitos
1122 3740 1411 3790 humanitas

341 3821 650 3881 vocabatur,
666 3835 784 3869 cum
805 3835 922 3883 pars
942 3820 1215 3868 servitutis
1234 3818 1408 3868 esset!

408 3897 707 3958 Religionis]
785 3899 1008 3946 Tertull.
1055 3898 1107 3944 in
1153 3897 1411 3960 apologet.

338 3973 354 4001 ‘
368 3973 464 4023 m
487 3989 609 4022 vero
632 3975 720 4038 qui
742 3975 908 4037 magis
945 3975 1222 4034 tributarii,
1247 3975 1409 4037 magis

344 4051 530 4109 sancti,
552 4050 706 4102 iiumo
730 4053 818 4114 qui
844 4053 1004 4113 magis
1033 4052 1217 4110 sancti,
1252 4053 1412 4113 magis

344 4126 629 4186 tributarii.
665 4129 922 4191 Majestas
961 4127 1275 4190 quaestuaria
1311 4126 1417 4175 effi·

347 4201 500 4257 citur.
568 4202 773 4252 Circuit
786 4218 1049 4266 cauponas
1075 4204 1259 4265 religio
1279 4218 1418 4250 men·

349 4278 527 4329 dicans
543 4281 837 4331 mercedem
858 4283 1077 4346 prosola
1103 4283 1304 4346 templi,
1321 4297 1416 4346 pro

1491 2062 1677 2125 gratiS,
1697 2061 1906 2110 venales
1930 2058 2083 2109 sunt?

1553 2139 1576 2171 f
1596 2138 1946 2203 Effundebant]
2014 2140 2092 2187 Ex
2117 2136 2266 2186 sociis
2301 2135 2564 2185 Britanni-

1489 2216 1563 2265 cis
1586 2215 1785 2264 delecti
1809 2215 1844 2263 ii
1870 2213 2191 2274 sacerdotes,
2215 2226 2307 2260 seu
2334 2213 2565 2276 flamines

1494 2289 1784 2351 Claudiales,
1835 2290 1923 2353 qui
1967 2295 2231 2352 praetextu
2282 2287 2563 2350 religionis,

1489 2379 1667 2414 omnes
1690 2363 1926 2415 fortunas
1951 2363 2342 2428 profundebant
2383 2365 2432 2412 in
2458 2364 2564 2412 vic-

1491 2441 1665 2505 timas,
1692 2456 1900 2506 nempe,
1933 2448 1988 2492 et
2012 2440 2268 2492 sacrificia
2293 2448 2347 2491 et
2387 2442 2564 2491 convi-

1490 2520 1576 2569 via
1598 2520 1770 2584 qualia
1789 2518 2041 2568 decerent
2069 2518 2224 2568 talem
2249 2519 2463 2566 Divum.

1516 2596 1627 2646 ·.Et
1648 2594 1785 2645 forte
1804 2609 1909 2645 non
1932 2597 2096 2645 solum
2118 2610 2227 2644 suas
2245 2594 2473 2655 fananas
2511 2594 2563 2642 hi

1492 2673 1880 2740 profundebant
1918 2686 2182 2738 proceres,
2205 2672 2296 2721 sed
2332 2672 2482 2719 simul
2506 2677 2565 2719 et

1493 2766 1620 2815 opes
1642 2753 1969 2816 populorum,
1994 2750 2082 2814 qui
2103 2756 2404 2799 tenerentur
2423 2754 2563 2797 stato

1494 2834 1731 2892 tempore
1765 2826 2100 2892 suppeditare
2140 2834 2336 2877 sumtus
2361 2826 2412 2873 in
2439 2825 2564 2873 talia

1495 2904 1747 2955 sacrificia
1769 2911 1823 2955 et
1845 2905 2039 2969 epulas.
2110 2903 2181 2952 Et
2203 2903 2357 2952 etiam
2384 2902 2433 2949 iu
2455 2903 2564 2950 vic-

1494 2988 1605 3031 tum
1627 2990 1684 3031 et
1706 2980 1995 3031 alimoniam
2041 2996 2101 3029 ac
2143 2979 2448 3043 dignitatem
2490 2984 2568 3027 ta·

1495 3061 1622 3108 lium
1639 3059 1963 3108 sacerdotum
1985 3057 2254 3119 tuendam,
2278 3056 2365 3120 qui
2386 3054 2563 3104 statim

1493 3138 1569 3189 sic
1592 3137 1735 3186 oneri
1762 3135 2177 3200 provincialibus

1560 3214 1675 3262 Nec
1700 3220 1809 3261 tum
1839 3212 2031 3275 copioe,
2055 3224 2276 3271 annona,
2305 3214 2395 3257 aut
2417 3221 2555 3255 com-

1487 3294 1690 3336 meatus
1765 3285 2082 3349 suppetebat
2144 3284 2438 3342 affiuenter,
2498 3288 2558 3331 ut

1488 3377 1640 3422 minc,
1674 3362 1794 3425 quia
1844 3362 1997 3424 pauci
2035 3361 2277 3409 Britanni
2312 3359 2560 3408 serebant

1490 3437 1691 3501 fruges,
1713 3443 1769 3485 et
1803 3437 1926 3500 quia
1948 3451 2117 3500 pauca
2153 3438 2358 3497 horrea,
2405 3435 2563 3484 nullae

1488 3514 1662 3574 urbeS,
1685 3513 1827 3562 nulla
1850 3512 1963 3563 fere
1986 3516 2341 3578 receptacula,
2366 3514 2414 3560 in
2443 3526 2562 3577 quae

1489 3589 1804 3640 frumentum
1832 3598 2222 3640 coacervarent.

1558 3669 1624 3715 Et
1638 3667 1777 3732 quod
1801 3668 1988 3716 mirum
2010 3675 2108 3729 est,
2126 3666 2318 3715 nullam
2343 3665 2561 3713 classem

1493 3752 1602 3793 tum
1625 3744 1853 3793 habuere
1880 3744 2151 3805 insulares,
2176 3757 2278 3806 qua
2301 3739 2488 3804 fruges.
2507 3746 2565 3790 et

1493 3837 1707 3870 annonae
1751 3821 1956 3884 copiam
1998 3820 2336 3869 adveherent.
2416 3816 2568 3865 Sicut

1493 3914 1663 3962 neque
1689 3898 1892 3959 Batavi,
1917 3898 2004 3962 qui
2031 3904 2139 3946 tum
2175 3896 2411 3959 equitatu
2436 3907 2566 3956 prae-

1494 3975 1782 4039 pollebant,
1803 3974 2028 4022 nondum
2052 3980 2165 4022 arte
2189 3970 2416 4020 nautica.
2472 4003 2480 4017 .

1517 4094 1521 4100 ,
1561 4061 1586 4096 s
1615 4051 1805 4114 Palam]
1870 4052 1994 4099 Sine
2014 4049 2118 4098 ulla
2139 4062 2295 4097 causa
2317 4042 2574 4104 evidenti,

1496 4136 1587 4177 aut
1624 4144 1740 4192 quae
1765 4129 1950 4176 saltem
1992 4133 2291 4189 appareret,
2320 4120 2571 4185 perspici-

1497 4221 1598 4270 que
1637 4212 1814 4267 posset
1851 4205 2012 4254 oculis
2050 4201 2343 4251 mortalium
2365 4216 2378 4248 ε
2429 4198 2566 4247 unde

1495 4281 1745 4346 divinitus
1768 4281 1824 4330 id
1845 4280 2041 4331 factum
2066 4276 2435 4341 conjiciebant.
