3063 4952
330 433 387 486 s.
418 432 478 484 c.
498 430 612 495 οι]

1052 424 1461 475 ANNAMUM
1509 425 1658 474 Lm.
1701 426 1834 475 XV.

2386 409 2558 495 1885

1334 671 1550 723 NOTAE

407 860 583 929 Igitur
619 859 673 909 in
693 856 903 909 Atticos
937 862 993 907 et
1016 856 1233 908 Graecos
1264 855 1413 907 ludos

337 939 578 1004 ritusque
601 942 743 988 totus
766 932 1161 999 propendebat3
1194 931 1412 982 destitu-

338 1016 535 1080 tusque
572 1014 731 1065 etiam
790 1011 1035 1076 sperabat
1070 1025 1125 1060 se
1161 1008 1254 1059 tali
1291 1016 1409 1060 arte

336 1093 540 1158 talique
564 1092 704 1155 stipe
735 1105 790 1139 se
814 1093 1223 1139 sustentaturum
1247 1088 1411 1151 Nero,

336 1170 477 1221 baud
499 1170 661 1221 dubie
679 1169 733 1218 in
749 1166 979 1229 Groecia,
992 1166 1075 1216 vel
1097 1165 1149 1214 in
1165 1166 1411 1230 AEgypto,

337 1264 456 1316 quae
479 1248 598 1299 fere
619 1261 790 1297 mores
812 1246 1032 1296 Graecos
1053 1242 1309 1293 induerat.

317 1364 322 1365 ff
399 1327 617 1377 Sueton.
639 1326 770 1375 Ner.
810 1326 891 1372 22.
914 1322 930 1349 ‘
955 1321 1303 1371 Instituerunt
1338 1319 1407 1369 ci·

337 1403 550 1466 vitates,
582 1398 859 1467 (Graeciae)
883 1397 1019 1463 apud
1059 1412 1186 1462 quas
1226 1396 1406 1446 musici

337 1495 531 1546 agones
562 1480 649 1529 edi
680 1477 869 1538 solent,
901 1490 1075 1526 omnes
1100 1474 1406 1525 citharoedo·

337 1575 452 1609 rum
472 1571 691 1609 coronas
714 1556 780 1605 ad
814 1555 982 1618 ipsum
1004 1554 1236 1603 mittere.
1302 1553 1405 1602 Eas

336 1637 472 1687 adeo
495 1642 641 1700 grate
666 1633 972 1698 recipiebat,
1004 1641 1065 1683 nt
1086 1634 1285 1695 legatos
1317 1632 1407 1698 qui

337 1713 697 1778 pertulissent,
717 1728 817 1763 non
837 1712 990 1762 modo
1007 1711 1198 1776 primos
1218 1712 1404 1762 admit-

335 1796 498 1852 teret,
535 1789 626 1838 sed
667 1789 823 1838 etiarn
862 1786 1198 1837 familiaribus
1237 1789 1405 1853 epulis

334 1868 718 1933 interponeret.
783 1864 828 1915 A
869 1865 1173 1931 quibusdam
1214 1880 1279 1916 ex
1322 1866 1403 1918 his

334 1952 572 2010 rogatus,
614 1951 672 1993 ut
708 1950 947 1994 cantaret
990 1958 1148 2007 super
1186 1959 1404 2009 coenam,

332 2029 693 2087 exceptusque
717 2018 944 2083 effusiuS,
971 2021 1106 2070 solos
1144 2021 1276 2071 scire
1314 2038 1401 2073 au-

332 2099 448 2149 dire
489 2100 726 2160 Graecos,
765 2098 999 2162 solosque
1039 2112 1094 2147 se
1133 2105 1189 2148 et
1221 2099 1402 2149 studiis

332 2177 441 2245 souis
463 2176 670 2241 dignos,
691 2175 801 2225 ait!

402 2253 546 2303 Hinc
580 2260 635 2302 et
667 2252 718 2301 in
751 2250 854 2302 fine
888 2252 989 2316 ipsi
1018 2252 1402 2317 exprobrarunt

332 2329 716 2393 ‘inscriptione
763 2330 973 2393 Graeca,
1013 2345 1147 2380 nunc
1194 2329 1399 2380 demum

331 2422 554 2474 agonem
578 2407 726 2472 esse,'
750 2408 891 2473 apud
924 2408 1138 2461 Sueton.
1158 2411 1243 2459 45.
1293 2407 1400 2457 Ita·

333 2501 446 2553 que
479 2485 618 2535 hand
655 2484 813 2536 dubie
853 2486 919 2536 ad
945 2495 1204 2536 certamen
1229 2486 1399 2537 Attici

331 2563 490 2614 moris
507 2564 821 2613 inclinarunt
838 2564 1136 2614 adulatores
1156 2563 1400 2629 Neronis,

330 2647 389 2692 et
412 2641 528 2705 ipse
553 2641 717 2691 Nero.

397 2719 582 2769 Attica
604 2717 876 2782 religionis]
908 2717 1013 2768 Alii
1032 2720 1209 2769 volunt
1227 2719 1403 2770 Antia·

326 2813 426 2858 πω,
455 2797 543 2846 vel
575 2795 820 2852 Antiana,-
854 2794 974 2860 quia
1004 2793 1152 2845 Antii
1190 2794 1401 2847 fortuna

327 2874 560 2926 maxima
599 2874 847 2936 religione
881 2871 1169 2925 colebatur.
1236 2875 1306 2924 Et
1346 2876 1399 2925 id

327 2951 547 3002 innuere
591 2950 799 3000 videtur
837 2941 916 2999 bis
953 2951 1123 3002 verbis
1163 2951 1397 3016 Tacitus,

328 3030 344 3057 ‘
373 3035 536 3093 utque
561 3025 883 3077 fortunarum
914 3025 1114 3091 effigies
1150 3044 1318 3079 aurem
1343 3030 1396 3080 iu

326 3107 463 3158 solio
487 3105 771 3170 Capitolini
792 3104 938 3156 Jovis
959 3107 1373 3158 collocarentur-⁹

397 3187 470 3235 Et
492 3184 702 3235 videtur
740 3186 823 3234 hic
849 3186 987 3249 apud
1008 3186 1243 3236 Tacitum
1266 3203 1397 3251 prae·

327 3263 489 3327 cipue
510 3262 752 3311 honorari
789 3263 1132 3322 Foecunditas,
1161 3264 1247 3312 cui
1271 3272 1398 3313 tem-

325 3340 474 3403 plum
495 3338 715 3388 struitur
732 3340 927 3400 Romae,
945 3346 1003 3389 et
1019 3340 1266 3402 Fortuna,
1278 3355 1394 3403 quae

325 3416 396 3465 ad
420 3416 661 3478 exemplar
672 3413 916 3465 Antianae
939 3414 1218 3477 religionis,
1238 3415 1395 3464 etiam

328 3495 514 3545 Romae
548 3493 652 3542 coli
687 3492 871 3542 debuit
893 3508 956 3542 ex
983 3507 1047 3542 eo
1071 3492 1282 3542 decreto
1306 3508 1395 3557 pa-

325 3577 503 3632 trum3
539 3579 596 3621 et
630 3571 894 3634 praecipue
923 3569 1044 3636 quia
1064 3568 1210 3619 Antii
1235 3584 1396 3634 pepe·

325 3648 404 3699 rit
427 3648 681 3712 Poppaea.

395 3725 568 3791 quue
612 3725 776 3788 magis
815 3723 1090 3773 verisimile
1143 3722 1295 3785 foret,
1353 3723 1398 3773 si

323 3806 481 3852 certo
503 3807 791 3862 constaret,
824 3798 979 3850 fuisse
1014 3800 1135 3849 olim
1174 3801 1400 3850 celebra·

325 3886 443 3927 tum
465 3877 677 3942 aliquod
703 3884 965 3925 certamen
999 3892 1088 3925 seu
1126 3885 1398 3940 spectacu-

323 3956 434 4004 lum
460 3960 551 4003 aut
571 3952 724 4002 ludos
749 3951 898 4003 Antii
928 3954 978 4002 in
1003 3954 1247 4003 honorem
1275 3956 1395 4004 For-

325 4038 505 4091 tunae3
542 4036 633 4079 ant
656 4029 841 4078 saltem
859 4029 1053 4091 origine
1068 4029 1255 4078 Graeca
1272 4031 1393 4080 urbs

324 4114 473 4159 esset
513 4105 754 4165 Antium,
796 4105 1224 4169 quemadmodum
1263 4107 1398 4156 Nea-

324 4184 482 4251 polis,
505 4191 564 4233 et
588 4182 705 4232 aliae
728 4182 971 4231 civitates
996 4185 1050 4231 in
1072 4182 1244 4233 Italia.

391 4260 499 4311 Sed
526 4260 618 4324 qui
637 4259 814 4324 potuit
845 4258 1049 4307 institui
1088 4260 1265 4309 Romae
1288 4274 1401 4309 cer-

325 4347 505 4398 tamen
527 4338 597 4389 ad
620 4338 888 4406 exemplar
903 4335 1173 4390 Antiensis
1192 4338 1400 4405 religio-

1492 855 1593 921 nis,
1614 857 1658 907 si
1680 858 1875 908 nullum
1914 872 2135 926 unquam
2160 860 2410 926 ejusmodi
2445 878 2555 917 cer-

1494 938 1667 985 tamen
1689 933 1836 985 Antii
1856 937 2176 987 celebratum
2201 938 2315 988 est?

1554 1011 1775 1062 Antiatis
1792 1013 1922 1079 legit
1943 1015 2177 1078 Grotius,
2205 1022 2264 1066 et
2286 1017 2434 1068 Livio
2454 1017 2561 1070 Aa·

1487 1090 1634 1138 tiates
1674 1090 1834 1153 dicti3
1886 1097 1941 1141 et
1977 1093 2157 1142 Valet.
2205 1094 2349 1144 Max.
2402 1096 2554 1161 dixit,

1487 1165 1503 1192 ‘
1526 1166 1790 1217 Antiensis
1815 1170 1995 1234 templi
2017 1170 2244 1235 hospitio
2266 1189 2386 1223 usus
2401 1174 2554 1237 :rubi

1486 1241 1554 1293 de
1569 1257 1758 1309 angue,
1774 1246 1790 1273 ‘
1801 1260 1954 1311 quem
1970 1247 2022 1296 in
2039 1247 2245 1297 modum
2268 1251 2555 1317 AEsculapii

1486 1323 1725 1372 venerati
1748 1323 1905 1373 olim!

1553 1399 1624 1449 Et
1656 1409 1714 1449 ut
1738 1401 1805 1450 de
1826 1402 2026 1452 Antiote
2044 1404 2277 1467 religione
2293 1407 2552 1473 intellige·

1486 1490 1598 1527 rem
1620 1478 1754 1528 bunc
1772 1481 1944 1530 locum
1957 1482 2142 1543 Taciti,
2158 1483 2315 1532 etiam
2333 1483 2551 1534 suadere
2590 1522 2596 1527 -

1488 1554 1674 1616 possit,
1707 1556 1848 1619 qnod
1880 1571 2056 1620 supra,
2096 1558 2299 1620 equites
2331 1559 2550 1608 Romani

1485 1643 1581 1692 pro
1600 1632 1897 1682 valetudine
1920 1631 2172 1698 Augusta»
2206 1634 2393 1685 donum
2427 1637 2551 1687 For·

1485 1711 1628 1757 tnnae
1673 1710 1919 1774 Equestri
1970 1709 2210 1761 dicarunt
2255 1711 2434 1763 Antii:
2492 1721 2550 1765 et

1483 1782 1622 1835 forte
1657 1787 1928 1852 Equestris
1962 1790 2193 1837 Fortuna
2232 1789 2393 1853 dicta,
2430 1791 2551 1857 quia

1484 1861 1635 1912 Antii
1691 1864 1959 1915 colebatur
2017 1866 2188 1930 aliquo
2249 1870 2550 1933 certamine,

1485 1940 1623 2004 quod
1651 1940 1702 1990 in
1724 1942 1871 2007 equis
1894 1942 2267 2001 celebraretur,

1548 2018 1649 2067 Sed
1671 2019 1791 2084 qnia
1814 2020 1867 2068 id
1888 2021 2162 2083 incertum,
2186 2021 2357 2071 redire
2375 2023 2551 2086 placet

1483 2093 1549 2144 ad
1575 2096 1791 2146 Graecos
1828 2112 1996 2147 mores
2034 2099 2294 2163 ritusque:
2331 2106 2386 2148 et
2406 2106 2551 2151 certe

1483 2174 1701 2224 Graecos
1718 2175 1938 2225 maxime
1958 2177 2121 2225 coluit
2148 2177 2550 2244 observavitque

1482 2251 1647 2312 Nero,
1692 2259 1751 2301 ut
1789 2254 2152 2315 praecellentes
2192 2255 2377 2304 talibus
2415 2256 2551 2307 ludis

1479 2340 1543 2376 ac
1583 2328 1915 2392 spectaculis,
1954 2336 2009 2379 et
2048 2330 2136 2394 qui
2177 2331 2273 2380 soli
2320 2333 2548 2392 eruditos

1479 2404 1697 2467 animos,
1738 2406 1914 2454 oculos
1973 2422 2226 2472 auresque
2278 2409 2552 2473 haberent,

1483 2481 1572 2546 qui
1601 2480 1693 2530 soli
1727 2482 1905 2533 audire
1930 2485 2100 2547 perite
2127 2485 2339 2535 scirent.
2407 2487 2478 2538 Et
2514 2489 2551 2538 ii

1483 2563 1630 2607 certe
1653 2559 1851 2608 Neroni
1890 2561 2104 2624 placere
2128 2563 2349 2612 maxime
2373 2564 2549 2628 cupie-

1482 2632 1628 2696 bant,
1650 2635 1737 2699 qui
1762 2636 1889 2684 talia
1913 2636 2253 2687 decernerent
2277 2639 2327 2686 in
2348 2647 2550 2692 senatu.

1547 2718 1581 2743 v
1615 2712 1938 2762 Fortunarum
1973 2712 2173 2779 effigies]
2230 2714 2389 2774 Puto,
2424 2717 2549 2766 For·

1482 2792 1623 2837 tunae
1647 2789 1748 2852 hae,
1779 2805 1870 2839 seu
1894 2789 2094 2855 effigies
2112 2791 2223 2839 istae
2248 2792 2547 2857 muliebres,

1480 2865 1671 2915 dicatae
1696 2875 1751 2915 et
1784 2868 2025 2931 repositae
2050 2868 2100 2916 in
2126 2868 2257 2917 solio
2278 2868 2425 2920 Jovis
2449 2871 2548 2921 Ca·

1480 2944 1715 3008 pitolini:
1765 2945 1920 3010 idque
1957 2945 2180 3010 agebant
2219 2937 2434 3010 propter
2471 2947 2548 2999 in-

1480 3033 1690 3076 ventum
1734 3026 1861 3077 felix
1920 3027 2172 3090 Poppaeae
2229 3026 2547 3091 conjugium,

1477 3112 1800 3170 propterque
1826 3105 2007 3154 almam
2035 3105 2148 3169 ejus
2174 3104 2313 3154 uteri
2351 3103 2548 3156 foecun-

1479 3180 1719 3231 ditatem.

1542 3259 1629 3307 De
1673 3259 1904 3308 Fortuna
1959 3257 2207 3308 Muliebri
2262 3257 2335 3308 sic
2380 3259 2546 3309 refert

1476 3334 1715 3382 Valerius
1748 3334 2024 3396 Maximus,
2047 3335 2080 3382 l.
2103 3347 2141 3383 1.
2169 3339 2213 3384 8.
2260 3336 2274 3362 ‘
2300 3336 2545 3385 Fortunae

1478 3411 1633 3461 etiam
1691 3411 1965 3460 Muliebris
2021 3412 2368 3474 simulacrum,
2406 3412 2545 3476 quod

1477 3495 1559 3537 est
1572 3488 1654 3537 via
1673 3488 1857 3538 Latina
1880 3488 1945 3538 ad
1966 3494 2203 3553 quartum
2227 3488 2545 3552 milliarium,

1476 3578 1540 3612 eo
1577 3571 1811 3628 tempore
1846 3581 1965 3615 cum
2006 3566 2119 3614 aede
2155 3581 2247 3614 sua
2282 3556 2552 3616 consecra.

1477 3648 1612 3703 tum,
1646 3657 1747 3706 quo
1771 3642 2100 3692 Coriolanum
2132 3643 2197 3692 ab
2220 3643 2426 3694 excidio
2461 3660 2546 3694 ur·

1477 3718 1557 3767 bis
1579 3726 1829 3769 rnaternae
1854 3735 2037 3783 preces
2076 3722 2400 3785 repulerunt,
2439 3738 2545 3774 non

1477 3794 1660 3858 semel,
1685 3797 1775 3846 sed
1813 3798 1891 3847 bis
1915 3799 2141 3848 locutum
2165 3797 2439 3849 constitit!

1544 3873 1625 3921 Ex
1663 3871 1801 3923 felici
1842 3882 2034 3923 eventu
2073 3876 2318 3923 Fortunae
2358 3875 2547 3926 Mulie·

1477 3949 1585 3998 bris
1606 3947 2018 4013 effigies‘dicata.
2087 3951 2157 3998 Et
2184 3951 2409 4000 Fortuna
2430 3951 2545 4016 ipsa

1479 4027 1642 4091 picta,
1675 4025 1847 4076 fausta
1869 4027 2118 4091 loquitur,
2147 4026 2242 4075 rite
2275 4027 2545 4080 dedicastis.

1481 4104 1553 4152 Et
1576 4103 1751 4168 quidni
1786 4104 2027 4169 loquatur
2053 4118 2175 4152 vera
2208 4093 2410 4167 mulier,
2425 4119 2544 4155 cum

1480 4182 1597 4245 ipsa
1618 4183 1819 4248 species
1837 4180 2102 4232 muliebris
2125 4187 2231 4232 tam
2252 4181 2346 4233 rite
2365 4183 2544 4250 loqua-

1482 4263 1596 4314 tur?
