3063 4952
563 413 738 482 1574

1259 402 1780 479 essentum:-
1806 394 2064 478 rsc't'nt

2449 434 2546 501 [A.
2559 436 2640 490 ιΙΙ.
2651 434 2776 493 81¹.

564 575 833 644 Juliam·
865 571 1102 642 Drusii
1152 573 1381 654 filiam,
1401 580 1413 589 “
1435 574 1884 662 Sabinamque
1936 565 2334 660 Poppaeam
2362 577 2450 644 ad
2489 572 2778 646 morsm

550 686 809 747 actas·
847 682 916 744 et
942 676 1290 744 Valerium
1316 676 1727 756 Asiaticum,-
1778 677 2092 743 Lusium
2106 679 2557 762 Saturninum,
2562 682 2589 720 ¹‘
2609 683 2779 750 Cor—

563 785 809 849 nelium
863 782 1127 866 Lupum
1179 783 1701 848 circumventos:
1730 784 1896 868 jam
1950 782 2296 867 Equitum
2323 782 2780 852 Romanorum

562 878 871 974 agmina*
899 887 1236 973 damnata,
1287 903 1681 971 omnemque
1715 885 1983 953 Claudii
2029 888 2383 954 saevitiam’
2415 887 2633 957 Suilio
2659 892 2779 955 ob-

558 990 920 1075 jectabant.
1008 990 1208 1069 Ille,‘
1229 991 1396 1055 nihil
1422 1011 1511 1056 ex
1537 991 1684 1056 his⁵
1715 986 1951 1077 spon'te
1982 999 2391 1077 susceptum,
2422 994 2539 1058 sed
2581 993 2780 1059 Prin-

568 1095 710 1181 cipi
759 1094 1106 1181 paruisse,'
1135 1093 1552 1181 defendebat,
1595 1095 1809 1160 donec
1837 1114 1983 1159 eam
2012 1092 2374 1161 orationem
2406 1094 2780 1162 Caesar‘co·

567 1200 808 1280 hibuit,
811 1207 852 1235 ¹¹¹
885 1204 907 1234 ‘
926 1205 1342 1283 compertum
1371 1199 1526 1278 sibi,
1529 1198 1549 1224 ’
1583 1200 1896 1279 referem,
1928 1205 1949 1234 ‘
1975 1219 2065 1265 ex
2094 1199 2629 1269 commentariis⁰
2647 1221 2779 1286 pa-

568 1352 744 1418 filiam‚
766 1359 823 1403 et
837 1352 1083 1404 Sabinam
1105 1354 1392 1420 Poppaeam
1415 1353 1482 1402 ad
1505 1353 1722 1403 exitium
1746 1352 2067 1417 compulsas3
2103 1358 2159 1403 et
2178 1352 2445 1402 Valerium
2468 1352 2780 1432 Asiaticum,

564 1419 777 1470 Lusium
800 1419 1134 1470 Saturninum
1168 1428 1221 1470 et
1242 1420 1538 1469 Cornelium
1562 1420 1765 1483 Lupu'm
1799 1430 2109 1482 oppressos:
2133 1418 2244 1483 jam
2276 1419 2500 1482 equites
2510 1419 2665 1470 Rom.
2687 1421 2781 1471 i‘m-

565 1499 745 1536 menso
777 1500 993 1536 numero
1028 1485 1322 1548 subversos,
1355 1492 1621 1550 totamque
1658 1483 1863 1534 Claudii
1899 1484 2273 1544 immanitatem
2304 1484 2464 1534 Salio
2495 1485 2781 1563 expulsu:

566 1551 712 1603 bant.
780 1553 814 1602 1
815 1553 876 1602 lle
893 1558 1059 1603 eontra
1077 1551 1317 1612 tuebatur,
1337 1550 1467 1601 nihil
1486 1566 1536 1602 se
1558 1564 1738 1600 eorum
1756 1551 1895 1600 ultro
1913 1562 2206 1614 aggressum
2220 1564 2340 1613 me,
2354 1549 2449 1599 sed
2471 1549 2780 1614 imperatori

567 1632 766 1669 morem
805 1619 1039 1683 gessisse,
1069 1619 1212 1667 donec
1244 1631 1501 1667 sennonem
1534 1616 1657 1679 hunc
1680 1615 1813 1664 Nero
1833 1615 2059 1679 co‘e'rcuit,
2087 1629 2373 1685 asseverem,
2400 1617 2665 1681 cognitum
2685 1616 2783 1668 sibi

1493 1732 1580 1751 eoo
1587 1730 1850 1759 eucopoee

1440 1804 1472 1848 6
1505 1798 1612 1848 Ms.
1635 1797 1789 1849 Bodl.
1809 1798 1891 1849 iis.

1558 1913 1773 1965 NOTIE

638 2011 702 2068 Q.
727 2013 1059 2077 Pomponiam]
1136 2011 1237 2066 Qui
1294 2011 1430 2063 haud
1475 2012 1634 2064 dubie

543 2143 546 2147 ,
568 2088 734 2141 frater
758 2091 1029 2156 Pomponii
1059 2090 1304 2155 Secundi,
1325 2090 1393 2141 de
1418 2106 1519 2157 quo
1531 2082 1635 2141 Ta·

567 2167 703 2218 citus
738 2169 774 2218 l.
798 2182 852 2218 v.
875 2175 932 2219 et
953 2168 1107 2219 etiam
1141 2169 1177 2220 l.
1194 2181 1275 2217 vt.
1300 2167 1387 2218 ubi
1415 2167 1481 2217 de
1512 2169 1633 2232 lege

569 2246 857 2310 majestatis
882 2262 912 2295 a
927 2245 1139 2298 Tiberio
1158 2247 1427 2297 innovata:
1462 2245 1633 2296 ‘Dein

568 2322 793 2375 redeunt
813 2321 1009 2387 priores
1033 2329 1220 2384 metuS,
1245 2324 1506 2388 postulato
1519 2336 1635 2372 *ma-

558 2399 771 2464 jestatis
795 2400 1039 2451 Considio
1073 2401 1331 2453 Proculoz
1368 2401 1455 2466 qni
1488 2401 1633 2450 nullo

568 2493 761 2544 pavore
783 2479 922 2529 diem
944 2481 1173 2530 natalem
1198 2478 1492 2542 celebrans,
1515 2493 1633 2550 rap·

565 2563 651 2605 tus
684 2555 739 2605 in
771 2556 988 2618 curiam,
1031 2556 1328 2622 pariterque
1360 2556 1634 2608 damnatus

564 2633 999 2699 interfectusque.
1064 2636 1137 2684 Et
1169 2634 1332 2685 sorori
1363 2634 1476 2699 ejus
1507 2634 1634 2685 San-

567 2711 662 2761 ciae.
686 2726 822 2776 aqua
843 2719 1001 2776 atque
1022 2710 1131 2776 igni
1163 2710 1520 2775 interdictum,
1548 2727 1633 2761 ac-

567 2797 783 2837 cusante
807 2790 875 2840 Q.
893 2788 1210 2853 Pomponio:
1244 2788 1289 2838 is
1310 2790 1541 2840 moribus
1561 2791 1635 2840 in-

568 2863 753 2929 quies,
774 2864 888 2914 haec
922 2870 978 2913 et
998 2865 1371 2929 'hujuscemodi
1393 2880 1425 2915 a
1447 2879 1503 2916 se
1523 2865 1633 2917 fac-

567 2940 713 2991 titari
766 2941 1152 3005 praetendebat,
1187 2948 1249 2991 ut
1295 2950 1448 3006 parta
1492 2946 1632 3009 apud

568 3017 858 3084 principem
881 3019 1065 3084 gratia,
1092 3019 1336 3083 periculis
1357 3021 1633 3088 Pomponii

568 3094 793 3144 Secundi
816 3093 995 3146 fratris
1018 3096 1353 3148 mederetur!

641 3171 742 3223 Hic
760 3174 897 3223 haud
923 3173 1077 3225 dubie
1104 3171 1333 3224 famosus
1356 3174 1579 3236 delator,
1600 3192 1633 3228 a

567 3251 732 3302 Suilio
766 3252 1005 3302 delatore
1042 3251 1298 3302 atrociore
1349 3251 1633 3318 corripitur

566 3335 625 3380 et
645 3329 985 3380 subvertitur.
1052 3329 1248 3380 Postea
1282 3336 1340 3379 et
1371 3331 1485 3395 ipse
1519 3330 1634 3381 Sui

565 3406 665 3456 liu's
686 3407 751 3457 ab
773 3406 887 3456 aliis
915 3406 1206 3469 subruitur-3
1239 3407 1314 3457 sic
1346 3414 1468 3459 sunt
1489 3408 1632 3461 vices

566 3486 825 3543 scelerum
880 3493 935 3535 et
993 3485 1386 3550 suppliciorum.
1474 3479 1631 3555 Puto,

563 3563 774 3613 Tacitus
798 3564 852 3614 in
873 3564 1019 3614 libris
1044 3560 1274 3616 historiae
1297 3566 1521 3632 Claudii,
1540 3570 1631 3635 qui

563 3640 854 3704 perierunt,
894 3650 1292 3705 memoraverat,
1329 3658 1430 3709 quo
1467 3654 1628 3711 pacto

566 3718 626 3769 'et
664 3719 847 3784 quibus
891 3720 1087 3771 artibus
1131 3720 1475 3786 Pomponium
1514 3725 1632 3776 sub·

564 3794 814 3846 vertisset
846 3794 1057 3860 Suilins,
1088 3804 1153 3848 et>
1180 3798 1244 3848 ad
1270 3812 1382 3850 eam
1406 3802 1632 3852 necessi-

518 3935 522 3940 ,
566 3880 729 3926 tatem
751 3876 1102 3939 compulisset.

518 3957 521 3958 ’
625 3951 644 3998 1
672 3954 861 4005 saliam
886 3955 1066 4019 Drusi]
1136 3955 1271 4007 Dio:
1308 3957 1326 3986 ‘
1351 3956 1631 4012 Interfecit

498 4095 501 4104 Γ
566 4031 726 4083 etiam
769 4033 1081 4084 Messallina'
1115 4033 1312 4085 Juliam
1348 4035 1527 4085 Druso
1547 4037 1631 4085 Ti·

533 4109 697 4173 ‚b'erii
733 4109 842 4161 filio
882 4111 1134 4177 genitam,
1172 4118 1230 4162 et
1257 4112 1503 4177 Neronis,
1540 4113 1630 4179 qui

567 4185 870 4239 Germanici
886 4188 1043 4253 filius,
1064 4203 1297 4254 uxorem,
1312 4192 1477 4242 livore
1493 4198 1551 4241 et
1564 4207 1633 4251 m.-

566 4265 848 4317 mulatione
871 4267 1109 4318 muliebri
1128 4267 1368 4332 incitata,
1389 4270 1635 4335 quemad

568 4343 778 4400 modum
800 4348 862 4397 et
889 4335 1315 4412 itteram-sutiam
1335 4347 1634 4400 Germanici

1713 2011 1873 2062 filiam
1892 2012 2005 2078 ipsa
2020 2010 2335 2065 necaverat!
2386 2010 2523 2063 Haec
2539 2018 2623 2062 est
2636 2012 2779 2065 Julia

1716 2088 1881 2140 Drusi
1916 2088 2041 2154 filia,
2076 2105 2192 2155 quoe
2230 2087 2354 2140 mox
2377 2103 2522 2140 ‘uxor
2550 2089 2779 2141 Rubellii

1710 2165 1924 2236 Blandi,
1945 2174 2001 2218 et
2016 2182 2168 2233 quam
2192 2168 2453 2234 perpetuo
2469 2164 2616 2217 flevit
2632 2166 2778 2217 Grn-

1714 2258 1851 2294 ema.

1776 2321 1986 2385 Julian]
2030 2323 2165 2375 Quoe
2202 2321 2322 2371 dolo
2353 2320 2690 2384 Messallinae,
2724 2325 2780 2371 et

1711 2400 1907 2450 scelere
1926 2400 2072 2450 istius
2094 2399 2342 2450 delatoris
2360 2398 2637 2448 interemta
2657 2403 2761 2449 est.

1777 2476 1963 2528 Juliam
1983 2476 2165 2540 Drusi]
2200 2475 2345 2527 Nihil
2372 2474 2512 2540 apud
2532 2466 2778 2526 Tacitum

1714 2568 1850 2603 nunc
1874 2553 2105 2618 reperies
2126 2553 2194 2603 de
2204 2553 2347 2604 Juha
2369 2552 2526 2601 Drusi
2547 2550 2781 2615 tiliame-

1716 2646 1815 2696 que
1833 2631 1899 2681 de
1915 2631 2214 2695 Saturnino,
2232 2638 2323 2680 ant
2340 2629 2582 2681 Cornelio
2601 2630 2776 2694 Lupot

1710 2708 1838 2758 nihil
1871 2708 1938 2759 de
1972 2715 2055 2759 tot
2090 2708 2351 2773 equitibus
2374 2707 2640 2759 Romanis,
2701 2707 2780 2758 Hi

1712 2786 1893 2838 afflicti
1920 2793 1975 2838 et
2007 2787 2239 2838 subversi
2273 2793 2393 2837 ante
2416 2786 2700 2836 Asiaticum
2722 2791 2780 2836 et

1710 2864 1952 2915 Sabinam
1985 2865 2293 2931 Poppaeam,
2325 2864 2474 2929 cujus
2504 2863 2781 2927 utriusque
2820 2852 2840 2876 ⁹

1710 2941 1978 2992 historiam
2014 2943 2260 2993 habemus
2292 2942 2438 2992 initio
2470 2940 2600 2991 libri
2615 2938 2778 2990 unde·

1712 3019 1851 3084 cimi‚
1870 3020 1961 3085 qui
1981 3021 2277 3086 acephalus.
2629 3041 2632 3044 “

1778 3096 1912 3146 Haec
1958 3096 2251 3147 tradiderat
2270 3094 2476 3145 Tacitus
2518 3094 2574 3143 in
2614 3085 2779 3161 libris,

1655 3173 1658 3178 '
1713 3174 1804 3225 ubi
1837 3173 1904 3224 de
1928 3174 2146 3226 Claudii
2167 3173 2352 3238 initiis,
2382 3173 2472 3239 qui
2508 3172 2660 3223 malo
2659 3170 2778 3268 fato

1714 3251 1996 3316 intercepti
2017 3257 2159 3302 sunt.

1777 3327 1803 3364 ¹⁸
1834 3330 2033 3380 Liuium
2074 3328 2414 3394 saturianum]
2471 3328 2677 3378 Seneca
2723 3325 2779 3378 in

1710 3407 1883 3459 Ludo·
1870 3446 1884 3458 .
1905 3408 2151 3458 ‘Deinde
2168 3406 2322 3457 amici
2336 3406 2642 3457 Saturninus
2659 3406 2782 3474 Isis-

1711 3486 1839 3549 cius,
1860 3492 1916 3536 et
1937 3486 2087 3536 Pedo
2112 3483 2706 3550 Pompeius,etlaupus‘,³
2722 3488 2779 3534 et

1710 3563 1864 3614 Celer
1883 3579 1884 3582 ¹
1902 3563 2129 3614 Asinius·
2149 3557 2459 3626 consulares,
2477 3589 2482 3592 ,
2499 3551 2779 3611 novissime

1705 3639 1887 3691 fratris
1903 3637 2276 3705 (Germanici,)
2288 3639 2415 3702 filia,
2438 3637 2640 3688 sororis*
2652 3636 2779 3704 fflia,

1671 3717 1676 3724 ’
1708 3720 1768 3786 (J
1775 3721 1875 3771 ulia
1897 3734 2086 3785 nempe
2108 3719 2267 3769 Drusi
2293 3715 2449 3783 filia„
2471 3717 2664 3768 sororis
2703 3732 2779 3768 so-

1710 3812 1845 3861 crus,
1868 3812 2047 3848 omnes
2081 3797 2233 3861 plane
2254 3795 2650 3859 consanguinei.
2671 3803 2682 3826 ³
2707 3795 2779 3847 Et

1709 3874 1910 3939 agmine
1931 3872 2093 3938 facto,
2114 3872 2331 3924 Claudio
2356 3863 2695 3923 occurrunt).

1776 3949 1792 3983 ¹
1825 3951 2057 4017 Equitum
2073 3951 2214 4002 Rom.
2236 3948 2453 4013 agmen]
2473 3948 2778 4000 'Trecentos

1711 4031 1911 4097 equites
1923 4029 2137 4080 sustulit
2149 4028 2415 4092 Claudius,
2425 4033 2563 4077 teste
2577 4026 2778 4099 Seneca

1711 4106 1765 4159 in
1789 4108 1958 4171 Ludo,
1978 4112 2036 4158 et
2056 4104 2273 4171 triginta
2292 4105 2593 4154 Senatores.

1691 4195 1692 4198 ’
1774 4192 1813 4220 ¹¹
1848 4188 2015 4236 Coesor
2030 4183 2261 4249 cohibuit]
2296 4181 2530 4233 Consilio
2544 4173 2780 4246 seneca,

1712 4264 1797 4331 cuj
1805 4279 1864 4313 us
1884 4263 2047 4314 decus
2065 4268 2134 4312 et
2138 4251 2268 4312 ultio
2290 4262 2402 4311 tum
2424 4259 2697 4325 agebatur.

1778 4343 1946 4394 ”Ex
1964 4337 2367 4403 comm}
2397 4337 2503 4392 Qui
2549 4328 2773 4389 asserva·
