3063 4952
312 404 368 459 J.
391 402 454 454 c.
466 401 585 466 aa]
2335 375 2513 446 1⁷8⁷

315 544 440 623 vit,
463 547 720 607 tantum
744 539 815 604 in
841 542 907 603 te
930 544 1125 603 4mea
1141 537 1502 603 liberalitas
1510 543 1537 583 '⁵
1560 537 1828 622 explere
1852 548 1985 601 non
2004 541 2249 621 potest.
2307 535 2511 618 Quin,

314 647 376 710 si
405 664 545 729 qua
584 647 656 709 in
701 649 891 727 parte
921 643 1246 707 lubricum
1292 640 1757 707 adolescentiae
1783 645 2024 705 nostrae
2064 639 2369 719 declinat,
2410 656 2512 706 re·

312 767 528 814 vocas
538 755 580 829 3·
622 742 1076 830 ornatumque⁶
1105 742 1321 809 robur‘
1352 742 1655 808 subsidio
1682 742 2043 828 impensius
2070 743 2264 825 regia.
2353 742 2515 809 Non

1010 390 1418 445 &ultanum
1470 393 1615 443 un.
1662 391 1826 442 leb

312 947 465 1012 lusio,
480 954 682 998 tantum
700 961 818 996 mea
838 945 889 994 in
910 904 1332 995 temunificenfia
1348 941 1623 1006 adaequare
1637 939 1860 988 nondum
1878 944 2071 1001 potest.
2113 938 2251 991 Quin
2265 934 2338 1003 tit,
2352 940 2396 990 si
2414 955 2515 1005 qna

313 1012 366 1062 in
384 1027 441 1063 re
454 1014 701 1063 deerrant
718 1009 984 1076 cupidines
993 1011 1229 1073 juventae
1247 1014 1458 1070 nostrae,
1474 1006 1717 1070 corrigis3
1741 1003 2100 1070 firmatumque
2114 1004 2274 1055 robur
2287 1005 2515 1056 subsidio

1239 1164 1598 1188 ‘WOO‘NOG

312 1261 349 1307 4
380 1255 616 1306 Bedesis.
637 1255 691 1304 ivs
711 1270 786 1305 me
806 1270 908 1306 mea
927 1254 1107 1304 tila—s
1143 1252 1429 1316 Perper-am
1468 1250 1520 1299 in
1560 1249 1691 1298 Mss.
1716 1249 1855 1298 Flor.
1878 1249 2008 1313 Reg.
2036 1254 2091 1297 et
2112 1247 2340 1298 editione
2374 1248 2516 1313 prin·

317 1322 462 1386 cipe,
489 1334 595 1370 mea
614 1321 822 1370 libertas.
846 1372 849 1379 ,
891 1319 1215 1370 Brotier.—6
1249 1318 1333 1367 Ita
1358 1317 1484 1364 Mss.
1506 1315 1647 1364 Flor.
1671 1315 1802 1378 Reg.
1826 1312 1954 1389 Agr.
1987 1313 2149 1362 editio
2186 1313 2441 1391 princeps·
2462 1318 2517 1389 et

318 1386 659 1437 recentiores.
722 1386 788 1437 In
808 1386 937 1436 Mss.
964 1386 1115 1436 Harl.
1138 1383 1293 1434 Bodl.
1314 1382 1347 1433 J
1353 1394 1428 1431 es.
1450 1389 1505 1429 et
1526 1380 1864 1444 Puteolanus,
1883 1384 2165 1428 umatum.
2229 1379 2370 1429 Hinc
2393 1378 2521 1427 divi·

1311 1542 1533 1596 NOTAE

312 1675 518 1720 stanter
529 1684 735 1734 semper
746 1670 924 1733 scribi,
939 1670 1177 1722 Vol-sino.
1208 1639 1375 1719 Porro
1455 1672 1659 1718 tantum
1696 1680 1869 1730 operae
1908 1671 1965 1716 et
2003 1665 2178 1716 meriti
2223 1664 2517 1730 praesentis,

313 1746 383 1796 de
415 1745 614 1796 divitiis
636 1747 960 1797 Volusiornm
990 1747 1104 1796 Silii
1136 1746 1375 1812 egregins
1451 1743 1579 1792 nibil
1609 1743 1678 1792 de
1714 1742 1924 1803 futur03
1958 1743 2081 1809 quia
2105 1742 2215 1806 jam
2250 1740 2517 1792 adolesce—

316 1825 467 1874 locus
499 1831 599 1887 est,
633 1825 731 1874 buc
755 1825 1032 1875 alludentia
1068 1827 1102 1876 l.
1126 1840 1179 1876 v·
1230 1827 1245 1854 ‘
1272 1824 1377 1876 Oc·
1454 1818 1549 1870 bat
1590 1820 1754 1882 Nero,
1799 1834 1896 1869 nec
1937 1816 2076 1870 forte
2110 1820 2322 1870 volebat
2350 1819 2519 1870 videri

316 1899 533 1964 cumbis,
568 1913 813 1964 generose
837 1901 1031 1961 Volux;
1072 1915 1171 1950 nec
1203 1902 1379 1952 clausa

315 1972 543 2041 repostis
583 1975 826 2026 Pondera
883 1976 1155 2040 thesauris,
1202 1978 1376 2041 patrio

318 2065 419 2101 nec
442 2051 587 2116 regia
606 2052 862 2118 quondam
877 2051 1200 2116 Praet'ulgens
1220 2053 1380 2103 ebore

319 2136 376 2177 et
398 2142 634 2193 possessa
662 2129 885 2192 mapalia
913 2129 1009 2178 soli
1039 2125 1378 2181 Profuerint&

392 2281 607 2345 Vel-do]
638 2283 753 2334 Lib.
771 2287 949 2332 imao.
966 2282 982 2309 ‘
998 2281 1214 2331 Volusio
1230 2286 1377 2330 vetus

316 2358 534 2421 familia,
582 2374 750 2425 neque
795 2370 966 2408 tamen
1009 2365 1285 2423 praeturam
1325 2371 1378 2406 e-

321 2438 515 2501 gressa.
566 2436 689 2502 Ipse
710 2437 1031 2487 consulatum
1053 2433 1246 2499 intulit,
1264 2446 1381 2484 cen-

316 2515 461 2566 soria
495 2515 653 2564 etiam
687 2518 950 2579 potestate
985 2510 1222 2577 legendis
1238 2510 1380 2577 equi·

317 2599 433 2642 tum
457 2592 680 2642 decuriis
699 2590 927 2655 functus,
960 2603 1235 2656 opumque,
1268 2588 1381 2654 quis

319 2670 505 2719 domus
526 2669 615 2719 illa
646 2671 944 2719 immensum
964 2669 1150 2730 viguit,
1188 2667 1380 2731 primus

321 2746 709 2798 accumulator.’
776 2746 850 2796 At
893 2746 1028 2795 alter
1056 2744 1297 2794 Volusius
1339 2744 1377 2792 l.

318 2831 452 2875 xm.
496 2827 578 2873 80.
657 2824 729 2874 At
769 2825 831 2874 L.
850 2822 1093 2872 ‘Volusius
1131 2826 1147 2850 ⁴
1171 2820 1383 2885 egregia

316 2901 460 2952 fama
479 2902 753 2966 concessit,
776 2901 856 2951 cui
890 2907 996 2952 tres
1017 2905 1074 2949 et
1105 2900 1380 2963 nonaginta

323 2980 447 3029 anni
483 2980 705 3043 spatium
730 2976 954 3041 vivendi,
998 2977 1380 3041 praecipuaeque

320 3071 459 3120 opes
480 3052 629 3106 bonis
664 3055 894 3106 artibus.’
958 3054 1070 3104 Iste
1090 3068 1249 3104 senex
1273 3055 1380 3103 Pli-

320 3132 407 3182 nio
449 3139 503 3183 et
522 3133 701 3182 Tacito
733 3132 926 3182 dicitnr
963 3132 1023 3182 L.
1052 3131 1291 3181 Volusius.-
1324 3135 1382 3181 at

322 3207 538 3273 Lipsius
581 3207 708 3257 dicit
767 3206 984 3271 intelligi
1030 3221 1062 3256 a
1100 3207 1270 3257 Plinio
1310 3208 1378 3260 Q.

319 3284 611 3345 Volusium,
628 3285 714 3350 qui
731 3285 908 3334 consul
925 3298 1057 3333 anno
1076 3288 1190 3334 8⁰9.
1223 3286 1380 3335 Certe

319 3368 545 3426 uterque
576 3361 719 3411 dives
754 3359 887 3411 fuit:
931 3361 1025 3411 sed
1065 3361 1258 3425 primus
1290 3360 1380 3409 ille

322 3437 668 3488 accumulavit
689 3451 830 3500 opes,
867 3437 1002 3487 alter
1020 3436 1211 3485 diutius
1230 3435 1382 3500 vixit,

321 3520 381 3565 et
401 3514 577 3579 plnres
608 3514 776 3565 adbuc
809 3529 935 3579 opes
968 3513 1244 3578 congessit.
1308 3505 1382 3564 Et

325 3590 390 3640 de
427 3589 528 3640 hoc
560 3591 741 3640 ultimo
768 3589 1142 3655 intelligendus
1179 3589 1264 3639 hic
1281 3589 1380 3638 Ta·

322 3667 491 3720 citus:
527 3672 748 3729 quantum
777 3667 964 3718 Volusio
985 3669 1125 3729 longa
1145 3667 1381 3730 parcimo-

321 3745 408 3794 nia
429 3744 666 3809 quesivit,
693 3748 774 3810 ᾁο.
810 3745 875 3794 ad
898 3744 1231 3794 cumulandas
1251 3755 1378 3808 opes

324 3822 487 3872 inulta
531 3822 864 3886 parcimonia,
910 3831 965 3872 et
1005 3822 1180 3871 multis
1232 3822 1377 3872 annis

325 3907 481 3964 opus:
519 3905 573 3948 et
589 3901 604 3925 ⁸
621 3895 814 3949 crescit
834 3911 978 3948 amor
994 3898 1204 3960 nummi,
1222 3912 1381 3964 quan-

325 3979 437 4027 tum
461 3977 576 4039 ipsa
599 3975 819 4039 pecunia
839 3972 1060 4025 crescit!

389 4060 411 4085 ⁸
445 4052 577 4109 Quia
610 4053 692 4115 ὅτ.
724 4051 932 4115 revocas]
962 4051 1207 4114 vertunt,
1241 4051 1385 4116 quasi

326 4128 574 4179 invitaret
617 4133 707 4177 aut
748 4132 957 4190 rogaret
991 4126 1240 4176 Senecam
1258 4139 1385 4177 -ma-

327 4216 469 4270 nere,
487 4211 544 4255 et
567 4202 622 4253 id
650 4203 839 4269 facere,
861 4218 953 4253 sen
974 4202 1226 4269 perficere
1248 4204 1384 4269 quod

329 4277 631 4347 incepisset.
696 4278 798 4332 Sed
815 4285 961 4332 certe
978 4279 1222 4331 admonet
1239 4278 1384 4332 illum

1455 1897 1701 1962 princeps
1724 1912 1901 1948 errare
1923 1896 2118 1949 debere
2163 1907 2253 1949 ant
2288 1899 2517 1971 possein

1458 1978 1742 2038 posterum.

1526 2052 1754 2116 Quasi}
1810 2052 1958 2116 Sunt,
2000 2053 2088 2118 qui
2131 2053 2184 2103 id
2226 2053 2520 2118 intelligunt

1458 2146 1556 2196 per
1576 2134 2043 2198 interrogationem,
2061 2134 2209 2198 quasi
2229 2134 2369 2183 illum
2391 2134 2520 2184 invi·

1458 2216 1597 2259 taret
1641 2210 1784 2260 Nero
1826 2209 1891 2258 ad
1935 2210 2329 2272 remanendum,
2371 2210 2517 2275 quasi

1456 2285 1557 2334 sibi
1611 2286 1777 2335 adhuc
1831 2286 2153 2335 necessarius
2198 2295 2367 2336 esset:
2423 2288 2518 2338 sed

1456 2376 1560 2411 non
1575 2360 1731 2424 jubet
1751 2360 1834 2411 hic
1856 2362 2021 2425 Nero,
2042 2369 2100 2412 nt
2121 2368 2263 2426 agat,
2285 2368 2374 2411 aut
2396 2377 2516 2412 con·

1458 2436 1645 2500 tinnet,
1702 2435 1791 2487 sed
1832 2443 2083 2488 memorat
2118 2438 2421 2503 simpliciter
2460 2438 2516 2488 id

1458 2515 1600 2581 qnod
1623 2529 1758 2565 nnnc
1776 2521 1830 2564 et
1848 2522 1968 2564 ante
1985 2515 2111 2564 alias
2128 2517 2323 2565 Seneca
2343 2513 2518 2565 facere

1460 2591 1664 2642 solebat
1686 2590 1822 2655 apud
1845 2591 2150 2656 principem.

1527 2668 1658 2725 Quia
1678 2669 1721 2717 si
1741 2668 1857 2732 quo]
1905 2669 1992 2717 Sic
2015 2666 2383 2718 connectebant
2406 2681 2520 2718 sen·

1459 2758 1572 2795 snm
1595 2752 1652 2795 et
1689 2745 1903 2794 seriem:
1947 2744 2118 2794 Verum
2155 2750 2203 2794 et
2234 2743 2325 2793 tibi
2359 2744 2520 2794 valida

1458 2827 1596 2885 σιω,
1634 2821 1857 2885 rebusque
1893 2826 1941 2870 et
1972 2820 2161 2881 smmi
2192 2835 2351 2869 rerum
2389 2821 2518 2887 ruffi

1458 2898 1603 2963 ciens,
1633 2903 1681 2947 et
1699 2913 1786 2947 nos
1799 2898 1958 2962 prima
1977 2898 2167 2961 imperii
2184 2896 2341 2961 spatio
2358 2897 2520 2959 ingre·

1456 2978 1631 3027 dimur.
1699 2977 1832 3033 Quin
1869 2977 2023 3026 immo
2062 2975 2230 3026 adhuc
2264 2976 2439 3040 etiam,
2475 2975 2521 3024 si

1457 3055 1624 3118 quain
1639 3059 1779 3119 parte
1800 3053 2029 3104 lubricam
2063 3054 2384 3104 odolescentia
2415 3067 2520 3103 nos-

1458 3137 1551 3181 ινα*
1571 3133 1794 3194 declinat,
1808 3136 1862 3181 tu
1881 3146 2083 3183 revocas.

1522 3209 1630 3260 Alii
1673 3209 2041 3274 interrogative
2091 3209 2520 3273 interpretantur,

1463 3292 1659 3352 praeter
1683 3287 1908 3349 priscam
1937 3284 2405 3348 interpunctionem
2422 3282 2520 3343 sic,

1458 3364 1604 3427 quasi
1638 3363 1951 3425 scripsisset:
2006 3360 2134 3417 Quid
2167 3362 2237 3424 ni,
2269 3362 2314 3410 si
2347 3374 2440 3423 qua
2465 3358 2521 3408 in

1453 3444 1613 3503 parte,
1635 3440 1815 3489 lubrica
1847 3445 2007 3488 nostra
2038 3443 2154 3489 oetus
2182 3436 2408 3501 deflectit,
2437 3450 2521 3487 nos

1458 3514 1684 3566 revocas?
1706 3518 1787 3580 qe.
1823 3516 1956 3581 quod
1976 3529 2078 3564 non
2099 3515 2291 3580 placet.
2521 3521 2524 3524 ’

1524 3592 1541 3625 ⁸
1576 3591 1901 3656 ornatumque
1936 3591 2101 3655 robur]
2164 3590 2383 3641 Iam-nati
2420 3601 2522 3640 vox

1459 3667 1723 3733 displicet,
1759 3683 1874 3718 cum
1908 3675 2190 3732 sequantur
2226 3666 2390 3717 verba
2430 3681 2520 3732 pa-

1459 3760 1569 3794 rum
1613 3747 1688 3796 illi
1730 3745 1971 3808 congrua.
2037 3745 2240 3808 Malim,
2278 3744 2522 3794 inord'm·

1458 3827 1663 3886 tamque.
1698 3821 1764 3871 Id
1786 3829 1887 3884 est,
1909 3823 1961 3871 in
1983 3823 2323 3886 compositum
2348 3821 2522 3870 aetatis

1458 3898 1609 3961 hujus
1665 3898 1839 3948 robur.
1929 3899 2044 3948 Nec
2098 3898 2342 3961 displicet
2393 3903 2520 3945 sane

1462 3974 1669 4036 FaiSrni,
1688 3977 1989 4039 innatamque
2008 3974 2166 4023 robur.
2201 3971 2424 4037 Lipsius.
2515 3965 2526 3974 ‘

1530 4052 1853 4115 Omawmque
1870 4050 2035 4113 robur]
2098 4048 2214 4112 Ait,
2245 4053 2522 4112 postqum

1465 4130 1624 4179 robur
1645 4128 1817 4178 etatis
1839 4141 1968 4177 mess
2006 4125 2284 4191 praeceptis
2317 4123 2421 4174 tuis
2443 4136 2524 4186 or,

1463 4205 1618 4269 nasti,
1659 4215 1798 4255 nunc
1842 4210 1935 4255 tuo
1976 4201 2204 4255 subsidio
2238 4197 2521 4265 impensius

1462 4280 1618 4350 regis.
1651 4279 1876 4331 Piens«.
2514 4279 2527 4308 ’-
2562 4335 2566 4340 ,
