3063 4952
536 394 713 463 2014

1253 410 1322 462 0·
1364 409 1730 460 contum
1775 410 2031 461 vacivi

2429 419 2518 485 [A.
2533 420 2597 473 u.
2616 424 2719 473 sio.

535 556 826 642 quentia,
855 553 1205 622 advocatis
1233 556 1724 640 scriptoribus,¹’
1751 556 2067 641 pleraque
2094 557 2420 639 tradidit:¹
2445 581 2616 645 quse,
2652 561 2714 636 in

536 659 778 743 vulgus
805 658 988 724 edita
1010 659 1156 744 ejus
1186 658 1456 736 verbis:
1479 658 1828 724 invertere⁹
1856 662 2313 744 supersedeo.⁸

529 834 753 949 mue
779 785 996 899 dict-avit,
1015 852 1141 900 «ω,
1161 851 1277 887 cum
1307 836 1550 902 publicat«
1587 839 1690 888 sint
1723 838 1826 901 eius
1859 838 2020 904 ipsius
2042 839 2216 906 verbis,
2252 842 2344 891 huc
2369 839 2620 902 mare
2646 857 2717 891 ιο-

534 1063 612 1120 sic
644 1062 935 1114 Gronovius
968 1070 1022 1115 et
1067 1063 1421 1129 Ryckius.—-9
1455 1065 1600 1152 Male
1640 1067 1744 1118 ΜΒ.
1779 1068 1912 1133 Reg.
1935 1073 2159 1122 ever-tm.
2223 1068 2508 1138 Rhenanus
2542 1067 2720 1120 fnntrs

537 1134 731 1193 tentat,
744 1130 996 1179 innectere.
1035 1129 1204 1179 Idem.

1524 1230 1739 1281 NOTAE

535 1342 610 1412 illi
648 1342 897 1405 homines,
926 1343 1015 1411 qui
1037 1343 1346 1404 formidinem
1384 1345 1597 1396 Senecae

538 1420 794 1470 ascribant
817 1436 988 1485 supra.

600 1502 629 1537 Ρ
645 1496 986 1560 Scriptoribu]
1007 1497 1230 1548 Libertis
1252 1512 1438 1562 nempe
1459 1513 1600 1548 ama-

536 1573 831 1637 nuensibus,
853 1575 939 1638 qui
963 1581 1017 1623 et
1039 1575 1138 1638 ipsi
1164 1575 1306 1624 docti
1332 1582 1388 1624 et
1404 1576 1598 1625 eruditi

538 1650 755 1702 aderant
779 1653 1008 1712 senecae,
1032 1660 1091 1702 ut
1125 1654 1179 1701 in
1206 1653 1361 1701 tantis
1395 1654 1600 1717 opibus,

535 1733 590 1776 et
627 1742 691 1776 ea
729 1735 904 1792 aetate,
924 1743 1024 1792 qua
1051 1729 1286 1778 eruditus
1319 1729 1458 1779 orbis
1494 1729 1599 1779 uni·

535 1817 731 1866 versus,
754 1819 854 1869 qna
888 1820 1083 1855 summa
1122 1805 1389 1869 elegantia
1427 1804 1599 1855 bonae·

535 1894 635 1946 qne
659 1888 800 1930 artes
821 1882 986 1930 adhuc
1009 1881 1291 1933 florebant.

599 1956 701 2008 Qui
723 1956 895 2007 liberti
912 1958 1071 2007 verba
1081 1958 1294 2008 Senecas
1312 1959 1601 2022 morientis,

535 2039 591 2084 et
634 2031 771 2082 forte
817 2042 877 2083 ut
920 2035 972 2082 in
1007 2037 1251 2085 extremis
1297 2037 1599 2098 laborantis,

536 2122 640 2159 non
705 2109 832 2159 satis
883 2110 1081 2176 ordine,
1153 2114 1245 2162 sed
1301 2115 1598 2178 interrupte

536 2191 757 2251 promta,
780 2202 898 2237 mox
936 2189 1036 2252 ipsi
1072 2203 1430 2255 composuere,
1453 2198 1511 2243 et
1545 2192 1599 2241 in

477 2273 486 2276 “
536 2262 718 2326 vulgus
758 2262 1006 2325 edidere3
1042 2265 1133 2315 sed
1174 2281 1312 2331 quae,
1342 2273 1401 2316 ut
1434 2270 1599 2318 multa

537 2339 639 2388 alia
660 2339 894 2403 Senecae,
928 2339 1052 2391 fatis
1091 2342 1278 2408 iniquis
1301 2345 1597 2410 intercepta

537 2423 676 2468 sunt.

599 2503 624 2537 ἰ
655 2495 886 2560 Pleraque
926 2498 1154 2562 tradidit]
1203 2499 1353 2550 Inter
1390 2515 1505 2565 quae
1541 2506 1598 2552 et

534 2569 748 2620 fuerunt
808 2587 870 2622 ea
925 2588 1038 2639 qum
1089 2590 1246 2640 supra
1300 2576 1597 2639 dictitabat,

532 2647 548 2675 ‘
570 2646 656 2696 ubi
698 2656 968 2713 praecepta
1002 2651 1311 2715 sapientias?
1347 2656 1447 2702 &c.
1500 2653 1597 2701 Cui

532 2723 671 2774 enim
709 2724 938 2788 ignaram
962 2726 1117 2777 fuisse
1153 2730 1405 2780 saevitiam
1431 2731 1598 2780 Nero·

534 2802 650 2855 uis?
683 2816 852 2868 neque
879 2804 1019 2855 aliud
1055 2820 1323 2868 superesse
1355 2813 1472 2870 post
1494 2821 1600 2856 ma-

537 2886 671 2929 trem
695 2876 1015 2945 fratremque
1052 2882 1392 2948 interfectos,’
1414 2885 1509 2934 &c.
1543 2890 1599 2935 et

532 2956 632 3007 alia
645 2954 842 3019 flagitia
859 2957 905 3006 N
912 2959 1055 3008 eroni
1078 2960 1433 3024 exprobravit.
1460 2964 1596 3013 Nam

532 3035 671 3086 infra
708 3045 977 3101 comparat
1014 3041 1224 3089 Tacitus
1256 3043 1416 3092 verba
1439 3044 1598 3092 Sene·

534 3126 631 3173 cae,
654 3105 771 3161 cum
794 3112 960 3163 verbis
982 3115 1094 3164 istis
1122 3115 1290 3166 Subrii
1313 3118 1477 3167 Flavii
1499 3119 1597 3168 viri

533 3188 802 3240 militaris.
837 3190 852 3217 ‘
878 3191 1072 3243 Odisse
1113 3195 1267 3256 coepi,
1325 3202 1595 3260 postquam

533 3266 796 3331 parricida
829 3269 1006 3318 matris
1036 3277 1090 3320 et
1109 3272 1299 3331 ιικοτίε,
1319 3273 1515 3370 auriga,
1542 3279 1596 3323 et

531 3344 736 3408 histrio,
754 3353 808 3395 et
837 3347 1183 3396 incendiarius
1207 3348 1463 3398 extitisti?

599 3422 756 3471 Forte
795 3429 849 3472 et
887 3424 986 3472 alia
1013 3423 1263 3487 immixta,
1288 3439 1401 3488 quse
1427 3432 1596 3475 sumta

532 3512 599 3548 ex
620 3498 810 3548 intimis
835 3499 1099 3563 sapientiae
1125 3499 1311 3563 adytis,
1332 3503 1389 3550 de
1408 3502 1599 3550 dissoci-

530 3577 689 3626 atione
713 3578 861 3627 animi
883 3583 929 3627 et
948 3579 1173 3641 corporis,
1209 3579 1274 3629 de
1298 3581 1621 3629 immortali·-

532 3657 645 3702 tate
679 3654 980 3717 animorum,
1018 3664 1073 3704 et
1115 3656 1362 3705 similibus
1389 3657 1595 3706 motivis

533 3727 811 3793 spernendi
846 3730 1015 3783 brevis
1047 3732 1323 3797 miserique
1348 3734 1445 3782 aevi
1464 3749 1597 3784 mor-

532 3805 731 3857 talium.

597 3883 758 3934 Forte
798 3890 851 3933 et
886 3884 1121 3949 quaedam
1158 3885 1489 3951 addita,qnae
1526 3885 1592 3937 ad

532 3958 792 4011 Caesarem
821 3962 1099 4024 alumnum,
1135 3968 1190 4011 et
1213 3962 1277 4010 ad
1301 3966 1591 4028 exemplum

529 4038 844 4102 principum,
881 4045 937 4087 et
978 4040 1042 4088 ad
1086 4040 1343 4104 Rempub.
1367 4044 1594 4105 pertine·

532 4119 670 4176 rent,
690 4122 751 4164 ut
777 4115 974 4178 peritus
998 4115 1100 4164 fuit
1123 4117 1252 4166 aulae
1288 4125 1344 4167 et
1366 4118 1595 4168 domina·

532 4188 731 4241 tionum
752 4192 966 4241 Seneca.

596 4270 617 4299 ⁸
651 4264 773 4322 Qua
814 4268 868 4316 in
905 4270 1074 4331 vulgus
1116 4271 1243 4321 edita
1282 4250 1390 4334 eius-
1416 4271 1595 4337 verbis]

1678 1347 2021 1412 Temporibus
2043 1348 2269 1399 Cornelii
2309 1348 2473 1399 nostri
2506 1347 2631 1397 liber
2649 1347 2724 1398 Se-

1678 1439 1817 1475 necae
1843 1427 2077 1489 extabat,
2099 1433 2154 1475 et
2188 1427 2544 1488 lectitabatur,
2565 1425 2721 1490 quoin

1678 1502 1928 1553 saevitiam
1967 1503 2191 1554 Neronis
2222 1504 2460 1553 invectus
2492 1502 2724 1566 supremis

1678 1579 1852 1643 potius
1902 1579 2068 1629 verbis
2110 1595 2262 1645 qnam
2308 1579 2501 1629 tabulis
2543 1579 2723 1630 exitum

1678 1655 1956 1720 descripsit
1977 1671 2144 1706 sunm.

1742 1733 1797 1782 Is
1821 1748 1943 1783 vero
1967 1733 2173 1782 libellus
2202 1748 2304 1783 non
2327 1734 2471 1783 iuter
2490 1733 2723 1797 Tragicos

1677 1811 1901 1860 Neronis
1919 1824 2051 1858 nunc
2076 1817 2331 1875 superest,
2354 1811 2588 1875 quamvis
2617 1824 2730 1859 non·

1676 1887 1829 1937 nullis
1853 1888 1904 1936 id
1927 1897 2269 1938 commentum
2290 1887 2519 1952 placeat.

1745 1963 1865 2013 Fuit
1900 1970 2092 2024 autem,
2110 1964 2163 2012 ni
2203 1962 2372 2025 fallor,
2391 1962 2563 2014 factus
2602 1962 2731 2013 dissi·

1677 2039 1788 2089 mili
1840 2046 2158 2102 argumento,
2194 2040 2453 2100 oratione,
2481 2055 2542 2089 ac
2586 2040 2729 2103 stylo.

1678 2117 1765 2166 De
1789 2131 1891 2182 quo
1912 2116 2204 2179 Xiphilinus
2229 2115 2395 2165 Cassii
2429 2118 2729 2180 epitomator

1677 2194 1882 2258 inquit:
1919 2195 1935 2222 ‘
1959 2193 2157 2242 Seneca
2194 2206 2297 2241 non
2336 2193 2486 2254 prius
2524 2192 2620 2242 sibi
2641 2205 2731 2242 ma·

1678 2284 1772 2318 nus
1794 2268 1988 2330 attulit,
2008 2284 2160 2332 quam
2181 2268 2437 2332 libellum,
2462 2285 2610 2334 quem
2634 2277 2728 2320 tum

1678 2344 1960 2407 scribebat,
2003 2350 2283 2409 ceteraque
2339 2345 2732 2408 emendavisset,

1678 2437 1793 2488 quae
1834 2436 1935 2470 nou
1979 2421 2203 2471 audebat
2247 2422 2385 2487 apud
2435 2437 2727 2488 quemquam

1679 2499 1960 2563 deponere,
2002 2504 2258 2559 metuens,
2295 2512 2378 2560 ne,
2421 2500 2466 2548 si
2512 2499 2644 2550 forte
2680 2499 2726 2548 in

1678 2576 1904 2625 Neronis
1942 2589 2125 2624 manus
2146 2575 2430 2639 venissent,
2453 2577 2727 2627 interirent.

1677 2651 1860 2716 Itaque
1881 2650 2082 2700 Seneca
2120 2650 2219 2700 hoc
2258 2652 2411 2701 modo
2449 2652 2669 2703 decessit
2697 2667 2723 2702 e

1676 2730 1801 2791 vita,
1820 2730 1965 2793 licet,
1986 2736 2046 2779 ut
2084 2730 2237 2780 homo
2268 2730 2521 2780 imbecilli
2560 2731 2728 2794 animo,

1679 2805 1877 2855 Neroni
1921 2805 2365 2867 consuetudinem,
2404 2823 2561 2871 quam
2624 2821 2727 2856 cum

1678 2884 1793 2947 ipso
1813 2881 2097 2942 habuisset,
2118 2883 2503 2947 exprobraret!
2552 2884 2727 2935 Vema-

1677 2960 1799 3010 nius.

1741 3044 1759 3068 ⁸
1781 3037 2023 3088 [numere
2041 3038 2334 3101 supersedeo]
2370 3037 2569 3086 Seneca
2590 3042 2728 3099 pater

1676 3114 1879 3164 suasor.
1897 3118 1946 3163 2.
1979 3114 1995 3141 ‘
2015 3115 2146 3163 Tam
2171 3114 2446 3178 diligentes
2469 3121 2578 3163 tum
2601 3110 2728 3160 audi·

1676 3196 1815 3239 tores
1837 3197 2006 3254 erant,
2024 3205 2088 3240 ne
2111 3191 2277 3240 dicam
2303 3197 2408 3240 tam
2432 3189 2658 3251 maligni,
2673 3194 2726 3238 ut

1676 3268 1822 3316 unius
1849 3267 2001 3317 verba
2036 3268 2223 3331 surripi
2257 3283 2358 3318 nou
2381 3274 2609 3332 possent.
2661 3264 2727 3315 At

1676 3358 1811 3393 nunc
1835 3343 2050 3394 cuilibet
2070 3346 2323 3395 orationes
2346 3345 2607 3395 invertere
2623 3349 2725 3394 tuto

1673 3420 1798 3470 licet
1821 3435 1914 3484 pro
1937 3420 2075 3470 suis.'

1740 3497 2072 3563 Apophtheg.
2096 3500 2130 3548 l.
2150 3514 2272 3549 vm.
2295 3501 2546 3549 ‘Severus
2570 3497 2725 3548 Cassi·

1674 3593 1752 3641 us,
1776 3579 1861 3643 qui
1885 3579 2073 3627 alienas
2097 3578 2399 3639 sententias,
2444 3578 2620 3641 paucis
2641 3577 2723 3625 im·

1675 3655 1942 3705 munitatis
1998 3655 2225 3716 vocibus,
2280 3661 2589 3719 usurparent
2639 3666 2723 3718 pro

1675 3733 1799 3795 suis,
1819 3733 1996 3783 dicere
2021 3735 2171 3794 solet,
2193 3748 2283 3782 eos
2314 3749 2424 3782 esse
2449 3733 2635 3782 similes
2656 3729 2725 3780 fu-

1675 3809 1838 3871 ribus,
1879 3810 1964 3874 qui
2014 3811 2213 3873 poculis
2250 3810 2430 3877 alienis
2475 3812 2723 3860 mutarent

1676 3902 1845 3949 ansas,
1865 3902 1929 3936 ne
1955 3897 2161 3949 possent
2188 3887 2437 3951 agnosci!

1738 3964 2001 4027 luvet-tere]
2064 3965 2151 4014 Sic
2197 3965 2345 4027 dicit,
2389 3965 2506 4029 quia
2548 3962 2721 4012 eadem

1676 4041 1831 4090 verba
1874 4041 1927 4089 in
1971 4056 2100 4104 opus
2143 4056 2288 4091 suum
2327 4039 2605 4090 transferre
2624 4050 2720 4086 non

1674 4116 1886 4177 debuit;
1923 4118 2014 4166 sed
2039 4125 2210 4167 tamen
2235 4118 2417 4167 iisdem
2439 4117 2549 4167 fere
2571 4113 2719 4163 ratio·

1671 4194 1821 4244 nibus
1854 4200 1908 4243 et
1945 4194 2215 4246 sententiis
2238 4195 2318 4245 uti
2353 4195 2528 4257 licuit3
2562 4197 2617 4244 et
2647 4188 2718 4239 sie

1671 4270 1806 4321 solet
1823 4270 2052 4322 Tacitus.
