3063 4952
516 390 693 460 1502

1219 405 1297 458 O:
1318 406 1702 461 ‹conl-uui
1747 408 2040 463 TAGI'H*

2412 404 2504 487 [Α.
2525 417 2593 477 ιι,
2613 422 2729 477 818:

513 554 716 634 mani,
745 572 834 620 ex
878 571 1014 638 quo
1059 551 1267 619 fllium
1310 561 1675 637 genuerat,⁰
1727 555 1906 622 Otho
1955 558 2286 643 pellexi&
2322 556 2607 642 juventa
2649 575 2727 623 ac

514 659 706 737 luxu,
754 664 823 723 et
865 657 1028 741 quia
1068 657 1618 741 flagrantissimus
1660 660 1732 725 iu
1776 661 2077 726 amicitia
2117 661 2408 726 Neronis
2435 661 2728 726 habeba-

514 767 660 827 tur:
704 780 830 826 nec
856 779 1065 840 mora,
1095 762 1262 846 quin
1293 762 1620 827 adulterio
1647 762 2170 829 matrimonium*
2187 763 2599 848 jungeretur.

510 984 656 1033 lecta
672 981 953 1047 ipsa,ae1uie
969 980 1112 1032 Otho
1134 981 1484 1032 ualidissimas
1462 998 1518 1033 ιιι
1528 982 1698 1047 gratia
1714 982 1923 1033 Neronis
1935 979 2330 1085 edumhum,-
2355 995 2441 1030 nee
2456 980 2604 1031 multo
2621 984 2730 1044 pou

512 1053 675 1113 stupro
694 1049 967 1111 σοιὶσείισιι
985 1046 1228 1112 addicitur·

1443 1174 1591 1195 ‘0000
1596 1175 1680 1195 On
1686 1173 1801 1194 0000

505 1259 652 1324 pini,-
685 1260 934 1326 Ryckius,
959 1261 1114 1328 Rufii,
1153 1267 1212 1312 ut
1235 1274 1407 1326 supra
1413 1261 1604 1313 Aunsl.
1627 1274 1729 1312 ιιι.
1751 1265 1835 1314 42.
1882 1261 2181 1325 Crispinum
2202 1236 2434 1377 hasque·
2437 1258 2604 1311 filium
2628 1272 2743 1310 me·

511 1331 683 1376 morat
701 1327 939 1393 Poppaea
957 1328 1096 1393 apud
1116 1326 1391 1392 Senecam,
1410 1326 1654 1391 Octavia,
1676 1334 1878 1379 act.1v.
1900 1343 1974 1378 sc.
1994 1332 2043 1379 1.
2067 1332 2180 1378 728.

2267 1325 2418 1376 rotier

1518 1512 1732 1565 NOTAE

504 1624 618 1676 'Sed
640 1624 931 1691 Crispinum
964 1626 1013 1677 ei
1046 1641 1350 1692 cognomen,
1371 1628 1584 1678 Plutar-

512 1704 639 1755 chus
662 1704 715 1754 in
739 1705 926 1767 Galba,
943 1712 1118 1758 noster
1139 1707 1174 1758 l.
1199 1718 1315 1769 xm,
1333 1712 1389 1759 et
1409 1706 1582 1759 claris-

513 1778 642 1830 sime
686 1779 905 1843 Seneca,
948 1796 1042 1849 seu
1091 1781 1204 1847 quis
1252 1783 1398 1848 alius,
1451 1784 1582 1851 (uon

512 1855 651 1908 enim
671 1863 818 1905 certe
847 1856 1238 1924 Philosophus,)
1260 1859 1313 1909 in
1337 1860 1582 1924 Octavia,

511 1930 604 1982 nbi
648 1932 881 1996 Poppaea
921 1932 1212 1987 inducitur:
1249 1935 1581 1987 ‘venientem

510 2009 689 2058 intuor
749 2009 1045 2059 Comitante
1098 2010 1253 2060 turba
1307 2013 1582 2077 conjugem

511 2084 772 2150 quondam
842 2101 1010 2136 meum
1051 2087 1413 2154 Gnatumque:
1465 2104 1581 2153 pro-

508 2170 665 2228 perat
708 2169 895 2227 petere
941 2165 1242 2230 complexus
1282 2181 1424 2216 meos
1446 2167 1583 2218 Cris-

509 2236 686 2304 pinus,
719 2247 775 2289 et
798 2241 1089 2291 intermissa
1112 2241 1274 2292 libare
1296 2241 1511 2293 oscula!

580 2315 795 2379 Rufinus
823 2318 1087 2382 Crispinus
1110 2317 1247 2369 filius
1268 2319 1381 2385 ejus
1405 2335 1437 2370 a
1455 2320 1582 2371 Sue-

509 2393 658 2444 tonio
679 2395 987 2460 nominatur,
1009 2390 1054 2447 c.
1074 2401 1155 2448 85.
1184 2391 1322 2462 Hbs.

575 2480 600 2508 ⁰
635 2473 718 2523 Ex
750 2490 839 2539 quo
861 2473 1027 2541 filium
1054 2475 1309 2541 genuerat]
1370 2472 1452 2526 De
1478 2491 1582 2541 quo

509 2547 725 2602 Sueten.
767 2551 894 2601 Ner.
933 2556 1015 2603 35.
1060 2553 1399 2618 ‘Privignum
1439 2549 1581 2602 Rufi·

508 2640 632 2677 num
669 2628 965 2694 Crispinum
997 2628 1234 2693 Poppaea
1266 2635 1465 2692 natum,
1487 2630 1582 2679 im-

508 2704 762 2768 puberem
786 2706 972 2769 adhuc,
985 2707 1110 2771 quia
1130 2704 1399 2757 ferebatur
1419 2706 1580 2756 duca-

509 2785 598 2829 tus
642 2786 698 2831 et
742 2782 957 2848 imperia
999 2782 1199 2845 ludere,
1236 2782 1579 2847 mergendum

508 2855 659 2919 mari,
697 2856 818 2906 dum
862 2858 1169 2922 piscaretur,
1213 2861 1374 2910 servis
1417 2860 1580 2924 ipsius

512 2933 881 2986 demandavit:
953 2973 965 2983 ,

577 3016 604 3052 P
639 3011 768 3060 0:120
785 3006 1007 3076 pellexit]
1071 3014 1368 3079 xiphilinus
1396 3020 1583 3066 auctor

509 3092 613 3150 est,
650 3087 890 3138 Sabinam
925 3089 1205 3141 abductam
1241 3106 1272 3142 a
1303 3091 1436 3155 viro,
1471 3093 1581 3142 Ne·

507 3159 688 3216 renem
744 3167 940 3218 Othoni
988 3168 1042 3216 in
1087 3181 1301 3218 uxorem
1352 3168 1576 3231 dedisse,

508 3257 627 3294 cnm
650 3259 753 3309 qua
775 3244 975 3310 utrique
998 3258 1079 3294 res
1103 3252 1254 3295 esset.
1294 3244 1520 3295 Ver-tran.

572 3328 599 3363 1
631 3321 1019 3385 Matrimonium]
1085 3322 1239 3372 Hanc
1259 3329 1434 3373 tamen
1464 3337 1576 3373 rem

508 3395 665 3450 diter
686 3405 861 3447 narrat
880 3398 1097 3448 Tacitus
1121 3398 1263 3449 Hist.
1294 3413 1333 3447 1.
1358 3403 1437 3449 13.
1470 3400 1485 3427 ‘
1505 3399 1578 3448 0-

507 3473 601 3523 tho
638 3474 913 3539 pueritiam
953 3475 1234 3537 incuriose,
1278 3476 1576 3526 adolescen-

507 3550 634 3601 tiam
674 3552 971 3616 petulanter
1009 3559 1208 3615 egerat,
1247 3558 1426 3616 gratus
1466 3554 1575 3603 Ne·

506 3626 641 3691 roni,
683 3626 1009 3676 aemulatione
1052 3628 1224 3689 luxus,
1267 3642 1434 3693 eoque
1458 3628 1573 3693 jam

507 3699 794 3771 Poppaeam
830 3705 1090 3768 Sabinam,
1114 3705 1399 3769 principale
1433 3721 1575 3757 scor-

507 3787 639 3846 tum,
679 3787 741 3831 ut
791 3780 930 3846 apud
983 3781 1248 3833 conscium
1303 3782 1574 3834 libidinum

512 3855 745 3909 Othonem
813 3858 1146 3922 deposuerat,
1209 3861 1338 3908 Nero
1390 3876 1573 3925 nempe,

506 3934 675 3986 donec
700 3935 978 3986 Octaviam
1009 3949 1223 3985 uxorem
1247 3935 1569 3986 amoliretur:

506 4027 628 4065 mox
660 4019 956 4077 suspectum
981 4012 1031 4060 in
1057 4012 1237 4061 eadem
1268 4012 1499 4075 Poppaea
1519 4012 1572 4061 in

506 4083 828 4153 provinciam
872 4088 1186 4139 Lusitaniam
1221 4088 1393 4152 specie
1435 4089 1572 4153 lega-

507 4165 663 4241 tionis
679 4165 946 4242 seposuit?

570 4239 646 4291 Et
686 4243 850 4307 magis
893 4227 1101 4292 Tacitus
1136 4240 1239 4292 hoc
1270 4241 1386 4291 loco
1428 4233 1569 4293 Hist.

508 4314 719 4368 aceedit
738 4317 807 4367 ad
836 4317 1158 4371 Suetonium
1174 4331 1328 4385 quam
1350 4318 1417 4371 ad
1439 4318 1571 4386 selp-

1650 2630 1882 2695 *recepit,
1920 2629 2050 2679 ocho
2089 2643 2270 2692 mpe.

1663 1641 1773 1677 sum
1795 1627 1894 1676 boc
1917 1625 1953 1677 l.
1974 1637 2100 1676 xm.
2131 1623 2272 1674 Anu.
2296 1622 2374 1673 sic
2405 1625 2587 1672 ‘autem
2608 1621 2735 1672 Sue⁴

1662 1709 1773 1754 ton.
1798 1703 1927 1755 Ner.
1949 1704 2029 1752 86.
2060 1704 2077 1731 ‘
2097 1700 2321 1757 Uxores,
2354 1705 2551 1762 praeter
2574 1697 2737 1750 Octa·
2769 1706 2774 1711 ’

1661 1781 1815 1844 viam,
1848 1779 1976 1830 duas
2013 1785 2196 1843 postea
2231 1776 2403 1837 duxit,
2439 1775 2735 1840 Poppaeam

1658 1858 1904 1909 Sabinam
1928 1855 2225 1910 Quaestorio
2263 1861 2417 1917 patre
2455 1859 2736 1918 natantum

1661 1935 1828 2002 equiti
1850 1935 2001 1985 Rom.
2024 1939 2146 1983 ante
2167 1929 2417 1996 nuptam.'

1726 2012 1897 2078 Igitur
1917 2013 2152 2076 Poppaea
2175 2016 2340 2075 nupta
2365 2015 2572 2059 tantum
2597 2006 2734 2059 Cris-

1661 2092 1803 2156 pino,
1856 2098 1978 2141 aute
2035 2088 2419 2140 matrimonium
2464 2087 2739 2154 principis,

1660 2183 1764 2220 non
1788 2182 1913 2219 vero
1932 2168 2149 2220 Othoni.
2198 2165 2354 2219 Quod
2373 2165 2537 2229 magis
2555 2165 2736 2215 adbuc

1662 2252 1812 2312 patet
1861 2260 1926 2295 ex
1972 2246 2155 2294 eodem
2205 2243 2419 2294 Suetou.
2471 2242 2602 2293 Oth.
2652 2255 2736 2293 rv-

1659 2324 1675 2352 ‘
1693 2323 1976 2388 Poppaeam
1996 2321 2236 2372 Sabinam
2265 2327 2390 2369 tunc
2416 2318 2587 2369 adhuc
2612 2319 2738 2368 ami·

1661 2412 1777 2450 cam
1817 2399 1948 2464 ejus,
1984 2398 2192 2448 Neronis
2231 2395 2414 2461 nempe,
2449 2394 2740 2446 abductam

1660 2475 1868 2538 marito,
1928 2474 2152 2538 Crispino
2199 2473 2399 2532 scilieet,
2452 2470 2740 2522 demanda-

1659 2558 1766 2603 tam
1807 2553 2013 2603 interim
2047 2551 2164 2612 sibi,
2208 2551 2510 2615 nuptiarum
2553 2550 2745 2614 specie·

2382 2628 2430 2678 N
2436 2640 2500 2677 ec
2553 2633 2739 2677 corru-

1658 2704 1796 2770 pisse
1831 2711 2136 2768 contentus,
2177 2706 2308 2755 adeo
2348 2702 2536 2755 dilexit
2568 2710 2632 2755 ut
2663 2717 2752 2756 ne-

1661 2782 1871 2831 rivalem
1896 2782 2106 2846 quidem
2139 2782 2405 2831 Neronem
2429 2793 2577 2845 aequo
2600 2781 2744 2831 tute-i

1661 2859 1731 2909 rit
1752 2859 1941 2910 animo.
2010 2856 2260 2909 Creditur
2282 2864 2426 2907 certe
2445 2871 2553 2907 non
2573 2857 2741 2910 modo

1659 2936 1838 2986 missos
1856 2935 1921 2985 nd
1945 2933 2305 2985 arcessendam
2325 2949 2428 2983 non
2447 2934 2740 3000 recepisse,

1658 3014 1750 3064 sed
1769 3014 1938 3078 ipsum
1959 3012 2116 3064 etiam
2148 3012 2434 3062 exclusisse
2468 3013 2746 3077 quendanf

1659 3105 1757 3156 pro
1777 3088 1979 3140 foribus
2012 3094 2289 3151 astantem,
2317 3089 2742 3158 miscentemque

1655 3165 1853 3217 fnistra
1891 3167 2056 3218 minas
2093 3172 2151 3216 et
2188 3179 2396 3231 preces,
2428 3180 2491 3216 ac
2529 3166 2740 3231 deposi-

1657 3251 1767 3294 tum
1810 3250 2194 3308 reposcentem.
2290 3244 2468 3296 Quare
2511 3243 2735 3328 diducto

1655 3321 1999 3384 matrimonio,
2014 3320 2272 3384 sepositus
2292 3319 2406 3381 est,'
2427 3322 2554 3371 &c.

1720 3400 1928 3462 Nempe
1978 3397 2278 3447 ’nummum
2330 3395 2559 3448 Othonis
2612 3403 2744 3448 cum

1657 3476 1910 3540 Poppaea,
1930 3476 2016 3526 vel
2040 3474 2187 3540 quasi
2213 3475 2734 3537 matrimoni03na1n

1654 3559 1799 3602 certe
1822 3554 1994 3601 mimus
2028 3551 2084 3601 id
2119 3550 2236 3601 fuit.
2302 3549 2555 3601 Abducta
2587 3551 2738 3616 Pop-

1655 3641 1768 3691 paea
1810 3627 1948 3678 Rufo
1990 3627 2179 3677 marito
2224 3628 2290 3676 ab
2333 3626 2451 3691 ipso
2498 3628 2734 3692 Nerone,

1655 3706 1855 3755 artibus
1890 3713 2065 3755 tamen
2084 3703 2326 3765 Othonis,
2353 3709 2414 3753 et
2435 3717 2556 3753 eam
2581 3705 2731 3755 Nero

1653 3783 1887 3845 seposuit
1908 3780 2249 3845 deposuitque
2273 3780 2412 3844 apud
2436 3780 2738 3844 Othonem,-

1652 3866 1714 3908 ut
1736 3859 1976 3920 amicum,
1999 3859 2177 3922 specie
2199 3858 2548 3909 matrimonii:
2584 3858 2736 3909 illam

1653 3935 1889 3999 corrupit
1939 3934 2079 3984 Otho
2122 3949 2299 3983 amore
2342 3935 2621 3998 pellectus,
2671 3940 2731 3984 ct

1653 4023 1766 4060 eam
1801 4010 1947 4076 quasi
1970 4010 2245 4075 conjugem
2275 4010 2479 4074 babuit,
2508 4017 2604 4061 aut
2627 4012 2730 4062 sal-

1651 4095 1759 4138 tem
1780 4088 1856 4138 sic
1875 4089 2067 4140 habere
2088 4089 2384 4151 simulavit:
2418 4090 2512 4139 sed
2545 4097 2726 4140 tamen

1642 4173 1862 4225 ,coactus
1892 4174 1974 4217 est
1994 4181 2111 4217 eam
2137 4167 2337 4217 Neroni
2357 4167 2612 4219 reddere:
2644 4168 2724 4219 sie

1651 4241 1939 4306 diductum,
1969 4245 2083 4294 'aut
2126 4243 2273 4309 qussi
2316 4242 2590 4294 diductum
2611 4259 2614 4264 ·
2639 4249 2723 4295 est

1650 4320 2032 4372 matrimonium
2050 4320 2312 4385 Othonis:
2339 4333 2460 4372 nam
2485 4325 2604 4373 totu
2635 4336 2722 4373 res
