3063 4952
2341 392 2517 466 m

288 564 609 644 tempore,
635 557 1103 623 duodecimam
1132 555 1470 621 Calavius³
1525 557 1840 637 Sabinus,
1869 556 2222 643 regebant,¹
2266 556 2510 625 Arme}

292 664 480 729 niam
521 663 745 740 intrat,
790 662 959 728 tristi
1002 662 1241 726 omine.
1335 659 1517 724 Nam
1564 662 1632 725 in
1679 668 2095 744 transgressu
2136 662 2513 747 Euphrati3‚

293 786 498 850 quem
545 769 749 848 ponte
793 764 1334 839 transmit.tebat,4
1381 763 1567 826 nulla
1614 765 1837 847 palam
1885 774 2159 844 causa,¹¹¹
2210 764 2512 832 turbatus

290 886 541 954 equuS,
603 871 747 953 qui¹¹
816 866 1214 933 consularia
1269 867 1583 949 insigniar>
1652 869 1977 951 gestabat,
2033 877 2240 935 retro·
2277 871 2516 935 evasit.

294 971 708 1057 Hostiaque,
741 992 893 1057 quae
934 970 1420 1048 muniebantur,
1451 970 1914 1054 hybemaculis
1945 972 2290 1051 assistens,
2321 964 2520 1037 semi·-

289 416 346 471 J.
369 416 432 470 C.
455 414 570 481 682]
981 402 1394 461 ANNAmUM
1445 412 1594 461 mn.
1642 413 1776 461 xv.

287 1155 429 1220 poris
461 1150 672 1220 praerat
696 1154 1024 1205 Funisulanus
1053 1152 1381 1214 Vectonc‘anus,
1411 1157 1459 1203 et
1488 1154 1776 1203 duodecime
1800 1155 2024 1204 Calavius
2043 1154 2267 1205 δἀἱήηυ.
2317 1154 2522 1221 'Quippe

294 1222 586 1271 intransitu
611 1221 891 1285 Euphratis,
909 1234 1041 1283 quem
1071 1223 1214 1282 ponte
1235 1219 1575 1281 transmeabat,
1593 1221 1725 1268 nulla
1747 1220 1999 1278 manifesta
2020 1235 2178 1283 cam,
2198 1225 2525 1272 consternatus

295 1302 463 1352 equas,
481 1287 562 1352 qui
582 1287 841 1336 consularia
862 1290 1133 1335 ornamenta
1154 1283 1364 1348 ferebat,
1385 1290 1514 1334 retro
1536 1286 1755 1335 abscessit
1788 1291 1928 1349 atque
1964 1287 2137 1349 erupit.
2207 1288 2278 1335 Et
2309 1286 2523 1352 decima,

1226 1408 1401 1428 ‘eece‘
1408 1407 1585 1428 ‘O‘NO

296 1486 400 1532 est.
437 1481 655 1532 Brotier.
720 1480 891 1545 Ryck.
912 1486 967 1531 et
990 1480 1153 1530 Gran.
1176 1479 1359 1541 legunt
1384 1477 1714 1530 Famisalanas
1738 1482 2050 1532 Vectoniaaas
2065 1499 2082 1531 .-
2114 1482 2201 1531 ille
2226 1486 2398 1531 tamen
2422 1478 2522 1531 Fa-

295 1547 545 1597 uinclum«
566 1554 762 1596 rectum
787 1550 1052 1610 putate-3
1087 1544 1150 1594 In
1175 1544 1305 1593 Mss.
1328 1543 1460 1607 Reg.
1487 1545 1645 1596 Corb.
1665 1549 1903 1597 Calauius.
1969 1548 2033 1597 In
2060 1547 2249 1611 Ryckii
2269 1546 2400 1597 Cod.
2425 1548 2521 1596 Ca·

294 1614 455 1663 larius.
487 1612 551 1662 In
570 1613 673 1662 Ms.
694 1611 838 1662 Harl.
859 1612 1069 1661 Caecius.
1102 1609 1333 1659 Freinsh.
1351 1609 1549 1670 mallet,
1570 1611 1842 1671 Calvisium
1876 1614 2199 1678 eundemque
2216 1627 2327 1662 esse
2345 1616 2522 1675 putat,

297 1676 369 1727 de
393 1692 501 1744 quo
522 1679 726 1728 dicetur
757 1676 894 1727 infra
929 1677 1070 1728 Hist.
1093 1690 1132 1727 1.
1152 1679 1236 1727 48.
1304 1673 1524 1724 Ursinus
1567 1677 1782 1728 volebat
1820 1680 2023 1729 Flavius
2061 1678 2381 1729 Sabinum—4
2413 1674 2521 1727 Ms.

1300 1819 1517 1873 NOTAE

368 1926 382 1961 ¹
405 1929 679 1994 Regebatur]
710 1930 915 1995 Nempe
934 1930 1092 1994 legati
1109 1929 1372 1995 legionum

298 2013 469 2070 erant,
488 2013 543 2056 et
559 2017 772 2058 summae
795 2007 920 2057 belli
942 2014 1173 2071 praeerat·
1190 2008 1372 2057 Paetus

300 2092 414 2145 tarn
438 2086 636 2150 consul,
656 2101 748 2136 sen
771 2101 893 2136 mox
916 2087 1214 2151 proconsul.

365 2171 403 2196 ¹¹¹
455 2165 608 2214 Nulla
656 2164 817 2228 palam
870 2163 1033 2227 cam]
1104 2162 1378 2227 Intelligit,

297 2240 446 2306 quasi
470 2241 718 2291 divinitus
739 2240 1006 2290 turbatum
1024 2246 1080 2291 et
1098 2240 1373 2289 attonitum

296 2334 495 2386 equum
531 2318 728 2381 fuisse3
767 2328 824 2370 et
863 2321 941 2370 sic
984 2318 1132 2370 exitii
1178 2316 1376 2384 publici

301 2403 565 2449 ostentum
580 2395 700 2461 fuit,
719 2398 857 2463 quod
876 2398 965 2447 ille
982 2410 1142 2463 equus
1165 2394 1378 2457 insignia

299 2475 576 2526 consularia
609 2482 862 2539 gestaret.
928 2476 1007 2526 Ut
1042 2474 1163 2525 olim
1198 2473 1376 2524 Hirtio

301 2560 361 2604 et
386 2554 568 2603 Pansa
588 2553 885 2603 consulibus
919 2554 1103 2604 occisis
1135 2552 1266 2617 acie,
1286 2559 1377 2604 mit

301 2630 446 2680 bello
469 2630 738 2693 absumtis,
760 2636 1021 2680 ostentum
1059 2630 1159 2680 fnit
1181 2643 1376 2679 eversae

302 2707 633 2771 Reipublicae
656 2714 712 2757 et
735 2709 934 2757 amissae
957 2708 1228 2770 libertatis,
1259 2721 1375 2771 quae

301 2792 365 2835 ut
384 2798 418 2833 a
439 2784 733 2834 consulibus
751 2785 1055 2850 incoeperat,
1071 2787 1146 2836 sic
1168 2792 1224 2837 et
1246 2785 1378 2835 desi·

302 2862 489 2912 nebat.

372 2947 400 2973 ¹³
438 2938 679 2988 'Ru-batus
697 2954 857 3003 equus,
891 2938 995 3002 qui]
1041 2938 1272 2989 Similem
1305 2941 1379 2989 lo·

306 3031 430 3067 cum
467 3016 627 3066 habes
662 3017 718 3066 in
751 3017 1021 3067 Plutarchi
1060 3018 1268 3077 Crasso,
1290 3018 1378 3083 qui

305 3096 447 3145 inter
481 3093 720 3158 prodigia
752 3095 949 3158 pariter
979 3092 1170 3144 futurae
1216 3096 1379 3146 cladis

305 3172 398 3230 sic,
426 3177 640 3220 narrat:
676 3172 691 3198 ‘
715 3172 891 3236 Equus
929 3187 1055 3222 vero
1092 3172 1378 3237 Imperato-

305 3250 399 3301 riis
421 3249 710 3313 insignibus
725 3258 953 3312 ornatus,
968 3255 1141 3300 tracto
1162 3263 1257 3314 per
1274 3251 1376 3299 vim

305 3333 535 3392 rectore,
566 3326 619 3375 in
657 3323 850 3376 flumen
882 3327 1175 3376 submersus
1210 3325 1380 3391 dispa-

308 3403 453 3455 ruit!
476 3439 485 3453 ,

375 3480 516 3530 Item
532 3479 844 3545 obsequens
857 3480 992 3530 inter
1009 3493 1088 3542 ea,
1111 3493 1226 3544 quae
1245 3478 1383 3527 Pan-

305 3573 384 3609 sae
428 3558 633 3608 consuli
665 3558 823 3606 baud
881 3559 1005 3606 laeta
1060 3562 1379 3606 evenerunt:

307 3641 323 3664 ‘
351 3638 535 3701 Equus
559 3634 859 3699 phaleratus
880 3635 932 3682 iu
954 3634 1117 3696 ipsius
1139 3645 1384 3697 conspec-

311 3723 369 3765 tu
394 3712 651 3763 festinans
670 3711 930 3762 concidit?
967 3712 1249 3777 Dionysius
1273 3713 1308 3760 l.
1327 3724 1381 3762 x.

314 3793 499 3857 Antiq.
523 3793 674 3841 Rom.
710 3806 816 3855 qua
855 3800 1004 3855 parte
1040 3791 1106 3840 de
1136 3792 1197 3841 L.
1220 3791 1383 3843 Quin-

310 3871 387 3920 tio
425 3870 555 3934 agit,
589 3869 847 3918 dictatore
881 3869 994 3932 jam
1027 3870 1233 3919 electo:
1268 3869 1284 3896 ‘
1308 3869 1384 3919 Ut

310 3948 470 4013 paulo
493 3947 708 4010 propior
720 3946 829 4009 jam
852 3954 987 4008 erat,
1007 3961 1169 4012 equos
1194 3947 1241 3995 ei
1264 3947 1384 4010 pba-

309 4025 458 4088 leris,
481 4024 673 4073 decore
709 4030 922 4073 ornatos
956 4023 1305 4086 adduxerunt,
1327 4031 1385 4073 et

313 4115 527 4153 secures
550 4116 669 4150 cum
691 4099 934 4162 fiscibus,
968 4107 1241 4165 vestesque
1265 4115 1384 4164 pur-

312 4194 526 4245 pureas,
559 4185 617 4229 et
649 4179 752 4228 alia
778 4177 1019 4242 insignia,
1042 4178 1225 4242 quibus
1263 4178 1386 4227 olim

312 4258 517 4322 regium
539 4256 809 4322 imperium
830 4249 1131 4305 decoratum
1148 4261 1283 4319 erat,
1298 4254 1387 4305 ob·-

316 4332 599 4387 tulerunt&

1520 1932 1599 1983 Ut
1635 1940 1904 2000 appareat,
1927 1950 2114 2001 equum
2138 1948 2294 1983 unum
2325 1931 2528 1995 plures-

1454 2024 1519 2060 ve
1544 2025 1662 2061 cum
1699 2021 1886 2062 ornatu
1908 2011 2239 2077 imperatorio
2260 2016 2318 2058 et
2337 2019 2523 2058 corinun

1453 2087 1552 2135 lari
1588 2087 1656 2153 (si
1677 2103 1792 2137 eum
1815 2089 2174 2152 magistratum
2196 2085 2302 2136 dux
2340 2085 2524 2150 gessis-

1454 2164 1564 2225 set)
1587 2178 1617 2212 e
1631 2164 1841 2228 publico
1862 2165 2041 2214 datost
2076 2178 2180 2213 non
2197 2162 2336 2212 aliud
2368 2172 2522 2227 quum
2544 2217 2554 2221 q

1457 2240 1719 2303 specimen
1745 2249 1801 2290 et
1822 2249 1996 2290 notam
2022 2241 2307 2303 dignitatis.

1519 2317 1729 2366 Tacitus
1761 2317 1845 2365 hic
1877 2318 2140 2365 muniar-ia
2170 2316 2381 2378 insignia
2411 2316 2521 2367 aitt

1459 2393 1583 2459 quia
1604 2393 1901 2445 Cesennius
1934 2396 2114 2445 Paetus
2150 2395 2237 2443 ille
2275 2394 2387 2458 ipse
2425 2399 2524 2457 est,

1454 2472 1546 2538 qui
1571 2482 1690 2524 ante
1713 2488 1900 2523 anuum
1924 2473 2103 2524 consul
2127 2487 2245 2522 cum
2269 2468 2523 2522 Petronio

1454 2551 1759 2616 Turpiliano
1784 2550 1975 2602 fuerat.
2039 2550 2247 2616 Lipsius.
2494 2564 2506 2572 ·

1522 2628 1630 2677 Per
1654 2644 1745 2678 sex
1764 2643 1965 2678 menses
1991 2629 2169 2678 consul
2193 2624 2297 2676 fuit
2313 2625 2523 2675 Poetus':

1454 2706 1652 2755 namin
1686 2706 1739 2755 id
1769 2714 1975 2772 tempus
2006 2706 2328 2756 consulatum
2364 2701 2526 2752 dabat

1456 2785 1618 2848 Nero,
1639 2791 1778 2834 teste
1799 2785 2066 2847 Suetonio,
2085 2790 2142 2832 et
2162 2782 2291 2831 tales
2312 2780 2429 2845 equi
2451 2779 2529 2827 in-

1457 2861 1724 2927 signiaque
1748 2863 1799 2912 in
1834 2863 2062 2926 speciem
2087 2876 2148 2910 ac
2174 2871 2434 2924 pompam,
2453 2856 2526 2906 si-

1457 2940 1565 2990 mul
1578 2946 1633 2990 et
1654 2942 2037 3005 necessitatem,
2053 2940 2126 2989 sic
2144 2938 2316 3004 parati
2336 2934 2526 2986 ornati·

1459 3034 1562 3084 que
1586 3020 1913 3071 incedebant.

1522 3106 1547 3130 ⁰
1595 3098 1876 3149 Consului-ia
1926 3094 2159 3158 insignia]
2227 3093 2382 3156 Quia,
2436 3097 2529 3141 aut

1457 3173 1695 3237 proxime
1719 3173 1895 3237 elapso
1928 3186 2079 3232 anuo,
2115 3170 2293 3220 consul
2328 3170 2530 3228 Pastas,

1444 3256 1517 3298 et
1556 3246 1700 3298 fastis
1740 3262 1925 3297 nomen
1961 3247 2209 3306 dederat3
2258 3243 2348 3293 sed
2387 3242 2527 3293 forte

1461 3325 1734 3373 consulatu
1775 3323 1961 3373 exiisse
2006 3322 2193 3383 potuit,
2228 3319 2527 3383 priusquam

1461 3399 1774 3449 adventaret
1811 3399 1862 3446 in
1904 3398 2210 3447 Orientem:
2256 3394 2378 3458 quia
2417 3400 2528 3443 tum

1462 3476 1722 3526 coarctati
1745 3475 2039 3525 consulatus
2073 3472 2139 3522 ad
2176 3486 2368 3536 paucos
2389 3485 2530 3521 men-

1462 3568 1562 3603 ses.

1529 3631 1689 3680 Forte
1723 3630 2046 3680 consulatum
2081 3632 2315 3693 gesserat
2353 3641 2384 3676 a
2420 3625 2530 3678 Ka-

1464 3710 1633 3760 lendis
1655 3710 1915 3761 Jauuariis
1934 3709 1998 3758 ad
2024 3708 2208 3769 Julius,
2230 3704 2417 3771 quibus
2440 3717 2530 3753 ex*-

1465 3786 1782 3851 peditionem
1803 3801 2076 3851 aggressus
2099 3791 2215 3834 est:
2250 3789 2308 3832 et
2324 3797 2388 3831 ex
2409 3791 2531 3830 con-

1464 3866 1634 3914 sulatu
1658 3865 1931 3929 imperium
1962 3859 2424 3912 extraordinarium
2449 3864 2531 3906 tu·

1464 3941 1616 3991 endae
1630 3940 1885 3990 Armenia
1895 3975 1912 4004 ,
1923 3939 2083 3990 veluti
2100 3935 2531 4002 proconsulatum,

1454 4018 1766 4083 ‘acceperim

1531 4097 1691 4146 Forte
1716 4097 1872 4146 etiam
1898 4094 1964 4144 ad
2000 4094 2173 4158 plures
2193 4102 2416 4153 menses,
2437 4102 2532 4154 pro

1464 4176 1617 4225 libito
1641 4174 1955 4224 dominantis
1979 4176 2286 4235 prorogatus
2311 4167 2387 4217 illi
2405 4179 2532 4215 con·

1467 4253 1685 4317 saletas,
1707 4251 1914 4317 majoris
1936 4247 2262 4300 auctoritatis
2284 4251 2340 4295 et
2375 4244 2530 4293 famae

1467 4341 1643 4380 cansa.
1708 4329 1781 4380 Et
1801 4329 1948 4379 certe
1970 4326 2115 4378 Nero
2148 4321 2448 4375 consulatus
2473 4319 2533 4369 ia
