3063 4952
438 386 616 493 1910,

1170 402 1233 450 Ο.
1279 399 1643 451 CORNELII
1687 402 1944 454 ‘raom

2322 411 2415 476 [A.
2434 414 2504 466 u.
2526 418 2645 467 sir.

436 547 585 615 face
640 547 912 615 accendi
932 555 986 616 ε·
1056 555 1335 614 cuncta·
1382 549 1452 613 in
1504 547 1726 633 majus
1782 549 2145 630 attollenS,³
2210 550 2655 618 admiratione

441 750 575 787 araus
594 735 785 785 adada
802 732 918 795 face
938 735 1146 786 adoleri.-
1179 734 1336 787 omnia
1355 736 1410 786 iu
1440 735 1593 797 meiius
1622 734 1857 788 celebrans
1879 736 2124 801 Corbulo,
2155 736 2392 789 incitabat
2436 739 2546 803 regi
2567 741 2655 789 ed-

1365 882 1723 903 ”OONONOOO

440 978 590 1026 aruns,
605 962 687 1013 vel
706 967 891 1014 structa
905 968 1016 1014 uate
1032 960 1325 1027 Australem
1345 982 1497 1017 mm.
1549 966 1875 1017 Brotier.—-8
1911 965 1998 1015 Ita
2021 965 2150 1015 Ms’s.
2172 964 2436 1015 editiones
2453 971 2658 1016 veteres

442 1034 500 1080 et
533 1030 869 1080 recentiores.
935 1030 997 1080 In
1035 1030 1217 1080 mediis
1252 1032 1516 1087 mouens
1550 1039 1606 1109 et
1644 1032 1720 1082 sic.
1757 1031 2050 1082 Gronovius
2086 1037 2142 1081 et
2177 1030 2536 1095 Ryckius.—-4
2567 1031 2659 1081 Sic

1438 1179 1651 1230 NOTAE

510 1288 751 1354 Barcina]
787 1290 1037 1361 Coenante
1066 1292 1379 1357 imperatore
1402 1293 1509 1344 Ro·

446 1380 596 1416 mano
616 1381 684 1416 ex
707 1381 849 1417 more
868 1370 1036 1420 veteri
1058 1377 1366 1422 concentum
1390 1372 1511 1422 ede-

446 1442 576 1493 bant
617 1444 874 1495 tubicines
934 1447 1076 1497 circa
1121 1448 1508 1498 tabernaculum

445 1534 535 1570 seu
559 1524 892 1586 praetorium:
929 1524 1105 1591 sicque
1140 1531 1197 1575 et
1226 1526 1404 1576 horam
1437 1527 1511 1576 vi-

447 1597 684 1662 giliarum
708 1603 1036 1653 nuntiabant.

507 1686 531 1721 5
585 1678 783 1730 Ser-ueta
818 1686 929 1731 unte
968 1681 1288 1744 Augur-alem]
1347 1683 1511 1746 Lego,

447 1761 676 1807 structus
717 1763 829 1807 ante
869 1759 1113 1821 Augur-ale
1155 1774 1306 1809 aram.
1353 1784 1358 1787 ·
1393 1759 1513 1809 Non

450 1831 586 1880 enim
622 1833 754 1897 vult,
805 1840 1061 1884 structum
1102 1834 1293 1900 aliquid
1335 1849 1514 1885 accen·

448 1923 626 1959 sumve
641 1916 763 1960 ante
777 1925 915 1960 aram
928 1910 1105 1975 fuisse,
1120 1912 1247 1978 (non
1260 1913 1348 1962 ille
1364 1910 1516 1976 mos,)

450 1984 545 2034 sed
573 1986 634 2034 in·
660 1986 777 2050 ipsa
810 2002 916 2052 ara,
953 2003 1105 2078 quam
1139 1990 1363 2039 collocat
1393 1997 1516 2040 ante

452 2061 738 2127 Augurale,
767 2066 937 2115 locum
974 2066 1027 2114 in
1062 2066 1250 2117 dextra
1274 2068 1513 2117 Praetorii

451 2147 625 2204 parte,
646 2147 705 2191 ut
725 2140 992 2192 docuimus
1013 2157 1079 2194 ex
1101 2143 1303 2209 Hygini
1325 2143 1517 2207 verbis,

451 2217 594 2267 1.11.
1300 2237 1307 2245 ·

517 2295 624 2345 Sed
648 2296 760 2385 quis
780 2297 883 2349 iste
905 2297 1073 2349 ritus?
1107 2298 1205 2349 nisi
1227 2297 1396 2363 fallor,
1429 2298 1517 2349 ille

450 2371 564 2434 ipse
587 2372 677 2437 qui
710 2373 762 2422 in
793 2375 1119 2438 privatorum
1155 2375 1311 2425 etiarn
1346 2375 1520 2425 convi-

456 2448 571 2514 viis,
612 2450 859 2515 carpendi
902 2451 1098 2518 aliquid
1136 2467 1168 2502 e
1207 2452 1424 2516 dapibus
1464 2459 1520 2503 et

452 2525 647 2600 libandi
690 2528 743 2577 in
789 2528 1036 2580 honorem
1084 2530 1342 2581 Deorumz
1420 2532 1520 2580 hoc

456 2608 631 2652 tamen
654 2603 968 2671 discrimine,
1003 2608 1141 2673 quod
1166 2609 1321 2673 vulgo
1358 2609 1411 2659 in
1444 2607 1520 2670 fo·

455 2693 570 2728 cum
601 2679 882 2732 libamenta
904 2698 966 2732 ea
1001 2685 1162 2749 illata,
1187 2686 1364 2735 sedem
1385 2686 1520 2735 scili-

456 2763 546 2806 cet
570 2758 809 2809 Larium:
843 2761 927 2810 bic
961 2761 1015 2810 in
1037 2761 1218 2824 Aram,
1257 2763 1411 2826 paulo
1434 2778 1523 2813 au·

457 2835 678 2899 gustius,
692 2842 747 2886 et
763 2852 861 2901 pro
877 2839 1152 2903 splendore
1168 2840 1522 2904 Imperatoris.

523 2912 594 2959 Et
609 2910 675 2961 de
688 2912 938 2963 libatione
957 2914 1167 2979 quidem
1183 2916 1308 2966 varii
1330 2923 1520 2967 testes:

457 2987 668 3051 proprie
684 2987 750 3037 ad
767 2990 903 3038 hunc
920 3005 1111 3040 morem
1128 2992 1234 3058 isti.
1269 2994 1526 3044 Homerus

458 3062 514 3111 in
536 3062 753 3113 Achillis
772 3066 1030 3128 convivio,
1050 3068 1083 3118 l.
1107 3082 1182 3118 rx.
1217 3071 1233 3097 ‘
1255 3070 1351 3120 Dis
1365 3069 1526 3134 jussit

457 3141 753 3193 sacrificare
797 3143 1095 3194 Patroclum
1149 3147 1369 3209 socium3
1437 3148 1524 3199 hic

456 3218 705 3270 libamina
715 3221 847 3285 jecit
879 3221 931 3271 in
965 3222 1172 3285 ignem?
1242 3225 1526 3289 Dionysius

456 3297 495 3347 l.
518 3310 597 3346 lv.
633 3297 835 3365 Antiq.-
868 3301 884 3329 ‘
909 3303 954 3351 E
989 3301 1106 3352 foco
1144 3301 1307 3365 regio,
1339 3302 1392 3350 in
1427 3316 1529 3366 quo

460 3388 577 3423 cum
603 3376 703 3425 alia
727 3392 875 3427 sacra
900 3378 1116 3429 Romani
1142 3376 1317 3428 facere
1338 3377 1528 3441 solent,

461 3455 572 3501 tum
616 3457 672 3503 et
718 3468 977 3504 coenarum
1017 3456 1184 3506 libare
1235 3455 1526 3520 primitias.'

459 3527 773 3579 Plutarchus
795 3530 861 3581 de
883 3533 1206 3582 Foru-Rom.
1228 3530 1358 3581 facit
1378 3531 1528 3581 Ocri-

462 3604 623 3654 siam:
660 3607 676 3635 ‘
700 3609 956 3670 primitias
986 3616 1043 3659 et
1074 3610 1358 3659 libamenta
1387 3608 1528 3672 capi-

463 3686 638 3731 entem
663 3698 693 3732 e
714 3699 894 3735 mensa
917 3687 1076 3750 regia,
1109 3692 1183 3747 et,
1216 3692 1275 3736 ut
1296 3686 1450 3748 solet,
1475 3683 1530 3735 in

462 3757 638 3824 ignem
658 3762 1066 3825 conjicientem.’-
1111 3762 1269 3812 Silius
1293 3762 1531 3826 pulcher-

461 3836 593 3888 rime
611 3838 645 3886 1.
667 3852 768 3889 vn.
802 3840 818 3867 ‘
846 3839 1108 3889 Distinxit
1125 3839 1305 3889 dulces
1328 3840 1533 3902 epulas,

460 3915 707 3981 nulloque
730 3931 916 3966 cruore
934 3916 1147 3966 Polluta
1163 3923 1340 3966 castus
1356 3929 1536 3965 mensa

465 3992 690 4042 cerealia
734 3992 871 4043 dona
915 3993 1145 4055 Attulit;
1203 4008 1265 4042 ac
1309 3994 1535 4057 primum

463 4066 641 4119 Vestae
653 4068 881 4130 ,detersit
915 4071 1160 4121 bonorem
1181 4069 1445 4135 Undique,
1477 4075 1535 4119 et
1570 4083 1571 4086 ’

467 4142 522 4191 in
562 4144 782 4195 mediam
810 4146 946 4210 jecit
977 4147 1219 4198 libamina
1248 4144 1537 4196 flammam!

467 4222 680 4275 Persius
700 4226 756 4275 in
779 4228 976 4293 patella
1006 4228 1132 4293 poni
1164 4236 1221 4279 et
1242 4226 1432 4277 deferri
1452 4242 1535 4277 so-

468 4300 580 4349 lere
590 4301 845 4355 ostendit:
882 4306 897 4334 ⁶
918 4306 1212 4371 cultrixque
1227 4304 1332 4357 foci
1350 4315 1534 4356 secura

1572 2224 1577 2233 ’
1603 2215 1853 2265 Horatius
1874 2232 1886 2265 :

1592 1293 1820 1360 patella.'
1874 1292 1981 1344 Ubi
1998 1298 2148 1342 vetus
2170 1292 2468 1355 interpres:
2503 1290 2662 1356 ‘quia

1592 1372 1886 1422 delibantiae
1918 1372 2089 1436 (puto,
2113 1368 2385 1434 delibatae)
2420 1369 2584 1433 dapes
2604 1369 2659 1417 in

1592 1462 1654 1497 ea
1685 1447 1870 1511 positae
1898 1446 1961 1495 ad
1986 1437 2159 1495 focum
2179 1444 2459 1495 feruntur?
2526 1445 2661 1495 Inde

1591 1523 1607 1551 ‘
1616 1522 1888 1573 Patellarii
1908 1521 2038 1584 Dii‚'
2049 1521 2238 1571 Plauto
2255 1538 2269 1583 ;
2303 1521 2424 1570 inde
2435 1521 2661 1571 Varroni

1592 1602 1879 1665 scriptum:
1925 1599 1941 1628 ‘
1965 1599 2103 1648 Deos
2145 1599 2338 1660 colere,
2379 1606 2435 1646 et
2459 1596 2584 1646 dare
2608 1598 2663 1646 in

1595 1677 1841 1741 patellam
1862 1674 2026 1740 μικρὸν
2055 1672 2227 1738 irpeas!
2293 1674 2528 1723 Tibullus
2559 1675 2664 1725 huc

1595 1754 1818 1818 aspexit,
1844 1755 2002 1804 Lares
2033 1753 2383 1816 compellans:
2420 1755 2436 1781 ‘
2462 1751 2664 1804 Adsitis

1594 1832 1719 1881 Divi
1737 1848 1751 1880 ι
1786 1846 1894 1891 nec,
1902 1845 1990 1880 vos
2003 1846 2033 1881 e
2053 1845 2283 1894 paupere
2299 1844 2479 1879 mensa
2491 1831 2670 1894 Dona,

1596 1924 1693 1959 nec
1708 1904 1748 1959 =e
1772 1909 1943 1971 parvis
1977 1907 2209 1972 spernite
2244 1904 2527 1956 fictilibus!
2595 1907 2673 1962 Es

1598 1987 1723 2036 tiam
1746 1986 1938 2044 Livius,
1971 1985 2007 2033 l.
2033 1997 2239 2032 xxxlx.
2270 1985 2286 2010 ‘
2306 1981 2452 2031 Inter
2477 1982 2669 2047 pocula

1598 2070 1756 2127 atque
1785 2062 1985 2126 epulas,
2017 2060 2103 2109 ubi
2141 2059 2302 2107 libare
2334 2058 2451 2106 Diis
2486 2057 2670 2122 dapes,

1599 2147 1654 2189 et
1677 2138 1810 2188 bene
1836 2137 2034 2200 precari
2066 2151 2175 2185 mos
2198 2134 2370 2185 esset!
2423 2136 2669 2201 Denique

1978 2217 1994 2242 ‘
2051 2214 2357 2277 Vernaeque
2415 2225 2669 2275 procaces

1600 2291 1772 2341 Pasco
1812 2291 1987 2341 libatis
2025 2290 2245 2355 dapibus
2259 2290 2292 2351 ς’
2339 2289 2567 2354 satyrice
2613 2294 2672 2338 et

1601 2367 1841 2432 ambiguo
1863 2382 2047 2418 sensu:
2084 2367 2191 2416 sive
2218 2366 2337 2431 quia
2358 2381 2462 2415 non
2490 2381 2670 2430 pasce-

1603 2452 1684 2496 ret
1708 2460 1910 2510 vernas,
1932 2445 2029 2496 nisi
2052 2446 2194 2510 prius
2215 2444 2389 2495 libatis
2407 2444 2670 2509 dapibus:

1601 2524 1711 2573 sive
1743 2524 1863 2589 quia
1893 2539 1923 2574 e
1952 2524 2130 2573 libatis
2167 2521 2409 2586 dapibus.
2474 2523 2544 2571 Et
2568 2522 2673 2573 boc

1602 2608 1942 2665 postremum,
2001 2606 2062 2650 ut
2108 2597 2293 2663 religio
2333 2598 2508 2662 poetas
2551 2596 2676 2664 fuit,

1602 2678 1765 2742 magis
1787 2692 2022 2727 censeam
2042 2693 2110 2728 ex
2131 2677 2244 2751 ejus
2266 2683 2460 2727 mente.

1636 2756 1795 2806 Νοιι
1839 2756 1977 2805 enim
2022 2769 2227 2818 semper
2265 2754 2497 2805 comburi
2542 2754 2675 2805 liba-

1602 2839 1779 2882 menta
1801 2848 1863 2883 ea
1885 2848 2012 2897 mos,
2042 2848 2185 2898 saepe
2220 2833 2410 2896 apponi
2445 2839 2676 2895 tantum,

1606 2917 1664 2959 et
1685 2925 1806 2960 mox
1834 2909 1936 2961 edi.
2000 2909 2362 2960 Artemidorus
2396 2909 2515 2958 hoc.
2533 2910 2678 2958 clare

1606 2995 1757 3038 notat
1780 2988 1844 3038 de
1881 2986 2184 3037 sacrificulis
2223 3001 2287 3036 eo
2319 2986 2436 3035 cibo
2475 3000 2533 3035 se
2567 3000 2681 3052 sus·

1610 3067 1951 3129 tentantibus,
1974 3079 2061 3115 m.
2083 3069 2132 3115 3.
2199 3063 2435 3132 Lipsius.
2506 3077 2513 3086 ·

1671 3154 1691 3178 ²
1723 3144 1954 3209 Accendi]
1999 3142 2283 3208 Accipiunt
2321 3142 2387 3191 de
2424 3142 2681 3213 libatione

1609 3238 1691 3287 ea,
1712 3238 1828 3289 quae
1852 3223 1904 3272 in
1922 3221 2156 3273 omnibus
2176 3220 2362 3285 epulis,
2384 3218 2535 3270 initio
2555 3233 2681 3270 cona

1609 3300 1752 3360 vivii,
1774 3300 1892 3351 Diis
1927 3297 2256 3350 offerebatur.
2308 3296 2423 3355 ,Sed
2456 3297 2509 3348 in
2529 3303 2680 3347 tanto

1611 3385 1822 3443 tamque
1847 3376 2046 3426 solenni
2069 3373 2267 3424 foedere
2291 3375 2680 3437 potentissima·

1611 3471 1726 3505 rum
1750 3455 2000 3520 gentium,
2041 3459 2168 3518 puto
2203 3450 2527 3501 celebratum
2566 3464 2685 3500 esse

1612 3531 1984 3619 amplissimum
2037 3526 2348 3578 sacrificium
2414 3526 2482 3576 ad
2535 3525 2686 3576 illam

1612 3623 1754 3671 aram
1789 3607 1842 3657 in
1877 3605 2130 3670 Augurali
2162 3604 2413 3668 positam;
2446 3603 2578 3652 nihil
2617 3618 2688 3654 ea.

1610 3687 1886 3737 occasione
1904 3687 2012 3736 sine
2030 3689 2287 3749 apparatu
2308 3683 2578 3769 plusquam
2602 3696 2690 3732 re-

1612 3764 1714 3827 gio,
1748 3770 1804 3812 et
1827 3761 2034 3828 quidem
2058 3760 2153 3810 sub
2177 3758 2269 3808 tali
2290 3757 2565 3823 principe,
2590 3758 2687 3823 qui

1613 3840 1796 3903 opibus
1822 3838 2041 3888 illudere
2064 3834 2344 3902 gaudebat.

1678 3915 1947 3979 *(ἶιιπσΐα]
1981 3916 2186 3965 Cuncta
2214 3910 2507 3975 disciplinae
2530 3911 2690 3965 Rom.

1613 3995 1667 4045 in
1704 3994 1869 4058 majus
1903 3991 2175 4043 celebrans
2198 3988 2451 4047 Corbulo,
2483 3989 2691 4052 Regem

1619 4072 1673 4121 in
1705 4071 1868 4136 prisci
1897 4070 2052 4119 moris
2085 4066 2480 4117 admirationem
2514 4066 2693 4118 trahe-

1617 4149 1743 4200 batz
1798 4154 1913 4198 erat
1958 4145 2154 4212 quippe
2209 4141 2363 4193 verbis
2420 4139 2695 4205 uugntsseis

1619 4225 1870 4287 Corbulo,
1887 4231 1943 4276 et
1965 4220 2296 4283 auctoritate,
2315 4233 2421 4282 Μ
2440 4218 2547 4267 viro
2564 4217 2707 4268 stilic

1618 4301 1716 4352 tari
1732 4316 1818 4366 pro
1829 4298 2068 4360 facundia
2093 4302 2225 4366 esset.
