3063 4952
534 431 709 499 1876

532 600 906 672 meremur,¹
947 610 1147 677 quam
1192 589 1377 655 dum⁵
1423 588 1839 656 offendimus,
1933 587 2269 668 Quaedam
2297 588 2502 654 immo
2547 590 2749 656 virtu·

533 705 636 763 tes
684 696 839 763 odio
881 701 1087 774 sunt,⁸
1127 694 1443 763 severitas
1487 695 1846 772 obstinata,
1877 692 2170 757 invictus
2218 692 2578 759 adversum
2606 711 2748 775 gra·

531 801 698 867 tiam
727 799 1012 865 animus.
1098 797 1266 863 Inde
1293 797 1482 864 initia
1511 796 2025 879 Magistratuum
2066 799 2441 861 nostrorum
2470 795 2750 861 meliora

531 903 760 981 ferme,
815 907 883 967 et
931 900 1085 966 finis
1138 900 1467 980 inclinat?
1528 900 1711 980 dnm,
1758 900 1828 964 in
1883 899 2159 966 modum
2209 898 2741 977 candidatorum,

1223 448 1292 496 Ο.
1339 444 1535 495 coltN
1550 444 1704 493 131.ss
1752 443 2011 494 TAmTl
2424 447 2516 513 [A.
2540 449 2608 499 U.
2630 451 2744 499 810.

533 1117 666 1156 mus.
731 1103 1033 1156 Quinetiam
1072 1104 1332 1154 nonnullas
1365 1102 1589 1153 virtutes
1627 1102 1799 1153 odium
1833 1101 2070 1166 pariunt,
2094 1100 2229 1151 recti
2260 1097 2566 1165 pervicacia
2605 1103 2662 1148 et
2682 1099 2755 1147 in-

535 1170 706 1219 fracta
725 1183 871 1218 mens
891 1169 1142 1218 adversus
1161 1168 1409 1219 favorem.
1476 1169 1620 1219 Hinc
1641 1167 1897 1232 principia
1920 1180 2188 1216 munerum
2210 1171 2506 1215 nostrorum
2531 1163 2756 1228 justiora

531 1233 662 1299 fere,
683 1241 738 1284 et
758 1235 931 1285 exitus
947 1250 979 1284 a
1000 1240 1149 1285 recto
1172 1232 1426 1298 deflectit,
1448 1232 1572 1283 dum
1611 1232 1677 1283 ad
1716 1234 1884 1283 instar
1906 1230 2301 1282 candidatorum
2320 1231 2540 1294 gratiam
2561 1234 2613 1279 et
2651 1225 2754 1278 suf·

530 1502 657 1560 atur,
677 1501 737 1546 nt
755 1496 963 1547 volebat
981 1493 1268 1548 Acidalius.
1335 1494 1411 1545 At
1443 1509 1547 1544 non
1571 1498 1778 1558 peceat,
1799 1491 2120 1542 cohibeantur.
2185 1489 2514 1540 Brotier.-—-5
2539 1487 2628 1538 Ita
2647 1482 2756 1537 edi-

1536 1623 1751 1676 NOTAE

531 1741 632 1790 lice
664 1741 886 1804 laudati,
910 1742 1034 1791 alias
1071 1740 1387 1805 provincias,
1433 1746 1489 1790 et
1509 1755 1598 1789 ex·
1682 1742 1871 1806 quique
1895 1738 2131 1789 sciebant
2149 1729 2433 1787 multis'eas
2451 1734 2754 1800 displicere,

535 1816 881 1867 traordinaria
932 1817 1166 1867 obtinere
1214 1816 1432 1880 imperia
1476 1831 1598 1867 mox
1679 1832 1806 1883 quas
1848 1824 2021 1866 tamen
2067 1815 2215 1879 fidei,
2248 1812 2534 1878 religionis,
2577 1810 2757 1862 existi·

534 1902 768 1958 possent.

603 1971 673 2019 Et
716 1969 851 2019 forte
895 1971 1213 2021 ambitiosius
1259 1973 1384 2023 talia
1421 1978 1600 2036 eupta-

533 2045 678 2107 bant,
701 2061 800 2110 quo
823 2047 1100 2110 majoribus
1118 2046 1328 2113 flagitiis
1349 2058 1602 2100 vexarant

535 2121 888 2186 provincium3
928 2125 1049 2188 qnia
1106 2123 1244 2174 forte
1291 2125 1364 2176 sic
1399 2126 1600 2176 laudati

532 2200 757 2263 publice,
789 2207 972 2264 postea
998 2202 1230 2252 accusari
1272 2209 1598 2267 patratorum

533 2276 803 2326 criminum
824 2293 925 2327 non
947 2286 1229 2342 potuerunt
1268 2280 1317 2329 in
1342 2279 1596 2330 futurum.

601 2354 738 2404 Nam
774 2370 875 2420 quo
915 2357 1037 2420 jure
1078 2366 1168 2407 aut
1212 2373 1313 2423 quo
1360 2359 1600 2422 exemplo

535 2438 842 2481 accusarent
880 2433 1025 2496 socii,
1083 2448 1234 2499 quem
1279 2434 1332 2483 in
1376 2435 1599 2502 concilio

533 2508 739 2572 publico
762 2525 873 2572 suo,
897 2517 952 2559 et
986 2526 1114 2561 voce
1151 2512 1358 2576 publica
1389 2528 1483 2578 per
1522 2528 1600 2577 se,

531 2587 651 2637 dein
691 2595 746 2637 et
793 2604 888 2653 per
924 2590 1128 2654 legatos
1174 2607 1294 2641 suos
1356 2594 1409 2641 in
1457 2594 1601 2642 curia

531 2666 701 2731 palam
730 2667 1029 2717 laudassent
1054 2668 1190 2733 apud
1222 2671 1431 2733 patres?

595 2748 618 2783 1
655 2742 783 2790 Dum
835 2744 1145 2807 demeremur]
1210 2746 1348 2794 Dum
1413 2746 1596 2796 animis

532 2818 789 2866 sociorum
825 2820 905 2867 vel
944 2820 1132 2870 civium
1180 2837 1423 2887 arrepere
1447 2839 1599 2873 cona-

530 2909 665 2954 mur,
688 2895 808 2944 dum
844 2897 989 2947 nobis
1019 2900 1350 2949 conciliamus
1375 2900 1599 2951 benevo-

530 2972 743 3020 lentiam
758 2966 1325 3039 provincialium,plura
1348 2977 1600 3043 delinqui·

533 3060 665 3108 mus,
686 3063 837 3112 quam
858 3063 973 3099 cum
994 3051 1449 3103 illos'offendimus.

596 3122 755 3172 Plura
790 3134 1090 3191 peccantur,
1125 3144 1312 3194 nempe
1349 3132 1598 3182 adversus

533 3200 945 3264 Rempnblicam,
985 3205 1105 3254 dum
1130 3208 1434 3270 arrepimus,
1475 3208 1597 3257 dum

534 3277 799 3327 adulamur
839 3280 1011 3344 sociiS,
1035 3297 1187 3346 quam
1212 3298 1327 3331 cum
1353 3284 1600 3331 severita-

534 3361 639 3404 tem
685 3355 1000 3421 exhibemus,
1054 3375 1207 3422 quam
1252 3360 1372 3408 dum
1414 3375 1598 3411 munus

441 3489 444 3494 Ἴ
533 3431 633 3480 rite
670 3439 726 3480 et
742 3433 922 3481 ordine
954 3437 1276 3499 exequimur.

593 3516 613 3539 ²
655 3508 868 3558 Virtutes
899 3512 1004 3578 odio
1025 3512 1157 3574 sunt]
1194 3514 1362 3578 Vulgo
1388 3529 1593 3578 nempe,

534 3584 620 3648 qui
646 3598 730 3633 eas
753 3596 1014 3648 gravatur.
1082 3589 1289 3651 Lipsius.

600 3664 828 3717 Qua-dam
850 3666 989 3714 ienmo
1010 3666 1211 3715 virtutes
1223 3668 1477 3732 odio-sunt]
1510 3668 1595 3718 An

530 3740 952 3803 magistratibus?
988 3744 1075 3805 qui
1117 3744 1243 3791 nihil
1287 3745 1423 3793 aliud
1467 3761 1597 3809 prae·

533 3816 686 3881 cipue
730 3818 963 3878 student,
999 3820 1093 3867 nisi
1140 3827 1199 3869 ut
1243 3822 1446 3883 populis
1489 3824 1598 3886 pla-

534 3902 709 3956 ceant,
734 3909 833 3958 quo
865 3896 1090 3944 vicissim
1111 3913 1141 3945 a
1164 3898 1369 3959 populis
1388 3899 1600 3948 lauden·

534 3971 655 4019 tur?
721 3970 907 4019 Potius
962 3972 1300 4035 interpretor,
1352 3974 1597 4038 quasdam

535 4047 753 4097 virtutes
807 4048 1054 4111 subjectis
1100 4050 1218 4098 odio
1252 4066 1382 4110 esse,
1418 4067 1531 4115 quae
1569 4069 1600 4102 a

531 4123 935 4187 magistratibus,
978 4141 1042 4175 ne
1095 4128 1298 4190 populis
1353 4127 1597 4190 displice-

531 4208 669 4263 rent,
692 4216 795 4250 non
835 4202 1232 4252 exercebantur.
1300 4203 1531 4253 Pie-hena.

598 4277 743 4327 Bene
768 4277 1033 4327 Pichena:
1069 4280 1221 4330 modo
1260 4280 1431 4330 deleas
1454 4280 1512 4329 τὸ
1540 4297 1598 4331 ne

530 4353 717 4416 populis
765 4353 1086 4417 displicerent.
1176 4356 1340 4405 Immo
1411 4358 1600 4422 optimi

1676 1893 1920 1944 metionis
1957 1899 2014 1943 et
2055 1890 2331 1956 dignitatis
2376 1903 2502 1954 ergo
2540 1903 2755 1939 exerce·

1681 1970 1826 2022 bant.
1894 1971 2178 2019 Gronovius.

1747 2048 1998 2098 Attamen
2034 2047 2088 2097 id
2111 2047 2282 2110 agitur
2298 2045 2565 2108 hoc·loco,
2602 2059 2668 2094 an
2691 2046 2759 2095 le·

1680 2127 1790 2192 gati
1827 2127 2194 2177 demereantur
2239 2124 2430 2185 socios,
2484 2139 2549 2172 an
2598 2121 2758 2173 offen-

1679 2203 1827 2253 dant.
1893 2203 2050 2252 Certe
2073 2201 2282 2267 quidam
2304 2193 2561 2249 exercent
2594 2201 2755 2249 virtu·

1680 2286 1781 2341 tes,
1806 2295 1922 2345 quae
1947 2278 2068 2328 odio
2103 2285 2223 2327 sunt
2247 2284 2303 2327 et
2325 2275 2632 2337 offendunt3
2666 2274 2759 2324 sed

1682 2356 1767 2406 alii
1785 2358 1966 2421 magis,
1988 2356 2078 2405 alii
2114 2354 2283 2404 minus
2315 2354 2520 2416 stricte,
2540 2359 2600 2403 et
2638 2351 2759 2403 boni

1681 2435 1840 2485 etiam
1875 2433 2014 2485 forte
2052 2433 2275 2483 mediam
2299 2431 2432 2481 viam
2454 2430 2760 2495 ingrediun-

1682 2519 1787 2574 tur,
1830 2512 2136 2578 quandoque
2186 2510 2346 2558 etiam
2386 2507 2582 2557 diversi
2627 2523 2660 2556 a
2703 2521 2759 2558 se

1681 2590 1836 2653 ipsis;
1894 2590 2047 2641 initio
2106 2591 2504 2655 magistratuum
2572 2585 2761 2651 fortes,

1680 2666 1899 2731 strenui,
1934 2666 2122 2729 severi,
2145 2673 2201 2717 et
2229 2666 2339 2715 dein
2366 2664 2494 2730 fim's
2537 2664 2763 2727 inclinat,

1677 2751 1736 2794 ut
1756 2745 1833 2794 ait
1855 2743 2094 2807 Tacitus,
2115 2759 2258 2808 saepe
2301 2750 2362 2793 ut
2389 2743 2763 2793 demereantur

1679 2822 1897 2886 populos
1921 2836 2074 2871 causa
2097 2836 2191 2870 sua
2210 2821 2433 2885 privata.

1752 2897 1989 2961 Virtutes]
2052 2898 2207 2962 Saepe
2262 2896 2429 2961 magis
2484 2895 2762 2947 offendunt

1679 2975 1920 3038 virtutes,
1963 2981 2019 3024 et
2053 2974 2217 3038 magis
2261 2973 2381 3023 odio
2421 2980 2565 3035 sunt,
2603 2987 2761 3039 quam

1677 3052 1792 3117 ipsa
1816 3054 1940 3103 vitia
1956 3050 2351 3116 magistratuum
2375 3068 2389 3113 3
2443 3058 2500 3101 at
2525 3052 2652 3101 dum
2676 3052 2763 3102 de·

1678 3147 1935 3182 meremur
1963 3134 2153 3194 socios,
2175 3131 2291 3181 illas
2309 3132 2533 3181 virtutes
2558 3131 2761 3183 omitti·

1679 3224 1811 3272 mus,
1841 3208 1960 3258 hinc
1994 3211 2147 3272 plura
2182 3213 2471 3270 peccantur
2490 3207 2764 3258 demeren-

1681 3273 1767 3335 do.
1833 3286 1934 3335 Sed
1960 3285 2081 3334 dum
2096 3283 2422 3346 offendimus,
2443 3283 2621 3333 miuus
2645 3300 2763 3349 pec-

1681 3377 1876 3426 camus,
1901 3361 2021 3425 quia
2043 3367 2151 3409 tum
2175 3374 2363 3423 nempe
2383 3359 2612 3409 virtutes
2635 3359 2762 3410 licet

1681 3438 1883 3488 odiosas
1905 3437 2046 3501 plebi
2090 3437 2370 3500 sequimur.
2437 3435 2494 3484 Si
2535 3436 2655 3501 quis
2677 3436 2762 3486 de·

1679 3514 1847 3566 flectit
1869 3530 1899 3563 a
1916 3514 2221 3574 severitate,
2238 3513 2544 3562 demeretur
2566 3514 2763 3562 animos

1678 3592 1933 3642 sociorum
1975 3597 2031 3640 et
2068 3589 2167 3638 sibi
2208 3589 2475 3652 conciliat,
2513 3588 2613 3638 sed
2650 3597 2760 3639 tum

1681 3670 1831 3734 plura
1854 3676 2042 3733 peccat
2060 3668 2112 3716 in
2131 3666 2392 3729 Rempub.

1751 3745 1804 3793 Si
1827 3746 1940 3810 quis
1963 3745 2096 3794 recti
2135 3743 2384 3807 pervicax
2426 3747 2485 3791 et
2507 3741 2760 3793 invictum

1681 3820 1928 3871 adversus
1951 3821 2173 3884 gratiam
2198 3820 2426 3868 animum
2450 3826 2763 3869 constanter

1683 3897 1919 3961 praefert,
1964 3905 2073 3947 tum
2117 3894 2337 3945 offendit
2365 3895 2620 3958 ,animos,
2669 3894 2759 3945 sed

1683 3984 1794 4026 tum
1817 3990 1987 4040 neque
2019 3977 2072 4025 in
2097 3976 2268 4024 socios
2308 3990 2481 4038 neque
2517 3975 2572 4024 in
2612 3977 2760 4025 Rem·

1683 4053 1804 4116 pub.
1827 4060 2039 4116 peccat,
2062 4059 2153 4102 aut
2192 4053 2377 4102 saltem
2407 4053 2565 4117 longe
2592 4054 2758 4102 minus

1680 4127 1955 4192 delinquit,
1999 4143 2154 4192 quam
2186 4143 2305 4177 cum
2328 4143 2509 4177 auram
2548 4129 2761 4193 popula·

1680 4220 1790 4254 rem
1816 4219 1911 4268 per
1930 4204 2262 4256 ambitionem
2282 4211 2597 4269 aucupatur.

1745 4289 1769 4315 ⁸
1803 4283 1947 4331 Finis
2002 4283 2228 4347 inclinat]
2292 4283 2457 4332 Initia
2495 4281 2758 4347 magistra-

1680 4367 1828 4410 tuum
1869 4360 2087 4409 meliora
2124 4366 2266 4425 sunt,
2300 4360 2425 4426 quia
2464 4361 2754 4420 severiora;
