3063 4952
252 420 255 427 ⁴
351 414 484 474 120.
506 412 615 482 86.)

238 1700 241 1701 ⁷
344 1700 614 1753 institutus
632 1703 667 1765 ς’

999 406 1418 463 sumimus!
1466 410 1620 463 1:186
1665 404 1844 469 ¹111,

2382 374 2561 462 1⁴85

1355 702 1572 757 NOTAE

344 860 519 916 neque
540 849 712 915 irasci,
728 864 903 918 neque
919 849 1110 916 rumpi,
1129 854 1242 901 tum
1254 850 1417 916 placi-

344 935 456 980 tum
476 929 601 980 Diis
623 936 716 980 aut
737 936 1015 995 acceptum
1038 930 1162 981 est!

390 1006 517 1059 -Qui
552 1006 837 1057 simillimus
876 1007 951 1056 illi
986 1007 1225 1071 Senecae,
1264 1016 1419 1074 quem

345 1082 540 1134 adduxi
578 1099 612 1134 e
651 1084 742 1135 lib.
778 1085 848 1135 de
885 1084 993 1136 Ira.
1060 1085 1311 1135 Ceterum
1351 1099 1419 1134 ex

344 1161 438 1212 he
457 1162 683 1226 potione
704 1167 940 1226 gustasse
961 1162 1117 1213 etiam
1136 1163 1285 1213 Titus
1307 1176 1420 1213 cre·

347 1238 592 1303 debatur,
617 1241 632 1268 ‘
648 1240 1006 1291 Britannicum
1014 1240 1172 1305 juxta
1188 1236 1421 1304 cubans,’

346 1316 419 1368 ait
438 1318 658 1369 Sueten.
679 1318 785 1368 ‘riti
806 1334 854 1370 c.
878 1322 960 1367 11.

406 1395 585 1446 Miror
625 1411 720 1446 cur
754 1396 931 1446 cubans
962 1395 1265 1459 scripserit:
1300 1408 1419 1444 nam

344 1471 429 1523 ille
464 1487 599 1524 vero
626 1474 770 1537 sedit,
790 1481 851 1524 nt
884 1474 969 1523 bic
1000 1473 1055 1522 in
1075 1473 1279 1535 Tacito,
1301 1466 1420 1522 σιιιὶι

344 1550 656 1602 Britannico
673 1551 878 1600 scilicet
899 1550 914 1577 ‘
938 1550 1108 1613 simul,
1128 1565 1189 1599 ac
1210 1550 1420 1614 paribus

345 1625 652 1691 disciplinis,
675 1633 732 1677 et
752 1627 895 1693 apud
915 1626 1126 1677 eosdem
1149 1627 1420 1690 magistros

731 1710 791 1753 ut
840 1703 956 1767 ipse
1012 1703 1295 1754 Suetonius
1346 1702 1422 1752 ibi

344 1780 573 1845 scripsit.
642 1782 759 1832 Nec
782 1781 1055 1847 probabile
1086 1781 1142 1831 in
1163 1782 1277 1846 pari
1300 1787 1424 1831 aeta-

345 1863 399 1909 te
418 1861 604 1911 Titum
643 1874 801 1924 supra
828 1860 1091 1910 domiuum
1123 1860 1318 1910 bonore
1350 1858 1424 1909 af-

346 1933 562 1987 fectum.
633 1938 736 1986 Sed
761 1937 1019 1987 exciderit
1037 1937 1135 1986 boc
1156 1935 1423 2000 Suetonio,

346 2027 440 2077 pro
464 2015 686 2079 vulgato
708 2029 851 2064 more
874 2014 1141 2064 scribenti.
1169 2014 1382 2078 Lipsius.

407 2091 622 2142 Seneca
652 2091 720 2141 de
754 2091 860 2154 Ira,
897 2105 938 2142 1.
962 2095 1041 2142 12.
1074 2092 1091 2121 ‘
1117 2091 1425 2142 Irascuntur

345 2169 467 2219 boni
510 2169 618 2219 viri
657 2184 753 2235 pro
796 2183 1003 2219 suorum
1038 2167 1244 2234 injuriis
1265 2184 1283 2230 ς
1330 2168 1426 2220 sed

346 2247 483 2300 inum
504 2247 734 2313 facient,
754 2248 799 2299 ai
820 2248 993 2299 calida
1012 2262 1115 2299 nou
1136 2248 1272 2299 bene
1293 2264 1425 2313 prte-

347 2323 577 2389 beatur,'
609 2328 712 2376 &c-

408 2401 715 2465 Pru-lida]
748 2401 931 2454 calida
952 2401 1245 2466 bibebatur,
1267 2402 1425 2453 etiam

346 2487 477 2545 pura
498 2487 562 2532 et
585 2480 833 2545 solitaria,
852 2494 951 2531 nec
973 2481 1079 2531 ullo
1100 2481 1203 2531 alio
1225 2480 1426 2545 liquore

346 2559 653 2622 perusium
693 2558 787 2607 sed
826 2558 1095 2623 praecipue
1131 2558 1187 2609 in
1225 2557 1426 2608 deliciis

346 2635 519 2687 calida
539 2633 653 2685 fnit
677 2634 797 2685 vino
818 2636 998 2687 mixta.

350 2749 357 2752 -
408 2713 737 2778 Apuleiusl.
760 2726 823 2763 ιι.
857 2717 873 2742 ‘
897 2712 1043 2763 Fotis
1062 2727 1179 2763 mea
1204 2712 1314 2777 jam
1338 2710 1428 2762 do·

346 2789 487 2843 mina
508 2789 753 2846 cubitum
789 2789 1015 2853 reddita,
1046 2789 1233 2853 arripit
1271 2803 1431 2853 pocu-

347 2867 473 2932 lum,
497 2882 567 2918 ac
594 2867 818 2932 desuper
838 2867 1013 2965 aliqua
1033 2867 1205 2918 calida
1226 2866 1429 2932 injecta

349 2943 585 3009 porrigit
602 2949 664 2992 nt
683 2942 892 2994 bibam?

410 3020 572 3073 luem
595 3019 851 3070 Plautus.
884 3021 900 3049 ‘
927 3022 1072 3088 Quos
1111 3035 1320 3085 semper
1352 3021 1428 3070 vi-

350 3097 474 3149 deas
518 3097 751 3148 libentes
794 3112 910 3147 esse
956 3098 1009 3148 in
1052 3097 1429 3163 thermopolio!

352 3175 594 3226 Martini·
642 3176 803 3228 ‘Jam
838 3175 1121 3226 defecisset
1158 3183 1428 3241 portantes

353 3236 508 3303 &da
525 3252 817 3315 ministros,
837 3253 895 3302 Si
930 3267 1038 3306 non
1059 3259 1269 3317 potares
1303 3254 1429 3302 Sex-

352 3330 815 3394 tiliane,1nerum.'

414 3407 626 3458 Tamen
663 3422 799 3473 aqua
833 3407 1025 3471 duplex
1060 3409 1239 3459 statim
1278 3408 1429 3459 initio

351 3500 550 3537 mensae
588 3486 901 3552 ponebatur,
956 3487 1111 3536 calida
1145 3501 1334 3551 nempe
1374 3493 1431 3537 et

348 3564 561 3628 frigida.
658 3564 967 3614 Lucinas:
1016 3555 1242 3614 ‘Mensa
1304 3578 1429 3615 vero

355 3642 497 3693 lecto
546 3656 712 3706 prope
760 3641 966 3690 astabat
1020 3642 1217 3692 habens
1274 3657 1431 3707 pocu-

356 3719 464 3768 lum
495 3726 557 3769 et
588 3733 775 3783 aquam
815 3725 1069 3783 paratam,
1102 3726 1159 3769 et
1190 3718 1430 3784 frigidam

358 3803 415 3846 et
477 3796 703 3846 calidam
722 3796 753 3846 ς’
808 3797 986 3846 sic‘et
1040 3798 1255 3847 Tacitus
1305 3799 1428 3849 hic:

354 3872 372 3901 ⁸
396 3873 710 3935 Praemlida,
741 3876 842 3923 ὅτε.
878 3875 1025 3937 potio
1060 3869 1284 3924 traditur
1314 3877 1432 3925 Bri·

360 3951 608 4001 tannico:
660 3951 783 4000 dein
826 3957 1101 4016 postquam
1141 3952 1348 4003 fervore
1377 3968 1431 4004 a·

358 4028 725 4092 spernabatur,
745 4028 940 4092 frigida
971 4030 1027 4079 in
1061 4045 1192 4095 aqna
1215 4029 1432 4080 affundi-

354 4111 450 4159 αι·
471 4107 763 4156 venenum!
828 4107 934 4157 Ubi
971 4123 1067 4171 per
1096 4110 1335 4171 pomum
1355 4109 1431 4158 in-

356 4182 532 4247 telligi
571 4183 731 4233 debet
773 4199 906 4249 aqua
946 4185 1102 4244 calido
1139 4184 1259 4236 vino
1317 4200 1433 4249 per·

362 4258 548 4323 mixtu,
568 4275 682 4325 quoe
704 4260 1047 4312 nimiscalida
1065 4259 1201 4323 fuit3
1233 4268 1291 4311 et
1312 4262 1431 4311 ideo

365 4348 482 4393 um
520 4345 746 4396 rw,
773 4338 1102 4406 remittitque
1168 4338 1434 4391 Britanni·

1491 866 1586 903 eus
1627 849 1883 914 ministro,
1925 850 2015 916 qui
2055 848 2199 901 baud
2243 847 2403 901 (labie
2444 862 2567 904 cot·

1490 929 1626 981 scius
1649 927 1756 979 doli
1787 926 1906 990 fuit,
1936 942 2038 978 non
2071 934 2244 979 tamen
2267 927 2405 979 forte
2426 942 2565 994 ιιι-ε.

1493 1011 1747 1072 gustator.

1558 1083 1740 1149 ltaque
1765 1082 1988 1134 calidam
2009 1089 2260 1133 renuente
2302 1082 2569 1134 Britanni-

1492 1176 1576 1225 co,
1595 1162 1677 1211 vel
1714 1175 1901 1211 novam
1933 1161 2198 1225 potionem
2231 1175 2380 1225 aque
2419 1158 2565 1225 stigi-

1493 1239 1595 1302 da,
1629 1239 1682 1289 in
1709 1253 1812 1305 qua
1841 1239 1980 1288 virus
2014 1245 2125 1288 tum
2163 1237 2456 1303 effundunt,
2477 1238 2563 1289 vel

1493 1315 1638 1381 prius
1661 1315 1878 1366 affusum
1896 1323 2029 1379 erat,
2048 1317 2149 1380 ipsi
2168 1316 2433 1368 exhibent.

1559 1395 1659 1444 Vel
1702 1409 1836 1460 aqua
1877 1392 2088 1459 frigida,
2131 1393 2225 1444 sed
2281 1397 2565 1457 venenata,

1492 1478 1792 1537 temperant
1835 1473 2051 1537 primam
2090 1471 2234 1520 illam
2278 1470 2567 1536 potionem,

1493 1566 1611 1616 quae
1635 1549 1783 1599 nimis
1817 1547 2164 1609 fervescebat,
2202 1553 2261 1598 et
2282 1562 2437 1613 quam
2459 1558 2564 1598 non

1493 1627 1788 1693 praelibavit
1826 1626 2062 1677 delectus
2092 1626 2179 1676 ille
2214 1626 2470 1686 minister,
2504 1631 2569 1676 ut

1495 1705 1583 1770 qui
1614 1705 1727 1768 jam
1766 1702 2097 1768 pmlibasset
2131 1700 2301 1766 ipsum
2339 1701 2565 1752 eundem

1496 1784 1735 1844 calicem,
1761 1798 1913 1849 quem
1933 1796 2107 1832 rursus
2141 1787 2196 1830 et
2219 1781 2394 1831 statim
2415 1781 2569 1831 obtu-

1496 1861 1609 1911 lere
1630 1860 1960 1921 Britannico‚
1980 1860 2126 1925 quasi
2150 1873 2327 1924 parum
2348 1856 2567 1925 liquoris

1496 1936 1733 1989 additum
1757 1943 1912 1997 esset,
1934 1951 2032 1987 nec
2050 1936 2289 1987 referret.

1562 2017 1664 2066 Vel
1707 2015 1840 2066 forte
1885 2018 2091 2066 delectas
2135 2017 2221 2066 ille
2263 2015 2568 2080 pmlibator

1497 2108 1603 2144 non
1624 2093 1937 2157 praelibabat
1959 2095 2241 2158 potionem,
2267 2094 2470 2159 quoties
2490 2094 2569 2145 bi·

1497 2172 1652 2223 beret
1668 2172 1878 2236 juvenis
1897 2172 2161 2236 princeps,
2177 2178 2233 2221 et
2255 2171 2400 2236 pueri
2423 2171 2573 2221 uobi-

1498 2251 1577 2299 les
1604 2250 1692 2314 qui
1731 2264 1850 2300 eum
1885 2264 1950 2299 eo
1985 2249 2366 2300 accumbebant
2383 2247 2568 2300 iisdem

1499 2329 1707 2392 epulis,
1692 2343 1706 2357 ·
1741 2327 1835 2377 sed
1856 2326 2005 2379 simul
2028 2333 2085 2377 et
2108 2327 2266 2377 semel
2281 2325 2425 2377 forte
2445 2333 2572 2376 ante

1500 2405 1812 2468 convivium,
1833 2406 1955 2454 dum
1976 2406 2379 2470 disponerentur
2400 2404 2572 2463 ealda,

1500 2484 1694 2546 vinum,
1714 2485 1923 2548 poeula,
1953 2490 2009 2534 et
2040 2483 2267 2560 reliquus
2302 2483 2569 2547 epularum

1501 2569 1801 2628 apparatus,
1822 2576 1885 2610 ex
1919 2576 2043 2610 vase
2075 2557 2339 2624 potionem
2369 2559 2573 2609 nniver-
2613 2589 2620 2597 -

1501 2656 1609 2691 sam
1631 2639 1783 2690 initio
1804 2637 2134 2704 praelibabat,
2147 2636 2284 2686 unde
2306 2636 2572 2687 haurirent

1499 2718 1740 2782 ministri,
1777 2724 1833 2767 et
1853 2716 2087 2768 omuibus
2110 2713 2341 2766 convivis
2361 2714 2574 2765 exbibe-

1501 2801 1638 2845 rent.

1565 2874 1766 2923 Ferunt
1787 2887 1855 2922 ex
1890 2870 2072 2921 eadem
2106 2870 2339 2935 potione,
2375 2867 2571 2920 bibisse

1500 2948 1695 3012 Titum,
1717 2949 1806 3015 qui
1824 2947 1975 2998 simul
1992 2962 2112 2997 eum
2129 2946 2438 2996 Britannico
2460 2951 2570 3002 tum

1502 3026 1865 3077 accumbebat.
1930 3025 1989 3074 Si
2010 3024 2109 3073 boc
2132 3036 2313 3073 verum
2335 3022 2424 3086 sit,
2458 3029 2573 3073 tota

1501 3105 1746 3169 amphora
1788 3117 1880 3152 sen
1923 3106 2096 3152 crater
2160 3115 2309 3166 aqum
2347 3099 2578 3165 frigidm,

1502 3181 1650 3231 initio
1671 3194 1858 3230 meusae
1882 3179 2007 3243 poni
2042 3178 2228 3241 solita,
2253 3178 2328 3227 sic
2346 3175 2574 3227 infectus

1502 3263 1646 3309 totns
1666 3271 1867 3308 veneno
1888 3256 2107 3306 fuisset:
2145 3263 2201 3305 et
2227 3255 2340 3317 tali,
2360 3260 2573 3319 tamque

1502 3336 1688 3401 rapido
1710 3349 1909 3387 veneno
1933 3334 2103 3399 perire
2132 3332 2325 3394 subito,
2358 3331 2574 3396 rapique

1502 3428 1606 3463 una
1624 3413 1920 3462 debuerunt
1939 3424 2114 3459 omnes
2137 3408 2225 3473 qui
2248 3408 2522 3458 bibissent.

1569 3491 1725 3540 Forte
1747 3490 1841 3539 soli
1876 3487 2183 3538 Britannico
2205 3492 2264 3536 et
2292 3485 2411 3536 'rito
2445 3490 2574 3535 tens-

1504 3572 1689 3632 perata
1717 3573 1800 3615 est
1837 3566 1981 3630 potio
2004 3563 2306 3614 fervescens
2325 3564 2417 3613 illa
2439 3578 2575 3630 aqua

1502 3642 1710 3707 frigida,
1746 3658 1862 3708 qnoe
1906 3642 2064 3692 noxia
2102 3648 2252 3704 erat3
2294 3647 2353 3691 et
2390 3655 2575 3706 parum

1502 3719 1673 3770 hausit
1704 3720 1872 3779 Titus,
1909 3717 2052 3768 forte
2094 3717 2386 3767 admonitus
2425 3715 2578 3768 terti·
2604 3709 2622 3782 ᾗ

1505 3805 1694 3864 tusque
1715 3813 1841 3848 casu
1862 3796 2171 3861 Britannici,
2189 3804 2247 3846 ut
2269 3802 2327 3845 et
2347 3794 2436 3843 alii
2466 3807 2574 3843 om-

1504 3890 1600 3925 nes
1620 3892 1636 3937 ;
1671 3876 1752 3925 vel
1776 3890 1899 3924 casu
1921 3881 1978 3924 et
1997 3874 2200 3934 meliori
2221 3871 2348 3923 fato.

1572 3954 1645 4003 Et
1665 3953 1733 4002 ad
1754 3952 1964 4018 aliquod
1999 3952 2225 4016 spatium
2264 3950 2574 4011 interrupta

1506 4031 1696 4094 epulae,
1735 4029 1858 4079 dum
1901 4035 2072 4078 metus
2112 4031 2335 4090 occupat
2377 4024 2588 4077 animo.

1506 4107 1776 4171 utriusque
1796 4105 2038 4168 convivii,
2058 4104 2182 4152 dum
2205 4100 2438 4152 aufertur
2457 4099 2576 4149 Bri-

1506 4187 1745 4236 tannicus
1776 4185 1886 4250 jam
1920 4183 2144 4235 cadaver
2169 4188 2225 4231 et
2247 4179 2421 4242 funus,
2441 4176 2577 4227 adeo

1506 4264 1809 4326 violentum,
1831 4275 2045 4326 saevum,
2061 4264 2121 4310 et
2140 4256 2382 4324 rapidum
2419 4266 2575 4305 me·

1505 4338 1792 4392 numt‘uit.
