3063 4952
486 349 662 420 1532

487 513 706 597 guiue,
746 514 977 599 effugit
1007 538 1022 578 ε
1066 514 1247 584 haud
1282 515 1571 581 creditus
1599 514 1901 580 sufficere
1948 514 2034 578 ad
2083 509 2559 579 constantiams
2599 532 2709 577 sn-

489 617 752 684 mendae
808 618 1064 697 mortis»,
1124 618 1212 684 ob
1266 618 1577 683 libidines
1629 618 2028 683 muliebriter
2083 618 2418 682 infames.g
2505 612 2603 680 At
2628 614 2709 678 L.

487 721 840 788 Volusius¹¹
857 725 1121 807 egregia
1140 723 1321 788 fama
1338 724 1712 788 concessit:
1745 724 1857 788 cui
1885 728 2021 789 tres
2068 727 2136 788 et
2163 720 2521 803 nonaginta
2548 719 2707 782 anni

486 825 782 909 spatium
810 826 1101 906 vivendi,
1130 827 1634 911 praecipuaeque
1678 823 1861 910 opesi
1890 825 2083 891 bonis
2114 826 2391 904 artibuS,
2422 822 2698 888 inoffen-

490 946 570 993 sa
597 933 698 993 tot
719 929 1186 1013 imperatorum
1214 930 1502 995 malitia*
1535 927 1700 995 fuit.j

1128 365 1194 414 ὓ.
1243 362 1607 434 coRNEml
1657 362 1909 411 TAm'rl
2097 367 2190 434 [A.
2210 369 2276 418 U.
2295 371 2411 420 810.
2444 368 2499 420 J.
2524 368 2587 419 C.
2606 367 2711 432 ὄπ]

412 1142 425 1154 ,
467 1100 604 1157 ,ἔθνεα
619 1098 808 1165 affectae
829 1099 1133 1162 ‹etatis‚faso
1162 1115 1250 1163 per
1271 1116 1412 1151 venas
1427 1116 1626 1158 cruore:
1659 1102 1786 1152 haud
1807 1100 2111 1150 existimatus
2140 1103 2260 1151 satis
2281 1101 2443 1164 vigere
2461 1101 2708 1179 adfirmi-

484 1166 694 1215 tudinem
719 1166 1025 1229 suscipienda·
1045 1167 1226 1226 mortis,
1242 1172 1303 1215 ut
1324 1168 1410 1231 qui
1423 1182 1510 1231 per
1525 1168 1816 1232 voluptatum
1824 1167 2024 1230 flagitia
2045 1166 2336 1216 muliebriter
2362 1168 2706 1229 ignominiosus

484 1237 643 1282 esset.
710 1232 780 1280 At
804 1231 864 1282 L.
891 1232 1109 1281 Volusius
1125 1231 1240 1280 obiit
1263 1232 1438 1282 eximia
1455 1233 1613 1294 gloria
1647 1232 1856 1295 celebris,
1888 1233 1982 1308 qui·
2014 1231 2143 1280 vixit
2181 1232 2339 1280 tribus
2371 1239 2419 1282 et
2440 1234 2709 1297 nonaginta

483 1297 641 1360 annis,
661 1296 824 1347 multis
838 1297 1026 1347 divitiis
1044 1297 1315 1348 innocenter
1327 1298 1501 1362 partis,
1522 1301 1572 1348 et
1592 1298 1743 1349 illaesa
1764 1302 1835 1347 tot
1856 1296 2197 1347 dominantium
2207 1298 2468 1363 pravitate.

1419 1414 1504 1432 ‘O‘
1509 1412 1773 1433 “ONOOOO

486 1478 732 1545 toritatis,
781 1486 841 1531 ut
863 1486 1094 1533 mutetur
1115 1496 1318 1533 nomen.
1367 1479 1686 1532 Brotier.·——4
1723 1479 1867 1530 Male
1891 1478 2192 1545 Rodolphus
2214 1478 2478 1543 Agricola,
2512 1477 2710 1528 militia.

1489 1612 1709 1669 NOTAE

546 1722 570 1755 f
593 1726 676 1775 Aa
694 1726 1031 1791 constantiam]
1082 1727 1350 1777 Habemus
1373 1733 1551 1778 tamen
1631 1740 1752 1775 mox
1764 1725 1949 1790 reliqui
1964 1725 2355 1790 conjuratorum
2366 1720 2607 1787 periere!
2619 1720 2711 1772 Sic

482 1805 733 1868 exempla
764 1804 903 1867 apud
947 1806 1186 1855 Tacitum
1230 1806 1426 1868 talium,
1463 1805 1550 1871 qni

482 1882 829 1946 constantiam
849 1883 1175 1934 exhibuerint
1190 1884 1348 1933 etiam
1369 1883 1422 1934 in
1445 1898 1551 1934 ma-

470 1957 683 2020 joribus
707 1959 1115 2011 discriminibuS.
1142 1961 1277 2016 Nam
1301 1970 1358 2011 et
1380 1967 1551 2013 morte

481 2035 647 2099 majus
672 2036 864 2100 aliquid
884 2053 944 2087 ac
971 2038 1306 2101 periculosius
1331 2044 1413 2089 est
1438 2055 1450 2088 ε
1487 2053 1550 2088 ac

481 2120 632 2176 patet
657 2114 723 2164 de
742 2115 1051 2179 quibusdam
1076 2118 1296 2169 consciis
1320 2119 1559 2169 Pisonia-

481 2205 562 2242 nae
582 2192 963 2256 conjurationis.
999 2195 1248 2246 adversus
1276 2198 1557 2259 Neronem,

479 2269 567 2333 qui
606 2277 661 2320 et
693 2271 873 2334 primas
892 2278 1053 2335 partes
1090 2274 1188 2324 sibi
1209 2275 1557 2338 postulabant.

548 2346 727 2410 Usque
755 2346 906 2411 adeo,
930 2349 1163 2413 quamvis
1196 2350 1382 2400 vitiata
1402 2359 1552 2401 natu-

480 2437 540 2473 ra
561 2422 798 2488 hominis,
835 2425 1032 2475 resistit
1062 2426 1231 2480 adhuc
1254 2427 1472 2493 animus,
1495 2435 1554 2480 et

478 2517 534 2553 sc
575 2518 732 2567 supra
763 2502 1013 2568 flagitium
1037 2507 1210 2571 erigit.
1277 2509 1348 2558 Et
1371 2523 1434 2558 ex
1457 2509 1552 2558 mi-

477 2579 628 2641 seria,
651 2595 769 2643 quae
793 2582 956 2631 menti
981 2590 1230 2633 extranea
1253 2591 1362 2648 est,
1390 2600 1550 2635 novos

476 2656 775 2721 validosque
822 2659 1032 2721 spiritus
1069 2661 1241 2724 sumit,
1275 2677 1336 2710 ac
1359 2660 1549 2712 fortius

476 2733 774 2784 incenditur
806 2737 872 2784 ad
910 2738 1155 2805 virtutem
1177 2739 1549 2802 capessendam

476 2824 671 2873 rursus,
727 2818 783 2861 et
822 2814 966 2862 velut
1009 2829 1076 2864 ex
1113 2815 1336 2880 integro.
1405 2817 1549 2868 Otho

477 2887 646 2949 mollis
670 2902 787 2937 cum
803 2890 1032 2950 Nerone,
1054 2891 1177 2940 dnm
1195 2892 1323 2941 vivit
1340 2892 1393 2941 in
1414 2894 1554 2957 aula,

474 2963 661 3015 fortior
692 2973 776 3015 est
827 2967 1027 3018 Catone
1074 2982 1193 3017 cum
1231 2969 1373 3034 perit
1411 2969 1551 3020 inter

478 3054 623 3093 arma
639 3049 695 3093 et
718 3044 769 3093 in
788 3045 993 3094 castris.

541 3125 567 3164 ἒ
598 3121 903 3174 Muliebriter
922 3121 1138 3184 infamis]
1163 3123 1282 3173 Non
1302 3124 1420 3189 quia
1437 3139 1548 3173 mn·

476 3198 661 3250 liebria
682 3206 971 3264 pateretur,
1001 3200 1199 3264 quippe
1219 3215 1376 3251 senex
1397 3218 1412 3263 ;
1453 3201 1547 3251 sed

475 3276 597 3341 quia
618 3275 757 3328 forte
772 3278 891 3327 olim
910 3292 1088 3342 passus
1110 3283 1279 3327 esset:
1305 3279 1387 3327 vel
1413 3277 1551 3328 forte

472 3354 540 3406 ob
586 3355 855 3404 mollitiam
894 3355 1127 3420 corporis
1151 3355 1284 3406 male
1330 3357 1549 3416 audivit,

476 3433 562 3482 vel
577 3432 643 3482 ob
667 3432 856 3482 similia
871 3431 1072 3497 flagitia
1095 3433 1382 3485 libidinum.

541 3508 721 3558 Habes
762 3509 887 3574 quid
921 3511 1084 3560 simile
1127 3524 1224 3560 xv.
1247 3515 1329 3562 49.
1369 3512 1458 3562 nbi
1480 3512 1548 3562 de

475 3585 839 3649 conjuratione
856 3586 1128 3636 Pisoniana
1147 3605 1160 3637 ε
1180 3589 1195 3615 ‘
1212 3587 1412 3638 Flavius
1428 3590 1550 3640 Sce-

468 3665 624 3718 wiuus
658 3673 714 3715 et
753 3665 1002 3716 Afranius
1034 3668 1364 3729 Quintianus,
1412 3676 1550 3718 uter-

476 3757 578 3807 que
603 3744 847 3794 senatorii
884 3745 1095 3808 ordinis,
1132 3753 1319 3797 contra
1356 3745 1548 3797 famam

475 3821 574 3883 sui,
589 3823 899 3886 principium
926 3825 1060 3873 tanti
1083 3822 1329 3874 facinoris
1368 3839 1552 3890 capes·

477 3898 666 3948 sivere.
736 3901 874 3949 Nam
905 3900 1119 3950 Scevino
1155 3897 1548 3951 dissoluta'luxu

471 3991 616 4027 meus
639 3984 695 4029 et
713 3978 929 4042 proinde
947 3979 1056 4029 vita
1077 3995 1254 4030 somno
1272 3979 1518 4044 languida
1534 3996 1549 4041 ;

473 4054 789 4106 Quintianus
860 4056 1082 4106 mollitia
1139 4057 1371 4121 corporis
1417 4055 1549 4106 infa-

475 4131 606 4197 mis,'
623 4136 723 4182 διο.

542 4211 615 4260 Et
649 4209 789 4265 ibid.
812 4214 894 4262 ⁷0.
926 4211 942 4238 ‘
967 4211 1280 4263 Quintianus
1300 4219 1377 4264 *et
1405 4213 1546 4262 -Sce-

471 4288 640 4354 vinus,
684 4302 786 4338 non
821 4303 888 4340 ex
928 4289 1104 4355 priore
1133 4290 1258 4342 vitae
1298 4291 1540 4351 mollitia,

1633 1803 1751 1865 iste,
1773 1801 1842 1852 ob
1865 1800 2107 1852 libidines
2131 1807 2186 1849 et
2208 1800 2503 1863 voluptates
2527 1798 2709 1847 molles

1634 1894 1697 1929 ac
1753 1879 2051 1940 muliebres,
2105 1892 2289 1942 parum
2344 1884 2589 1926 constans
2640 1875 2709 1925 ad

1633 1964 1855 2007 mortem
1879 1955 2179 2006 sumendam
2207 1953 2621 2004 existimabatur.

1701 2034 1725 2067 ¹¹
1755 2036 1817 2087 L.
1849 2033 2089 2098 Volusius]
2138 2035 2225 2084 De
2262 2033 2418 2097 hujus·
2435 2031 2581 2083 senio
2604 2031 2714 2080 Pli-

1636 2114 1752 2164 nius
1772 2113 1808 2165 l.
1834 2109 1934 2164 v11‘.
1968 2114 1984 2141 ‘
2012 2111 2197 2176 Nuper
2235 2112 2297 2160 L.
2332 2110 2576 2161 Volusius
2614 2110 2710 2159 Sa-

1637 2192 1871 2241 turninus
1903 2191 2149 2255 omnium,
2181 2204 2309 2256 quos
2347 2190 2402 2238 in
2436 2188 2712 2240 consulatu

1638 2270 1951 2320 sententiam
1972 2274 2268 2331 rogaverat,
2289 2272 2553 2330 superstes
2574 2265 2709 2316 fuit!

1638 2344 1961 2397 Praefectum
2003 2360 2121 2394 eum
2160 2344 2276 2394 urbi
2311 2343 2471 2393 fuisse
2493 2343 2711 2407 colligas

1633 2440 1698 2474 ex
1718 2427 1884 2475 altero
1909 2424 2068 2474 Plinii
2091 2425 2237 2473 loco:
2271 2425 2286 2451 ‘
2305 2424 2492 2488 Nuper
2521 2422 2580 2474 L.
2605 2424 2712 2473 Vo-

1630 2504 1761 2554 lusio
1805 2502 2084 2554 Saturnino
2122 2502 2175 2552 in
2210 2501 2528 2566 praefectura
2564 2501 2711 2553 urbis

1629 2581 1886 2643 extincto,
1937 2585 2115 2629 notum
2155 2594 2185 2629 e
2218 2579 2461 2631 Cornelia
2497 2580 2697 2643 Scipio-

1629 2674 1751 2709 num
1767 2659 1958 2722 gentis,
1979 2658 2023 2707 V
2026 2658 2262 2708 olusium'
2284 2659 2556 2725 (iutelligit
2568 2658 2709 2709 Pliu.

1629 2737 1697 2789 Q.
1719 2736 2007 2798 Volusium,
2033 2736 2122 2800 qui
2147 2738 2268 2787 Cos.
2303 2751 2383 2786 an.
2421 2733 2561 2800 809.)
2580 2735 2596 2764 ‘
2615 2735 2709 2802 Sa-

1628 2813 1910 2878 turninnm,
1956 2813 2044 2878 qui
2096 2813 2199 2864 fuit
2231 2815 2427 2878 consul,
2453 2813 2709 2878 *genitum

1629 2899 1752 2957 post
1772 2897 1853 2942 52.
1873 2892 2098 2942 aunum.'

1693 2971 1765 3020 Et
1800 2971 1868 3019 de
1910 2969 2107 3019 divitiis
2143 2971 2276 3035 ejus,
2294 2968 2505 3019 Tacitus
2530 2970 2564 3019 1.
2587 2983 2707 3020 xlv.

1629 3049 1645 3078 ‘
1664 3048 1770 3098 Sed
1790 3055 2034 3114 quantum
2052 3050 2265 3099 Volusio
2278 3051 2434 3113 longa
2449 3049 2704 3114 parcimo-

1628 3126 1716 3174 nia
1748 3125 2005 3189 quaesivit‚
2042 3132 2243 3175 tantum
2284 3126 2335 3173 in
2370 3132 2423 3175 te
2440 3139 2556 3175 mea
2571 3125 2703 3174 libe-

1630 3202 1809 3252 ralitas
1832 3203 2046 3266 explere
2066 3216 2169 3252 non
2189 3206 2404 3266 potest!

1698 3278 1800 3328 Sed
1825 3285 1881 3329 et
1905 3284 2019 3329 tota
2057 3279 2385 3329 Volusiorum
2413 3277 2608 3329 domus
2634 3277 2713 3328 di-

1631 3371 1739 3407 ves.
1772 3359 1983 3407 Tacitus
2007 3357 2195 3407 Annal.
2222 3371 2309 3407 111.
2347 3360 2363 3387 ‘
2386 3356 2595 3407 Volusio
2618 3370 2708 3406 ve-

1631 3443 1715 3486 tus
1736 3434 1953 3499 familia,
1999 3451 2169 3502 neque
2217 3443 2390 3487 tamen
2418 3442 2708 3502 praeturam

1630 3523 1873 3579 egressa:
1920 3515 2035 3579 ipse
2109 3514 2433 3565 consulatum
2512 3513 2712 3578 intulit,

1630 3606 1887 3658 opumque
1925 3592 2039 3658 quis
2077 3591 2257 3642 domus
2279 3591 2370 3640 illa
2391 3591 2702 3640 immensum

1630 3670 1818 3735 viguit,
1873 3671 2069 3735 primus
2128 3669 2518 3720 accumulator.’
2588 3667 2711 3733 Lip-

1632 3762 1747 3798 sans.

1692 3825 1753 3875 L.
1797 3824 2037 3888 Volusius]
2074 3825 2181 3874 Hic
2201 3824 2341 3874 idem
2386 3828 2468 3873 est
2491 3822 2557 3872 de
2600 3836 2705 3887 quo

1629 3903 1766 3954 infra
1792 3904 1936 3954 Nero
1959 3905 2012 3953 in
2046 3903 2270 3968 alloquio
2295 3907 2706 3965 extemporanee

1630 3981 1696 4030 ad
1718 3981 1968 4030 Senecam
1993 3995 2138 4029 suum
2162 3979 2194 4030 1.
2222 3993 2339 4028 xiv·
2373 3977 2389 4005 ‘
2412 3978 2520 4028 Sed
2542 3991 2707 4042 qnan-

1628 4065 1738 4109 tum
1761 4059 1975 4108 Volusio
2004 4058 2161 4122 longa
2180 4055 2504 4122 parcimonia
2522 4055 2712 4120 quaesi-

1626 4138 1723 4200 vit,
1749 4141 1953 4187 tantum
1990 4135 2042 4184 in
2081 4142 2135 4184 te
2168 4148 2285 4184 mea
2305 4132 2590 4182 liberalitas
2614 4146 2706 4182 ex-

1629 4217 1775 4281 plere
1800 4229 1901 4264 non
1928 4212 2140 4277 potest-⁹

1641 4318 1646 4325 -
1699 4291 2087 4356 ’Praecipitesque
2131 4288 2263 4355 opes]
2326 4286 2534 4338 vitavit
2559 4238 2701 4337 liunc
