3063 4952
332 564 541 649 'quam
570 564 660 630 si⁶
703 585 835 629 non
860 564 1088 643 'Nero‚
1140 564 1257 629 sed
1302 565 1598 632 Thrasea
1637 569 1927 651 regimen
1974 556 2201 634 eorum
2247 573 2494 637 teneret
2509 569 2541 635 't

332 664 593 748 Qubus
638 670 699 733 si
724 667 731 675 ’
756 686 1015 734 summa
1072 665 1591 734 dissimulatione
1630 660 2238 751 transmitterentur,
2295 679 2543 756 quanto

326 770 563 855 inagis
599 773 909 837 inanibus
963 771 1431 836 abstinendum·
1445 770 1523 835 ‘P‘
1584 764 1881 838 Thrasea
1911 768 2180 852 eontra,
2224 768 2544 840 rationeni

327 876 772 963 poscentibus
819 875 1080 953 amiciS,
1130 878 1150 907 ‘
1180 895 1309 939 non
1349 877 1772 961 praesentium
1808 878 2146 961 ignarum,'
2189 880 2543 964 responde-

326 977 469 1056 bat,
505 982 526 1011 ‘
551 978 881 1062 eJusmodi
912 979 1213 1042 consulta
1241 980 1596 1062 corrigere;
1642 981 1762 1045 sed
1794 980 2064 1046 Patrum
2093 981 2319 1046 honori
2345 982 2541 1073 dare3

324 1085 402 1144 ut
433 1081 870 1146 manifestum
897 1081 1098 1158 fieret,
1150 1092 1766 1165 magnarum‘rerum
1800 1070 2028 1148 curam
2052 1105 2185 1149 non
2229 1068 2542 1153 dissimu-

324 1183 617 1262 laturOS‚
651 1186 767 1268 qui
791 1184 1078 1248 animum
1110 1185 1310 1248 etiam
1340 1185 1700 1249 levissimis
1730 1186 2183 1251 adverterent!

412 1287 527 1351 50.
578 1287 835 1352 Eodem
864 1308 1054 1367 anno,
1079 1289 1329 1351 crebris
1361 1290 1592 1374 populi
1618 1290 2168 1373 flagitationibus,
2189 1293 2543 1361 immodes-

321 1389 491 1454 tiam
545 1393 1060 1475 publicanorum
1107 1394 1459 1474 arguentiS,
1508 1393 1841 1460 dubitavit
1887 1394 2093 1472 Nero,
2113 1406 2122 1417 ‘
2143 1398 2165 1429 ‘
2187 1406 2542 1489 ‘ancuncta

330 416 474 472 stc.
497 410 612 482 tn]
1035 402 1445 465 ,miramon
1496 417 1639 466 mn.
1667 409 1864 470 xm.

322 1577 513 1627 ordine
538 1584 706 1642 gesta,
740 1594 799 1628 ac
824 1579 863 1628 si
897 1594 998 1629 non
1023 1580 1186 1642 Nero,
1220 1581 1307 1629 sed
1343 1582 1568 1633 Thrasea
1603 1597 1780 1633 eorum
1799 1599 1936 1633 curoe
1973 1583 2261 1649 praeesset?
2328 1582 2460 1633 Quae
2495 1581 2540 1632 si

321 1658 517 1705 magno
533 1645 740 1693 silentio
757 1645 1216 1707 dissimularentur,
1230 1654 1422 1710 quanto
1436 1649 1598 1717 magis
1618 1663 1701 1698 res
1725 1649 1933 1698 inutiles
1958 1647 2381 1698 transmittendas
2397 1649 2542 1697 esse?

325 1710 509 1757 Contra
539 1710 1012 1771 Thrasea,·instituti
1040 1712 1116 1760 sui
1146 1713 1377 1761 rationem
1390 1715 1662 1777 petentibus
1675 1714 2022 1776 familiaribus,
2055 1714 2348 1775 subjiciebat,
2368 1728 2417 1762 se
2439 1727 2542 1762 non

321 1773 547 1823 inscium
597 1783 884 1839 temporum
923 1777 1108 1826 talibus
1144 1776 1379 1835 decretis,
1404 1780 1796 1840 contradicere,
1830 1780 1923 1830 sed
1958 1780 2178 1830 Patrum
2213 1778 2452 1843 dignitati
2483 1778 2540 1837 id

301 1839 582 1902 tribuere,
603 1849 663 1890 ut
684 1848 1006 1905 compertum
1029 1840 1190 1901 foret,
1229 1852 1524 1903 magnorum
1548 1847 1869 1909 negotiorum
1896 1847 2123 1910 regimen
2154 1860 2254 1895 non
2279 1843 2540 1899 transmis-

322 1919 469 1954 suros
496 1905 725 1966 silentio,
758 1907 844 1970 qui
868 1907 1092 1956 studium
1116 1909 1197 1957 vel
1222 1910 1531 1958 tenuissimis
1553 1911 1691 1960 rebus
1712 1911 2074 1975 adjungerent.
2247 1910 2250 1913 ’
2293 1910 2298 1915 ’
2512 1958 2524 1970 ,

389 1970 570 2020 Iisdem
588 1972 863 2033 consulibus,
882 1979 994 2021 orto
1005 1972 1254 2036 frequenti
1277 1981 1439 2037 questu
1457 1976 1606 2038 plebis
1627 1978 1884 2026 incusantis
1905 1972 2209 2040 cupiditatem
2231 1991 2286 2025 ac
2304 1974 2541 2024 soevitiam

321 2041 620 2101 exactorum,
641 2037 845 2100 agitavit
868 2039 1017 2101 Nero,
1053 2053 1116 2087 an
1142 2040 1340 2090 aboleri
1372 2041 1592 2105 juberet
1628 2044 1798 2091 omnia
1833 2043 2080 2107 portoria,
2119 2041 2274 2107 idque
2308 2039 2538 2106 magnifi—

1232 2180 1406 2200 O‘OO‘U
1413 2183 1616 2203 “90“st

318 2287 351 2332 6
384 2284 499 2333 Ms:
531 2282 666 2347 Reg.
703 2290 758 2333 et
793 2284 951 2334 editio
976 2284 1235 2350 princepe,
1273 2285 1404 2348 quasi
1436 2300 1524 2334 non
1562 2287 1727 2346 Nero,·
1760 2292 1818 2337 nt
1851 2287 2056 2337 volebat
2091 2285 2374 2337 AcidaliuS.
2409 2286 2536 2336 Bro-

320 2351 527 2399 εἰει-7
573 2350 652 2399 lta
691 2351 815 2399 Mss.
844 2351 981 2400 Flor.
1022 2353 1148 2413 Reg.
1194 2352 1339 2400 Harl.
1362 2352 1534 2401 -Bodl.
1567 2353 1677 2403 JeS.
1712 2352 1888 2403 Guelf.
1921 2353 2082 2402 editio
2117 2353 2357 2417 princeps
2380 2359 2434 2402 et
2458 2366 2539 2402 re-

320 2415 603 2464 centiores.
689 2416 1003 2466 Puteolanus
1037 2417 1229 2481 aliique
1269 2416 1694 2480 emendaverant,
1725 2434 1845 2482 (μα’,
1891 2418 2029 2483 quod
2069 2419 2326 2482 legerent,
2353 2433 2464 2481 quoe
2490 2417 2536 2467 si

317 2495 500 2603 {irmina
536 2483 923 2595 dissssnulatione.
1010 2481 1085 2533 At
1117 2498 1296 2533 summa
1334 2493 1668 2547 opponuntur
1701 2483 1936 2549 inanibus,
1970 2490 2027 2534 ut
2062 2480 2537 2546 recte-obseryavit

390 2553 593 2597 nestus.
661 2549 784 2596 dem.

1320 2680 1539 2734 NOTAE
1631 2697 1636 2702 ·

316 2794 439 2845 tive.
533 2795 631 2845 Est
674 2802 847 2847 tamen
891 2797 976 2847 hic
1006 2798 1216 2864 ‘aliquid
1285 2814 1382 2864 quo

315 2873 479 2923 tacite
500 2875 736 2939 arguitur
757 2877 957 2939 Paetus,
989 2878 1135 2942 quasi
1160 2879 1272 2942 jam
1309 2879 1382 2927 in-

313 2948 494 3001 fensus
518 2950 721 3003 Neroni
744 2969 804 3002 ac
826 2953 1176 3004 dominationi.

376 3029 536 3081 Quod
560 3030 733 3080 innuit
754 3029 1077 3087 obtrectator
1088 3032 1165 3080 his
1184 3031 1380 3082 verbis:

313 3108 447 3170 quasi
478 3123 575 3157 non
617 3108 769 3170 Nero,
806 3111 888 3157 sed
931 3109 1137 3158 Thrasea
1174 3109 1384 3172 regimen

312 3200 470 3234 eorum
493 3182 719 3234 teneret?
769 3187 890 3242 Quae
905 3186 948 3234 si
968 3200 1147 3235 summa
1169 3186 1383 3235 dissimu-
1450 3233 1455 3236 .

310 3262 487 3310 latione
511 3262 966 3324 transmitterentur,
986 3265 1068 3326 ᾅτ.

374 3341 557 3407 Quare
595 3355 722 3390 vero
746 3340 1154 3402 dissimulantur,
1189 3347 1278 3390 aut
1314 3341 1381 3390 si-

307 3417 470 3470 lentio
498 3420 944 3481 transmittuntur,
980 3422 1076 3471 nisi
1098 3422 1218 3486 quia
1238 3437 1381 3485 sper·

309 3503 525 3559 nuntur,
572 3504 665 3547 aut
689 3498 808 3547 odio
841 3498 1115 3563 habentur,
1157 3506 1248 3549 aut
1286 3499 1381 3548 nisi

312 3589 374 3624 ex
400 3582 544 3626 metu
570 3575 919 3626 dominantis?

286 3691 289 3694 >
371 3654 674 3717 Respondit
694 3653 939 3717 Thrasea,
976 3671 1025 3704 se
1056 3671 1146 3705 non
1178 3671 1381 3720 praesen-

310 3731 432 3781 tium
475 3731 705 3793 ignarum
718 3749 739 3789 ;
774 3732 909 3796 quod
955 3733 1272 3797 ambiguum,
1311 3747 1375 3780 an

307 3802 357 3857 in
389 3808 582 3858 bonam
625 3823 691 3857 an
733 3810 917 3858 malam
953 3817 1151 3874 partem
1190 3810 1376 3860 intelli·

311 3893 432 3950 gat:
472 3886 652 3935 nonin
676 3888 878 3948 malam,
917 3903 1124 3951 prorsus
1164 3896 1375 3951 putave-

308 3963 442 4024 ἠως
481 3964 604 4028 quia
629 3971 737 4012 tum
771 3964 936 4013 adhuc
974 3965 1376 4029 quinquennium

309 4040 540 4092 Neronis
580 4040 818 4103 durabat,
859 4057 960 4105 quo
995 4042 1219 4105 optimos
1243 4042 1381 4104 prin-

278 4167 282 4170 .
312 4117 452 4181 cipes
473 4124 567 4167 aut
589 4117 818 4181 aequavit
844 4126 932 4166 aut
956 4116 1240 4181 superavit.

376 4192 439 4257 Id
466 4200 642 4243 tamen
666 4194 917 4254 Thrasea,
950 4196 1093 4258 quasi
1118 4200 1381 4257 suspecta-

316 4277 397 4334 ret
424 4270 712 4336 *imperium
738 4270 898 4320 ‘unius
939 4278 1028 4319 aut
1082 4285 1382 4335 paucorum,

318 4345 460 4412 ‹fuas-i
472 4345 735 4422 diffideret
752 4345 1105 4414 dominationi,
1117 4363 1231 4414 quae
1249 4362 1381 4401 sem-

1474 2815 1571 2863 per
1595 2800 1764 2864 vergit
1788 2805 2058 2864 urgetque,
2080 2791 2176 2872 nisi
2197 2793 2369 2862 aliquo
2386 2796 2535 2852 obice

1454 2878 1780 2941 retineatur,
1800 2877 1896 2928 sub
1914 2892 2016 2942 qua
2037 2877 2201 2926 multa
2217 2875 2536 2937 dissimulan-

1354 2979 1364 3002 .·
1451 2954 1558 3017 -da,
1595 2970 1697 3004 non
1739 2955 2116 3012 tamen-omnia
2138 2952 2535 3010 transmittenda

1470 3032 1594 3094 sint,
1611 3032 1653 3080 si
1677 3031 2019 3081 constantiam
2055 3031 2314 3080 retineant
2336 3037 2533 3093 patres,

1463 3109 1506 3157 si
1523 3114 1732 3158 maneat
1753 3108 1921 3174 imago
1945 3107 2097 3171 Reip.

1520 3188 1786 3237 -Pervicax
1811 3188 1961 3249 recti,
1996 3185 2223 3249 Reipub.
2247 3191 2301 3234 et
2323 3183 2532 3234 liberta-

1463 3266 1530 3315 tis
1552 3267 1778 3316 Thrasea
1817 3264 1936 3316 fuit.
2003 3265 2118 3314 Nec
2159 3263 2359 3325 mirum,
2391 3262 2434 3311 si
2474 3276 2531 3311 se

1461 3343 1692 3408 opponit=
1703 3342 1927 3391 decretis
1945 3347 2152 3405 patrum
2174 3346 2229 3387 et
2244 3337 2531 3400 dominanti

1461 3422 1582 3486 ipsi,
1605 3422 1727 3472 licet
1749 3421 1914 3470 adhuc
1939 3435 2021 3469 res
2042 3417 2303 3467 florerent.
2373 3418 2532 3469 Nem·

1446 3514 1529 3564 ,pe
1552 3499 1617 3548 ob
1643 3499 1891 3548 rationem
1912 3511 2063 3562 quam
2087 3497 2175 3546 ille
2197 3493 2369 3546 affert.
2431 3517 2434 3522 >
2495 3530 2506 3544 ,

1526 3576 1714 3641 Itaque
1735 3576 1958 3625 Thrasea
1990 3575 2235 3635 nondum,
2273 3580 2420 3638 puto,
2456 3572 2531 3623 in-

1462 3652 1642 3715 festus,
1699 3653 1927 3703 nondum
1973 3660 2248 3715 suspectus
2295 3649 2528 3702 Neroni:

1463 3730 1601 3795 quod
1622 3736 1824 3778 tantum
1855 3727 1955 3793 ipsi
1988 3729 2208 3793 contigit
2260 3743 2377 3777 cum
2398 3728 2530 3778 exiit

1462 3816 1668 3870 senatu,
1685 3807 1889 3873 quando
1911 3808 2051 3857 Nero
2075 3808 2244 3871 palam
2265 3804 2529 3870 confessus

1463 3894 1546 3939 est
1568 3887 1705 3951 apud
1721 3886 1908 3936 Patres
1930 3885 2266 3950 parricidium
2286 3897 2381 3947 per
2396 3882 2530 3948 epis-

1440 3966 1637 4014 solam.

1528 4035 1777 4090 Attamen
1804 4041 1914 4104 jam
1957 4021 2068 4090 tum
2105 4039 2332 4089 retinere
2356 4013 2527 4087 assen-

1462 4116 1714 4176 tationem
1770 4122 1979 4180 patrum
2034 4123 2089 4165 et
2126 4112 2526 4163 dominationem

1439 4193 1704 4250 .cohibere
1745 4192 2002 4243 tentabat.
2071 4192 2372 4255 Habuitque
2408 4190 2525 4256 jam

1461 4272 1847 4322 obtrectatores
1869 4268 2097 4332 virtutiS,
2118 4268 2255 4318 forte
2277 4267 2387 4331 jam
2411 4274 2525 4320 tum

1435 4346 1785 4418 ,pervicacior
1840 4360 1994 4415 quam
2031 4343 2128 4397 sub
2160 4342 2399 4420 principe
2432 4342 2525 4398 de-
