3063 4952
2383 404 2559 495 isos

344 588 467 676 r'et,
492 594 757 660 facetiis
799 593 1106 659 insectari
1151 593 1317 657 satis
1366 592 1599 658 habuit
1641 589 1896 672 Caesar,
1921 593 2027 658 his
2052 593 2255 658 ferme
2281 593 2544 660 verbis:

348 703 376 733 ‘
393 699 748 782 Ignoscere
776 717 848 762 se
877 697 1120 776 statim,
1166 716 1250 760 ne
1296 701 1431 760 tarn
1458 703 1759 780 promtus
1788 697 1860 760 in
1887 716 2204 782 pavorem
2250 696 2544 780 longiore

346 800 773 867 solicitudine
803 797 1229 882 aegresceret?

370 906 375 915 ‘
430 905 543 971 26.
587 901 681 968 At
731 902 1027 968 Corbulo
1084 907 1315 986 quarta
1372 909 1438 967 et
1487 900 1885 967 duodecima
1926 902 2316 985 legionibuS,
2363 921 2544 986 quae,

343 1004 716 1071 fortissimo
748 1023 1010 1088 quoque
1033 1005 1280 1068 amisso
1307 1010 1374 1068 et
1402 1006 1639 1069 ceteris
1658 1005 2017 1083 exterritiS,
2040 1025 2272 1089 parum
2293 1003 2548 1069 habiles

343 1108 586 1193 praelio
614 1108 1023 1184 videbantur,
1054 1106 1121 1170 in
1151 1106 1411 1190 Syriam
1439 1108 1798 1185 translatis,
1843 1113 2103 1172 sextam
2133 1108 2284 1172 inde
2314 1127 2394 1172 ac
2424 1094 2560 1171 ter?

335 1211 513 1275 tiam
541 1209 856 1293 legiones,
908 1210 1229 1291 integrum
1259 1209 1572 1272 militem‘=
1608 1216 1675 1274 et
1702 1211 1947 1274 crebris
1973 1230 2054 1275 ac
2081 1211 2419 1294 prosperis
2446 1208 2544 1272 la-

341 1313 620 1378 boribus
654 1313 1039 1389 exercitum‚
1087 1308 1573 1374 iri-Armeniam
1602 1310 1808 1376 ducit.
1895 1309 2307 1395 Addiditque
2334 1311 2542 1393 legio-

340 1432 500 1479 nem·
523 1415 843 1498 quintam,
872 1432 1049 1499 quas,
1082 1433 1194 1496 per
1223 1411 1544 1477 Pontum·
1570 1431 1769 1495 agens
1797 1433 2038 1498 expers
2057 1414 2274 1479 cladis
2304 1412 2540 1490 fuerat,

340 1518 539 1584 simul
567 1517 1201 1604 quintadecimanos,
1247 1534 1474 1580 recens
1503 1515 1831 1581 adductos
1857 1515 1903 1582 :¹²
1955 1522 2022 1582 et
2054 1516 2304 1604 vexilla
2326 1516 2563 1580 delccss'

338 1625 581 1686 torum⁰
607 1641 698 1687 ex
728 1619 1027 1706 Illyrico‘¹
1048 1626 1115 1686 et
1141 1620 1487 1704 AEgypto,‘
1514 1620 1823 1704 quodque
1853 1621 2111 1686 alarum
2140 1619 2542 1686 cohortium-

344 456 402 510 ,ι
429 434 642 520 &aas
683 432 691 480 7
1067 427 1486 509 musarum
1539 440 1685 497 Lm.
1732 447 1856 496 xv.

335 1836 440 1872 eum
461 1825 635 1872 tamen
656 1825 889 1875 atrociora
906 1824 1095 1873 timeret
1111 1825 1215 1884 ille,
1232 1820 1418 1887 hissere
1439 1826 1593 1876 verbis
1609 1841 1727 1877 usus
1752 1827 1896 1877 Nero
1919 1844 1932 1876 ι
1966 1825 2183 1876 Veniam
2204 1824 2249 1875 ei
2273 1824 2543 1890 indulgere

335 1901 392 2001 Ze
414 1886 708 2002 cotnfestim,
733 1904 794 1939 ne
818 1897 920 1939 tam
944 1904 1134 1954 pronus
1169 1892 1222 1940 in
1260 1898 1471 1956 metum,
1507 1893 1726 1959 longiori
1762 1893 2027 1943 anxietate
2070 1891 2303 1942 morbum
2340 1900 2544 1941 contra-

371 1966 459 2001 ere
492 1989 506 2003 .

339 2082 350 2093 ·
400 2017 499 2067 Sed
522 2017 722 2067 Corbulo
759 2019 1049 2070 transmissis
1068 2022 1118 2070 in
1155 2021 1350 2086 Syriam
1371 2028 1542 2086 quarta
1564 2028 1612 2073 et
1628 2022 1900 2073 duodecimo
1931 2022 2204 2086 leg-ionibus,
2256 2026 2542 2081 nae,strenn-

331 2083 493 2131 mimo
536 2099 711 2146 quoque
742 2085 930 2147 amisso,
968 2092 1016 2135 et
1056 2087 1225 2136 ceteris
1256 2088 1501 2151 perculsis,
1534 2103 1705 2152 parum
1733 2089 1913 2138 idonee
1931 2089 2226 2152 pagnoeoide
2287 2086 2540 2148 ntur-,hino

332 2147 466 2196 ducit
487 2147 541 2196 iu
562 2150 840 2199 Armeniam
859 2156 1043 2201 sextam
1059 2168 1115 2201 ao
1136 2153 1332 2202 tertiam
1349 2153 1571 2215 legiones,
1588 2154 1820 2203 illibatum
1837 2154 2058 2216 militem,
2080 2159 2125 2201 et
2145 2151 2472 2215 frequentibus
2486 2168 2542 2201 ao

321 2211 552 2273 felicibus
593 2213 714 2262 belli
759 2216 931 2264 muniis
966 2220 1227 2279 expertum.
1293 2218 1533 2276 Adjumit
1572 2219 1804 2278 legionem
1847 2218 2080 2281 quintam,
2136 2233 2242 2280 quoe
2296 2217 2348 2265 in
2391 2216 2542 2265 Ponto

332 2280 545 2340 agitem,
570 2293 600 2326 α
620 2281 754 2328 clade
775 2279 912 2328 Paeti
935 2280 1170 2343 abfioerat,
1193 2280 1335 2328 simul
1366 2282 1594 2342 legionem
1625 2282 2066 2345 quintamdecimam
2095 2296 2246 2343 nuper
2266 2282 2507 2331 advectam
2527 2298 2544 2331 .·

331 2348 381 2393 et
417 2345 632 2394 cohortes
667 2345 1017 2395 vexillariorum
1054 2359 1115 2394 ex
1161 2344 1357 2409 Illyrico
1399 2351 1447 2394 et
1485 2346 1697 2411 AEgypto
1720 2346 1990 2411 adductas,
2012 2354 2058 2395 et
2073 2347 2256 2411 pedites
2276 2344 2541 2410 equitesque

1331 2526 1553 2579 NOTAE
1598 2553 1599 2556 ¹

394 2662 417 2687 ²
449 2654 701 2717 Integrnm
734 2655 955 2719 militem]
1013 2655 1152 2709 Quia
1185 2656 1287 2706 illae
1323 2658 1396 2708 le·
1477 2658 1569 2709 bet
1602 2657 1823 2723 legione,
1866 2662 1927 2708 ut
1963 2654 2164 2707 robusti
2198 2660 2255 2705 et
2286 2645 2564 2734 expeditis,

329 2732 532 2797 giones,
553 2734 689 2782 nulla
711 2733 860 2783 clade
886 2741 978 2783 aut
994 2733 1271 2797 ignominia
1284 2749 1397 2798 per·
1477 2736 1566 2801 qui
1592 2736 1777 2800 raptim
1801 2734 1866 2784 ad
1889 2734 2184 2784 necessaria
2201 2732 2542 2799 urgentiaque
2634 2788 2655 2798 ‚

1476 2813 1613 2862 bella
1636 2814 1981 2862 traherentur.

1539 2890 1709 2940 Vocat
1728 2890 1919 2953 vexillo,
1957 2887 2079 2954 quia
2115 2886 2210 2937 sub
2231 2886 2406 2937 vexillo
2429 2899 2548 2950 pro-

329 2812 489 2861 culsae
511 2818 678 2876 erant,
714 2826 803 2862 eas
849 2813 1067 2877 opponit
1108 2813 1395 2877 legionibus

327 2882 501 2936 Paeti:
551 2902 668 2936 nam
771 2888 962 2938 ceteris
1008 2888 1272 2938 exterritis
1310 2904 1395 2953 pa-

326 2977 443 3012 rum
479 2962 676 3012 habiles
710 2963 926 3028 praelio:
965 2967 1064 3013 ὅτε.
1128 2965 1200 3014 Et
1224 2979 1395 3030 supra,

323 3043 339 3066 ⁵
366 3041 590 3103 primum
635 3055 665 3089 e
708 3040 965 3104 perculsis
1004 3041 1267 3105 Pactium,
1293 3045 1396 3093 ὅτε.

324 3115 534 3166 obviam
557 3116 773 3168 habuit!
809 3118 1026 3169 Talibus
1048 3120 1266 3184 opponit
1288 3123 1302 3149 ‘
1323 3121 1396 3169 in-

325 3202 533 3259 tegrum
574 3197 825 3247 militem

323 3286 447 3337 pers
471 3273 634 3322 cladis
669 3273 1010 3338 pavorisque?

391 3357 416 3383 ⁸
447 3351 677 3414 Pontum]
711 3352 822 3402 Lib.
847 3365 949 3402 xn.
972 3356 1054 3402 21.

387 3425 414 3460 ὓ
446 3428 709 3491 Adduo-tos]
743 3428 970 3492 Nempe,
1000 3443 1065 3477 ex
1089 3428 1374 3479 Pannonia.

388 3512 411 3537 θ
445 3504 768 3567 Delector-um]
821 3506 1051 3567 Delecti,
1092 3521 1293 3569 nempe,
1327 3521 1394 3555 ex

319 3582 634 3652 legionibus,
652 3597 764 3647 quae
782 3582 834 3631 in
853 3582 1071 3647 Illyrico
1089 3575 1145 3632 et
1162 3583 1391 3647 AEgypto

320 3659 591 3722 degebant
615 3676 628 3720 ;
663 3666 718 3708 et
739 3659 835 3708 sub
863 3660 1051 3709 vexillo
1076 3665 1166 3709 aut
1190 3659 1393 3709 vexillis

320 3736 564 3786 cohortes
604 3734 708 3784 illae
746 3736 1062 3798 militabant,
1082 3743 1337 3800 separatae
1362 3752 1393 3785 a

320 3827 545 3877 corpore
578 3828 781 3861 suarum
819 3813 1095 3876 legionum,
1119 3814 1321 3876 hucque
1336 3822 1393 3864 et

318 3890 447 3940 illuc
472 3881 936 3950 transferebantur,
975 3904 1068 3953 pro
1091 3905 1185 3939 usu
1216 3896 1271 3940 et
1303 3905 1391 3939 ne-

317 3966 567 4017 cessitate
608 3980 797 4014 rerum.
867 3965 1178 4030 Hujusmodi
1215 3981 1389 4015 nume·

317 4058 407 4095 ros
448 4043 624 4093 vexilla
647 4044 727 4091 vel
759 4044 1033 4093 vexillarios
1054 4049 1213 4094 vocat
1245 4045 1391 4094 Taci-

243 4155 246 4160 ‹
321 4130 458 4173 tus.-

390 4199 579 4249 Vexillu
600 4197 906 4261 delectorum]
938 4198 1069 4247 Sunt
1091 4198 1167 4248 illi
1194 4199 1392 4248 vexilla·

314 4277 386 4326 rii
406 4277 666 4342 legionum
694 4274 891 4339 lllyrici
914 4282 968 4323 et
990 4273 1219 4339 AEgypti.
1287 4269 1391 4324 De-

316 4357 462 4406 lectos
483 4359 663 4417 vocat,
699 4354 819 4433 quia
854 4353 909 4403 hi
935 4353 1119 4414 selecti
1144 4368 1213 4413 ex
1232 4353 1393 4419 quali·

904 3198 1008 3250 Qui
1050 3212 1237 3263 nempe
1274 3201 1290 3229 ‘
1312 3215 1399 3249 ex·

1474 2966 1592 3032 prio
1633 2965 2065 3028 merebant,‘non
2107 2964 2203 3014 sub
2243 2962 2455 3028 aquila3
2491 2967 2547 3011 et

1474 3044 1716 3094 vexillarii
1752 3041 1963 3108 hujusce
1986 3043 2222 3109 legionis,
2247 3056 2313 3090 ex
2337 3055 2434 3106 qua
2448 3039 2542 3089 de·

1476 3121 1602 3170 lecti
1627 3128 1794 3184 erant,
1814 3122 2149 3170 vocabantur.
2334 3173 2339 3178 .

1545 3198 1867 3261 Delectorum]
1898 3196 2148 3261 Expediti‚
2162 3193 2348 3259 delecti,
2364 3200 2419 3244 et
2431 3209 2543 3243 vex·

1478 3275 1632 3325 illarii
1652 3290 1808 3323 unum
1842 3280 1897 3324 et
1943 3275 2082 3323 idem
2127 3279 2266 3322 sunt.
2363 3272 2542 3326 Quare

1475 3353 1674 3400 delectos
1706 3353 1792 3401 hic
1824 3357 1978 3400 vocat
2015 3349 2194 3399 vexilla
2210 3368 2231 3409 ‚·
2270 3352 2326 3397 et
2363 3348 2540 3397 vexilla

1473 3430 1760 3477 delectorum
1795 3427 1933 3483 ,idem
1976 3434 2095 3475 sunt
2134 3441 2195 3475 ac
2248 3424 2418 3475 delecti
2440 3422 2536 3486 sub

1474 3505 1678 3554 vexillis
1701 3511 1978 3555 merentem
2086 3515 2087 3518 ’
2562 3499 2565 3502 ’

1536 3580 1560 3615 ‘¹
1592 3581 1811 3647 Illyrico]
1864 3581 2153 3646 Illyricum,
2183 3577 2448 3644 provincia
2469 3577 2541 3627 11-

1474 3661 1622 3724 lyrici
1646 3662 1752 3709 late
1775 3660 1928 3710 sumti
1945 3659 2010 3709 ad
2030 3674 2172 3709 mare
2192 3657 2537 3708 Adriaticum.

1475 3738 1650 3788 Hodie
1675 3738 1897 3801 plurima
1938 3753 2058 3801 pars
2081 3735 2356 3798 Dalmatico,
2393 3733 2542 3784 Crou-

1472 3813 1575 3875 tioe,
1588 3819 1644 3862 et
1663 3814 1872 3874 Bosnioe,
1892 3821 2049 3877 atque
2064 3812 2172 3861 fere
2190 3811 2403 3860 dimidia
2420 3824 2540 3873 pars

1473 3887 1672 3953 Serbioe,
1695 3897 1748 3940 et
1769 3891 1962 3956 aliquid
1985 3891 2144 3940 Istrioe
2175 3896 2241 3940 et
2269 3887 2530 3950 Car-niolae;

1429 4005 1432 4010 >
1472 3983 1592 4032 quae
1634 3969 1912 4030 provinciae
1951 3975 2136 4031 parent
2179 3967 2401 4026 omnino,
2445 3972 2546 4014 aut·

1471 4051 1539 4095 ex
1577 4053 1748 4108 parte,
1786 4045 1986 4106 TurciS‚
2012 4044 2326 4104 Alemannis,
2357 4049 2413 4091 et
2435 4039 2538 4091 Re-

1475 4123 1792 4186 buspubliois
1835 4123 2055 4171 Venetae
2107 4128 2162 4169 et
2208 4117 2534 4183 Ragusieusi.

1478 4198 1721 4248 Tillemon.
2034 4217 2037 4218 ⁷

1540 4284 1563 4310 e
1595 4276 1834 4343 AEgypto]
1876 4275 1993 4344 Lib.
2017 4288 2167 4338 vnc-
2190 4277 2272 4336 28.
