3063 4952
2289 372 2294 377 ⁴
2373 434 2547 511 1875

331 595 661 678 promtius
721 597 1067 663 accusatio
1107 598 1514 664 decernitur:
1563 601 2111 689 decernaturque²
2155 610 2220 671 et
2244 612 2545 673 maneat'

332 698 855 783 provincialibus
912 702 1272 784 potentiam
1303 712 1517 767 suam³
1566 707 1686 769 tali
1737 707 1939 771 modo
1967 709 2373 774 ostentandi:
2410 708 2545 776 sed

330 799 482 863 laus
509 801 719 865 falsa*
743 808 811 866 et
839 806 1150 886 precibus
1176 826 1504 890 expressa
1525 810 1803 892 perinde
1831 812 2312 890 cohibeantur‚4
2337 831 2541 896 quam

328 903 609 982 malitia,
640 925 841 988 quam
870 907 1244 975 crudelitas,
1334 910 1542 974 Plura
1573 926 1759 995 saepe
1790 919 2210 996 peccantur,¹
2235 914 2397 978 dum
2425 912 2543 978 de-'

332 445 609 513 acas]
1011 443 1424 495 Anxanum
1476 447 1619 495 uu.
1664 445 1798 498 xv.

329 1085 618 1149 cujuspiam
643 1090 855 1164 gratie,
890 1092 964 1140 ita
984 1098 1030 1141 et
1065 1090 1269 1147 facilius
1303 1093 1595 1145 delationes
1632 1095 2048 1147 constituuntur:
2082 1101 2346 1146 statuatur
2363 1094 2544 1160 igitur,

329 1159 391 1205 et
427 1167 588 1228 peaes
627 1163 695 1204 sit
736 1158 1075 1219 provinciales
1097 1174 1162 1208 eo
1201 1159 1356 1209 modo
1394 1161 1760 1213 auctoritatem
1798 1175 1941 1211 suam
1966 1160 2264 1210 venditare:
2301 1161 2391 1211 sed
2430 1162 2540 1213 laus

331 1223 606 1294 ementita,
637 1225 694 1269 et
729 1223 1108 1283 precationibus
1142 1221 1464 1287 efflagitata„
1481 1224 1699 1289 perinde
1738 1225 2084 1277 coerceantur·
2118 1241 2178 1275 ac
2212 1227 2446 1288 pravitas
2486 1231 2544 1279 et

332 1289 560 1333 saevltia.
625 1284 789 1334 Plura
812 1301 953 1351 saepe
976 1287 1369 1353 delinquuntur,
1394 1291 1514 1338 dum
1540 1290 1755 1339 colimus
1776 1290 1962 1352 socios,
1984 1305 2138 1356 quam
2159 1291 2281 1341 dum
2303 1306 2380 1341 eos
2399 1291 2542 1342 laedi-

1263 1449 1318 1469 Ν
1321 1448 1619 1469 OOOOOOOOOO

283 1540 300 1557 x
331 1560 460 1606 vant
484 1556 778 1608 Gronovius
801 1566 854 1608 et
888 1560 1137 1624 Ryckius‚
1157 1565 1211 1610 et
1240 1559 1551 1623 Bipont.——2
1576 1556 1710 1609 Haec
1728 1561 1921 1610 absunt
1946 1560 2101 1610 aMs.
2136 1558 2287 1609 Corb.
2356 1559 2427 1609 Ni
2445 1573 2544 1624 per

331 1621 547 1670 ironiam
585 1623 697 1672 haec
744 1623 887 1674 dicta
936 1633 1265 1688 caperentur,
1300 1625 1503 1689 Lipsius
1548 1626 1875 1681 emendabat,
1919 1629 2198 1674 decernatur
2239 1638 2298 1672 ne
2336 1630 2542 1675 maneat.

331 1687 659 1739 Breues—a
681 1703 815 1740 suam
836 1691 1122 1740 nonhabet
1141 1692 1486 1742 Budrnse-‹t'
1496 1690 1557 1739 lu
1574 1692 1674 1741 ΜΒ.
1698 1688 1879 1740 Guelf.
1904 1691 2129 1740 secunda
2148 1703 2322 1752 mauu,
2359 1689 2542 1739 celtibe-

1329 1821 1549 1873 NOTAE

397 1925 570 1990 Igitur
612 1942 711 1977 non
745 1944 946 1979 omnem
992 1930 1195 1983 laudem
1231 1930 1395 1994 prohi-

328 1999 459 2051 bere
506 2002 710 2065 videtur
760 2005 1013 2069 Thrasea,
1047 2008 1137 2056 sed
1194 2014 1393 2056 tantum

327 2076 514 2131 falsam
539 2085 594 2129 et
620 2081 857 2142 precibus
882 2082 1210 2132 solicitatam.

365 2156 370 2159 ’
400 2157 471 2205 Et
526 2163 697 2206 tamen
745 2157 898 2222 infra,
947 2161 1395 2209 senatusconsulto

329 2233 498 2287 omnis
548 2235 659 2284 laus
705 2236 1092 2299 provincialium
1138 2236 1396 2301 prohibita

329 2319 433 2360 est.
501 2311 710 2376 Quippe
743 2327 981 2373 sanxere,
1032 2313 1048 2340 ‘
1075 2327 1139 2360 ne
1169 2313 1286 2377 quis
1327 2313 1392 2361 ad

327 2389 605 2438 concilium
628 2390 881 2440 sociorum
906 2389 1146 2453 referret,
1167 2389 1395 2453 agendas

330 2464 474 2530 apud
492 2473 746 2529 senatum,
770 2466 1200 2532 propraetoribus,
1213 2480 1395 2531 prove-

326 2543 626 2592 consulibus
643 2545 853 2608 grates,’
870 2548 971 2594 διο.

329 2627 335 2632 ’
398 2619 537 2672 Quia
590 2627 769 2671 auctor
816 2622 966 2686 hujus
1016 2620 1398 2673 constitutionis

326 2695 435 2745 fuit
458 2698 721 2761 princeps,
746 2713 906 2762 penes
931 2714 1082 2763 quem
1106 2697 1206 2747 fuit
1228 2699 1398 2747 deme-

330 2788 390 2822 re
414 2774 506 2822 vel
520 2773 712 2823 addere
739 2773 932 2839 aliquid
963 2775 1038 2823 rei
1062 2775 1343 2838 propositae
1367 2787 1398 2822 a

328 2859 593 2914 senatore,
619 2866 712 2914 pro
727 2851 901 2900 libito.

399 2928 469 2975 Et
490 2928 734 2991 quomodo]
770 2927 838 2977 Et
856 2926 1285 2992 quemadmodum
1304 2942 1397 2992 pro

331 3011 464 3054 nutu
504 3009 560 3054 et
600 3004 818 3066 libidine
860 3004 1083 3069 aliquus
1127 3005 1397 3069 praevalidi

330 3082 660 3145 provincialis
694 3081 943 3145 promtius
966 3087 1137 3144 grates
1183 3095 1399 3145 procon-

331 3161 433 3210 suli
458 3160 775 3224 referuntur,
801 3160 875 3209 ila
893 3167 947 3210 et
987 3173 1082 3223 pro
1113 3168 1238 3208 nutu
1264 3160 1398 3224 ejus·

330 3237 474 3300 dem,
495 3237 744 3302 promtius
783 3238 942 3287 etiam
980 3237 1236 3286 accusatio
1278 3251 1396 3299 pro-

329 3315 559 3365 consulis
583 3314 904 3376 decernitur,
927 3327 1111 3376 nempe
1134 3329 1164 3362 a
1197 3312 1397 3376 provin-

330 3391 571 3458 cialibus,
592 3399 648 3442 et
671 3393 724 3441 iu
742 3393 961 3443 concilio
986 3390 1397 3455 provincialium.

398 3464 528 3518 Esto
551 3469 865 3520 decernatur
892 3469 965 3531 id,
986 3475 1293 3531 maneatque
1307 3467 1398 3530 jus

325 3547 694 3613 provincialibus
706 3546 1078 3611 potentiamrtali
1095 3548 1227 3595 modo
1248 3550 1400 3593 osteu-

329 3625 483 3676 taudi.
543 3626 941 3689 Decernatur-que,
962 3625 1014 3674 id
1038 3632 1136 3689 est,
1157 3624 1399 3673 decerna-

329 3714 417 3752 tur
441 3702 621 3752 etiam.
674 3702 801 3751 Esto
823 3702 1157 3765 decernatur,
1180 3705 1282 3751 διο.
1305 3700 1396 3751 sed

329 3778 443 3837 laus
468 3777 601 3828 falsa
622 3779 943 3842 cohibeatur,
961 3783 1059 3828 διο.

394 3863 417 3888 v
455 3856 526 3905 Et
542 3855 750 3917 maneat]
783 3856 1116 3904 Decernatur
1132 3853 1398 3903 accusatio

329 3933 397 3984 ad
436 3932 834 3997 provincialium
869 3939 1067 3995 nutum,
1101 3939 1156 3981 et
1193 3937 1400 3980 maneat

323 4011 431 4062 *illis
486 4025 608 4059 usus
658 4014 714 4057 et
763 4007 1043 4056 auctoritas
1112 4007 1399 4070 potentiam

332 4104 478 4139 suam
511 4086 622 4136 -tali
667 4086 818 4133 modo
861 4083 1172 4133 ostentandi.
1238 4082 1399 4135 Quasi

330 4164 497 4225 dicat,
517 4163 637 4212 Hoc
661 4161 789 4210 nibil
824 4158 1007 4218 refert,
1042 4168 1100 4209 et
1122 4165 1399 4223 utcumque

325 4241 544 4303 tolerari
569 4246 760 4305 potest.
825 4237 927 4296 Sed
951 4236 1214 4299 lausfalsa,
1231 4241 1278 4285 et
1292 4251 1400 4299 pre-

1476 1930 1612 1979 visus
1637 1935 1716 1979 est
1739 1929 1930 1980 sentire
1956 1928 2157 1993 Lipsius
2183 1927 2233 1976 in
2257 1925 2563 1977 novissimis.

1477 2007 1581 2056 suis
1607 2008 1762 2058 notis,
1832 2007 2055 2056 Pichem.

1545 2084 1710 2133 Porro
1747 2084 1846 2132 ista
1893 2084 2107 2147 phrasis,
2146 2087 2332 2130 maneat
2353 2080 2544 2144 provin-

1475 2160 1672 2208 cialibus
1706 2159 1964 2224 potentr‘am
1988 2159 2276 2220 ostentandi,
2300 2157 2441 2207 facta
2463 2164 2545 2207 est

1482 2237 1547 2286 ad
1573 2238 1786 2288 eandem
1808 2237 2043 2297 formam,
2063 2252 2167 2300 qua
2201 2250 2293 2284 xv·
2317 2241 2365 2285 5.
2386 2234 2413 2262 ”⁶
2439 2236 2545 2287 Vo-

1480 2315 1644 2379 logesi
1666 2323 1812 2364 vetus
1849 2322 1902 2362 et
1943 2315 2148 2379 penitus
2181 2312 2405 2373 infixum¹
2431 2318 2546 2362 erat

1480 2405 1623 2440 arma
1649 2392 1792 2440 Rom.
1817 2391 2052 2439 vitandi!
2122 2389 2486 2440 Freinshemius.

1546 2475 1580 2501 '⁷
1598 2468 1694 2518 Sed
1714 2470 1814 2518 laus
1833 2466 1990 2529 falsa]
2018 2465 2097 2516 At
2133 2467 2174 2515 si
2211 2464 2338 2515 falso
2371 2471 2546 2529 grates

1481 2545 1776 2595 referantur
1800 2544 2106 2607 proconsuli,
2126 2543 2169 2591 si
2199 2542 2342 2591 falsae
2364 2541 2545 2592 laudes

1475 2624 1796 2689 ingerantur,
1831 2624 1874 2673 si
1915 2623 2153 2687 precibus
2195 2618 2546 2682 efflagitentur

1474 2701 1580 2751 111ae
1604 2709 1797 2765 grates,
1822 2700 2107 2765 paripoeua
2130 2697 2431 2748 coerceatur
2453 2696 2548 2746 illa

1476 2779 1706 2840 ambitio,
1755 2787 1912 2843 atque
1966 2775 2187 2827 avaritia
2237 2772 2544 2840 saevitiaque

1478 2856 1720 2920 praefecti
1745 2854 2044 2920 provinciae.
2538 2855 2542 2862 ⁴

1544 2939 1570 2965 ¹
1594 2934 1746 2983 Plura
1765 2948 1886 2997 soepe
1906 2928 2178 2995 peccantur]
2209 2928 2372 2977 Plura
2400 2940 2544 2990 saepe

1479 3026 1788 3077 peccamus,
1836 3012 1950 3059 dum
2014 3010 2301 3058 demeremur
2362 3003 2552 3067 socios,

1480 3103 1632 3154 quam
1685 3102 1802 3137 cum
1846 3087 1962 3136 illos
2004 3075 2321 3148 offendimus}
2354 3081 2555 3150 quippe*

1481 3172 1590 3215 tum
1626 3166 1846 3214 virtutes
1882 3175 2212 3217 exercemus,
2237 3175 2353 3207 cum
2388 3156 2548 3206 offen·

1477 3240 1659 3290 dimus,
1725 3240 1795 3287 Et
1820 3244 2023 3287 tantum
2062 3236 2210 3287 abest
2233 3241 2289 3283 ut
2311 3234 2423 3283 illos
2448 3232 2549 3282 vir-

1479 3316 1680 3365 tutibus
1705 3315 2079 3371 demereamur,
2104 3312 2228 3374 quin
2254 3311 2428 3374 potius
2453 3309 2548 3358 im-

1479 3406 1562 3440 mo
1587 3390 1822 3456 quaedam
1844 3390 2088 3439 virtutes»
2102 3387 2220 3437 odio
2241 3396 2377 3448 sunt,
2401 3394 2459 3437 ut
2494 3402 2546 3437 v.

1482 3485 1533 3534 g.
1567 3471 1796 3517 severitas
1835 3467 2450 3529 obstinata,‚incorruptus
2487 3470 2546 3515 et

1479 3539 1714 3607 infractus
1732 3546 1954 3594 adversus
1969 3544 2182 3606 gratiam
2197 3544 2399 3592 ananus.

1546 3624 1617 3672 Et
1641 3621 1759 3685 quia
1791 3621 1984 3670 'illos‘in
2015 3619 2118 3668 fine
2149 3618 2545 3682 magistratuum

1480 3697 1820 3760 demeremur,
1843 3696 1964 3760 quia
2003 3702 2111 3744 tum
2151 3695 2370 3744 virtutes
2411 3691 2548 3744 infra

1481 3776 1713 3840 gratiam?
1747 3782 1804 3825 et
1845 3772 2212 3832 adulationem,
2254 3772 2362 3820 hinc
2401 3771 2547 3821 initia

1479 3852 1844 3914 magistratuum
1887 3850 2098 3909 meliora,
2119 3854 2166 3897 et
2189 3848 2312 3913 finis
2349 3848 2548 3897 inclinat

1479 3927 1827 3991 desciscitque
1852 3927 1905 3975 in
1925 3926 2096 3990 pejus,
2117 3926 2238 3973 dum
2262 3926 2417 3973 instar
2436 3938 2549 3972 can-

1477 4010 1749 4057 didatorum
1772 4003 2013 4068 suffragia
2042 4006 2243 4052 illorum
2282 4015 2548 4062 venamur,

1480 4092 1536 4135 et
1573 4085 1802 4134 favorem
1843 4096 2157 4145 aucupamur
2195 4095 2290 4143 per
2327 4076 2547 4141 flagitia,

1481 4170 1540 4212 ut
1558 4168 1731 4225 grates
1745 4160 2128 4220 'nobis'agautur
2141 4157 2276 4221 apud
2292 4161 2544 4205 senatum.

1547 4240 1701 4290 Forte
1721 4237 1845 4287 talia
1869 4234 2113 4299 suffragia
2136 4235 2390 4286 sociorum
2405 4246 2547 4297 mag·

329 4321 697 4385 cibusexpressa
710 4316 1026 4369 cohibeatur.
1047 4315 1198 4366 Idem
1215 4323 1403 4380 postea
1459 4331 1551 4370 no
1571 4316 1746 4367 studio
1770 4313 2220 4377 consectabantur,
2241 4318 2299 4361 ut
2320 4308 2544 4375 sicpub-
