3063 4952
223 457 232 465 ‚
326 385 384 441 s.
412 386 477 439 c.
512 378 626 448 aa]

1037 373 1452 425 ANNAmuu
1504 371 1650 423 mn.
1697 371 1830 421 XV.

2361 358 2553 426 ‘185⁶

335 526 530 591 testis
560 526 646 589 iis
676 543 830 609 quae
855 521 1292 608 pepigissent,
1319 513 1728 584 adhibetur.‘¹
1817 518 2211 603 Placuitque
2241 519 2554 588 ‘liberari

339 629 606 693 obsidio
641 628 936 710 legiones
966 632 1034 692 et
1064 623 1384 689 decedere
1416 641 1680 686 omnem
1710 623 2019 687 militem⁹
2045 623 2290 687 finibus
2320 622 2553 689 Arme-

339 730 627 811 niorum,
678 730 1090 815 castellaque
1141 734 1208 793 et
1252 731 1657 792 commeatus
1677 720 1698 760 f
1744 724 2009 790 Parthis
2054 726 2264 793 tradi:
2313 729 2556 812 quibus

335 943 492 989 aaut.
561 938 631 987 Et
649 952 918 998 convenere,
953 942 1011 988 ut
1045 935 1320 987 obsidione
1354 934 1587 1001 legiones
1617 942 1840 999 ereptae,
1871 935 2123 1003 simulque
2154 937 2361 988 abirent
2382 951 2560 988 omnes

343 1003 511 1068 copiae
551 1003 778 1052 Romanae
814 1003 969 1053 terris
1007 1001 1393 1063 Armeniorum,
1435 1015 1685 1065 arcesque
1721 1007 1776 1051 et
1810 1011 2127 1053 commeatus
2162 1002 2374 1054 Parthis
2404 1003 2560 1053 dede-

1342 1146 1562 1198 NOTAE

347 1283 502 1319 onem
546 1284 639 1319 seu
701 1267 1068 1333 praefecturam
1126 1266 1415 1327 obtinebat,

347 1360 465 1411 quae
486 1344 744 1395 Armeniae
768 1346 1086 1399 contermina
1108 1350 1266 1394 esset.

418 1424 489 1473 Et
512 1425 634 1489 quia
656 1425 753 1474 hoc
787 1423 976 1473 bellum
1014 1423 1276 1488 praecipue
1300 1422 1414 1486 ipse

344 1499 684 1561 incitaverat,
706 1501 826 1550 ideo
849 1501 931 1550 hic
966 1501 1115 1551 testis
1137 1498 1415 1549 adhibetur

349 1573 586 1637 foederis,
642 1583 703 1626 ut
745 1577 1067 1626 conditiones
1122 1575 1261 1640 pacis
1302 1576 1415 1639 ipse

350 1652 655 1717 inspiceret,
682 1655 860 1712 sciret,
894 1654 1215 1714 observaret,
1250 1659 1304 1701 et
1329 1651 1418 1702 ob-

351 1731 550 1780 servari
574 1738 797 1781 curaret.
832 1731 1001 1781 Etiam
1021 1732 1139 1797 quia
1157 1746 1239 1782 res
1256 1731 1418 1794 ipsius

351 1821 546 1871 magna
566 1823 634 1858 ex
672 1814 819 1873 parte
854 1807 1127 1872 agebatur.
1162 1809 1283 1858 Fuit
1308 1809 1419 1872 ipse

354 1882 476 1933 Rex
500 1882 905 1948 Adiabenorum,
939 1890 1076 1934 teste
1101 1885 1297 1947 Dione,
1329 1885 1419 1937 Jo-

352 1961 518 2025 sepho
536 1968 592 2011 et
607 1962 807 2025 Tacito,
832 1962 1120 2013 Monobazus
1134 1963 1423 2024 Adiabenus,

354 2034 411 2085 id
429 2044 525 2101 est,
549 2038 664 2087 Rex
687 2038 1091 2090 Adiabenorum.
1127 2038 1211 2090 Sic
1233 2040 1426 2090 dicitur

356 2114 639 2180 Philippus
673 2117 915 2181 Macedo,
956 2133 1051 2183 pro
1088 2133 1211 2183 rege
1249 2118 1426 2169 Mace·

353 2191 568 2242 donum.

428 2268 738 2333 Monobazus]
772 2272 837 2321 In
868 2273 1006 2322 diem
1043 2276 1305 2336 posterum
1328 2272 1426 2323 dif-

358 2344 535 2395 fertur
574 2349 836 2398 conclusio
892 2349 1124 2412 foederis,
1182 2357 1240 2400 ut
1279 2351 1426 2400 testis

358 2430 641 2473 vocaretur
662 2426 978 2475 Monobazus
1012 2426 1096 2491 iis,
1127 2442 1243 2493 quae
1280 2427 1426 2493 pepi-

361 2501 590 2565 gissent:
616 2502 739 2567 quia
751 2505 841 2553 ille
860 2520 1046 2568 magna
1063 2521 1181 2569 pars
1196 2506 1317 2555 belli
1333 2522 1348 2567 ;
1369 2512 1427 2556 et

360 2578 502 2643 quia,
541 2578 705 2644 forte,
743 2583 911 2647 siqua
932 2583 1209 2634 difficultas
1248 2600 1428 2650 super-

364 2664 527 2721 esset,
577 2659 913 2723 expediebat,
970 2670 1026 2712 et
1065 2662 1187 2727 quia
1232 2663 1429 2712 vicinus

342 2732 648 2800 -Armeniae,
686 2735 834 2799 pacis
886 2738 1205 2790 conditiones
1240 2740 1430 2805 exequi

362 2812 633 2877 pmipue
654 2814 854 2865 debuit.

431 2887 458 2921 ἅ
494 2889 667 2954 Testis,
696 2893 799 2940 &c-
830 2892 1106 2957 adhibetm]
1151 2894 1275 2944 Non
1311 2909 1430 2960 pro·

366 2973 557 3031 pterea
596 2968 894 3019 excluditur
936 2972 1181 3022 Vasaces.
1267 2975 1430 3025 Immo

369 3051 567 3109 praeter
578 3047 858 3111 Vasaeem,
870 3048 958 3114 qul
978 3047 1148 3100 soedus
1169 3052 1434 3116 componit

348 3137 433 3173 ac
480 3124 736 3189 transigit,
789 3139 981 3189 eornm,
1041 3143 1158 3192 quae
1212 3129 1433 3180 invicem

369 3203 600 3252 Vasaces
632 3210 689 3253 et
710 3203 894 3254 Paetus
916 3206 1433 3270 pepigissent,·testis

370 3278 650 3329 adhibetur
684 3280 1022 3343 Monobazus,
1065 3283 1214 3347 quasi
1250 3284 1303 3331 in
1339 3299 1434 3333 sua

270 3364 293 3376 “
371 3371 545 3420 cansa,
583 3357 649 3408 ob
688 3359 1009 3410 vicinitatem
1047 3360 1432 3412 Adiabenorum

349 3439 430 3483 -et
451 3434 833 3488 Armeniorum.

437 3520 462 3549 ο
494 3512 731 3561 Decedet-e
763 3527 942 3565 emnem
976 3515 1200 3579 militem]
1247 3515 1438 3566 Posset

368 3585 516 3637 forte
535 3587 754 3652 intelligi
788 3597 894 3641 tam
930 3592 997 3642 de
1022 3593 1252 3656 Parthis,
1285 3607 1435 3658 quam

350 3665 445 3715 ‘de
465 3666 740 3716 Romanis:
776 3668 868 3718 sed
895 3670 1066 3733 petius
1104 3670 1159 3719 id
1190 3670 1265 3719 ibi
1287 3672 1437 3721 intel·

350 3742 643 3807 -ligendum
652 3743 723 3792 de
737 3746 975 3795 Romanis
990 3747 1110 3796 solis
1123 3763 1138 3808 ;
1172 3763 1288 3798 nam
1304 3747 1440 3797 infra

376 3820 730 3885 interrogatus
754 3823 1021 3885 Centurio,
1055 3827 1072 3853 ‘
1098 3840 1201 3890 quo
1224 3827 1274 3874 in
1300 3832 1439 3875 statu

355 3895 629 3947 :Armenia
669 3898 846 3961 esset,'
900 3900 917 3929 ⁴
953 3902 1294 3951 ornnes-inde
1341 3903 1442 3951 Ro-

376 3991 561 4028 manos
576 3979 878 4042 excessisse,
890 3979 1195 4042 respondit!
1231 3982 1301 4029 Et
1316 3979 1442 4031 ibid.

378 4056 395 4083 ‘
422 4055 756 4119 Castellaque
790 4063 846 4105 et
880 4064 1195 4105 commeatus
1230 4057 1442 4108 Parthis

376 4130 557 4182 tradi!
631 4135 699 4182 Et
736 4132 879 4183 infra·
910 4134 1066 4184 etiam
1102 4135 1324 4185 Corbulo
1360 4151 1445 4200 po·

381 4210 547 4260 stulat
576 4223 607 4259 a
628 4211 907 4276 Vologese,
937 4210 1152 4261 castella
1185 4210 1443 4265 Armeniae

358 4286 645 4353 ‹prasidiis
664 4287 977 4341 Rarthomm
994 4286 1228 4341 liberari.

1560 1263 1854 1313 Verisimile
1891 1271 1990 1326 est,
2035 1264 2294 1330 utrimque
2336 1266 2563 1321 Parthos

1497 1340 1858 1405 Romanosque
1875 1342 2066 1406 partim
2090 1342 2419 1407 abscessisse,
2445 1360 2562 1410 par·

1496 1415 1590 1466 tim
1614 1418 1878 1468 mansisse.
1945 1419 2103 1469 Haud
2128 1420 2283 1470 dubie
2313 1422 2564 1473 abscessit

1496 1496 1612 1546 Rex
1635 1497 1973 1558 Parthorum;
2007 1498 2262 1548 abscessit
2294 1506 2350 1549 et
2382 1499 2563 1550 Paetus

1497 1587 1614 1622 cum
1656 1574 1945 1636 legionibus
1987 1575 2255 1637 perculsis,
2307 1574 2563 1639 hyberna-

1496 1651 1676 1715 vitque
1702 1667 1795 1715 per
1817 1653 2219 1716 Cappadociam.
2286 1653 2355 1701 At
2381 1653 2565 1704 absce-

1500 1727 1628 1777 dens
1647 1729 1760 1778 Rex
1786 1729 2115 1791 Parthorum,
2143 1730 2407 1793 dispositis
2431 1745 2566 1795 pras·

1497 1806 1660 1868 sidiis,
1717 1806 1982 1857 retinebat
2048 1807 2280 1871 quasdam
2354 1807 2570 1858 castella

1502 1883 1787 1947 Armeniae,
1813 1890 1879 1933 'et
1923 1885 2167 1934 Romanoe
2202 1885 2438 1935 cohortes
2478 1886 2568 1936 ob-

1504 1963 1741 2012 tinebant
1796 1962 1963 2013 adhuc
2005 1962 2312 2014 Arsamosata
2352 1969 2406 2012 et
2465 1963 2569 2013 alia

1504 2040 1750 2100 castella3
1785 2046 1842 2089 et
1878 2040 1929 2089 id
1964 2041 2171 2090 occulto
2198 2040 2414 2104 foedere,
2445 2040 2569 2091 dum

1505 2116 1739 2166 redirent
1749 2117 1908 2180 legati
1919 2118 2053 2181 regis
2064 2118 2203 2167 missi
2214 2118 2280 2167 ad
2293 2119 2572 2184 Caesarem,

1505 2206 1665 2255 super
1688 2193 1916 2256 petenda
1939 2192 2204 2244 Armenia.

1572 2268 1772 2317 Tamen
1812 2276 1994 2333 postea
2026 2271 2327 2335 Vologeses,
2358 2286 2424 2321 ne
2460 2272 2574 2322 irri-

1507 2344 1660 2394 deret
1678 2345 1991 2408 principem,
2027 2355 2208 2410 petens
2246 2363 2339 2413 per
2372 2350 2573 2413 legatos

1507 2421 1824 2486 Armeniam,
1863 2438 2013 2489 quam
2044 2424 2156 2489 jam
2186 2426 2427 2489 eripuerat
2465 2425 2572 2476 Ro·

1506 2500 1688 2560 ruanis,
1719 2501 1976 2564 praesidiis
2003 2502 2200 2552 liberat
2227 2505 2445 2553 castella
2476 2503 2574 2553 Ar-

1506 2578 1714 2636 meniae,
1750 2593 1814 2626 ea
1853 2585 2025 2627 tamen
2060 2579 2216 2628 etiam
2255 2579 2574 2644 conditione,

1509 2659 1571 2702 ut
1608 2652 1834 2704 Corbulo
1874 2655 2087 2705 tolleret
2127 2656 2286 2705 etiam
2334 2657 2576 2721 castella,

1510 2745 1627 2796 qum
1650 2731 1787 2781 ultra
1811 2732 2130 2796 Euphratem
2152 2733 2426 2784 munierat.

1575 2808 1767 2874 Sit-que
1808 2807 1922 2859 fere
1967 2824 2060 2860 suo
2103 2809 2324 2861 arbitrio
2365 2810 2575 2861 interim

1511 2885 1687 2936 relicti
1711 2887 1962 2952 Armenii,
1998 2889 2120 2939 dum
2152 2889 2394 2940 rescribit
2415 2889 2578 2953 Nero,

1511 2979 1578 3015 an
1596 2964 1780 3017 foederi
1803 2981 1893 3017 seu
1909 2969 2020 3032 paci
2039 2973 2283 3019 annueret.
2539 3021 2548 3038 2

1580 3044 1736 3092 Forte
1753 3045 1958 3095 omnino
1982 3045 2343 3095 abscesserant
2361 3042 2580 3094 Romani

1513 3120 1779 3184 Armenia,
1799 3127 1854 3170 et
1869 3121 2113 3180 Parthus,
2132 3122 2221 3185 qui
2236 3122 2404 3169 victor
2420 3120 2582 3169 dabat

1518 3204 1627 3246 tum
1649 3200 1814 3261 leges,
1851 3199 2068 3247 retinuit
2092 3197 2328 3261 quaedam
2350 3197 2580 3260 castella,

1516 3275 1684 3324 donec
1707 3277 2040 3337 pervinceret
2063 3274 2306 3336 Corbulo,
2340 3287 2400 3323 ea
2421 3274 2580 3324 etiam

1514 3351 1743 3401 liberari.

1582 3425 1604 3458 f
1635 3428 1951 3492 Commeaius]
2004 3429 2124 3478 Non
2175 3433 2348 3478 tamen
2401 3441 2579 3478 omnes

1516 3505 1701 3557 traditi
1719 3506 1943 3557 Parthis,
2005 3505 2142 3555 Nam
2160 3506 2233 3555 sic
2252 3502 2418 3554 infra:
2451 3506 2468 3533 ‘
2492 3504 2583 3555 ob-

1516 3585 1671 3634 sessis
1711 3585 1841 3635 adeo
1883 3584 2298 3650 suppeditavisse
2338 3599 2444 3633 rem
2477 3581 2583 3633 fru-

1517 3662 1823 3711 mentariam
1847 3664 2097 3726 constitit,
2118 3669 2176 3712 ut
2198 3661 2395 3711 horreis
2411 3661 2583 3725 ignem

1516 3740 1830 3805 injicerent!

1593 3821 1661 3868 Et
1681 3821 1982 3884 commeatus]
2015 3820 2211 3883 Copiae,
2234 3831 2441 3880 nempe,
2464 3829 2581 3880 quae

1523 3902 1673 3947 erant
1694 3896 1746 3945 in
1768 3898 1890 3960 ipsis
1923 3898 2150 3947 castellis
2174 3911 2285 3960 quae
2310 3892 2586 3944 tradeban-

1524 3983 1630 4035 tur,
1670 3988 1771 4022 non
1811 3988 1935 4022 vero
1972 3989 2085 4037 qnae
2133 3973 2183 4019 in
2232 3971 2355 4034 ipsis
2400 3969 2583 4019 castris

1522 4054 1798 4119 legionum.
1833 4052 1967 4102 Nam
1989 4067 2104 4101 cum
2127 4050 2330 4098 abirent
2350 4045 2588 4110 Romani,

1523 4129 1706 4183 horreis
1733 4132 1891 4194 ignem
1922 4128 2207 4189 injecerunt:
2241 4126 2397 4190 idque
2429 4124 2584 4189 longe

1521 4211 1770 4277 insignius
1789 4206 2043 4273 flagitium
2066 4203 2206 4255 Paeti
2226 4201 2382 4254 foret.
