3063 4952
1034 403 1449 455 annuum
1504 405 1648 456 mn.
1699 405 1832 456 xv.
2356 393 2530 463 1825

308 558 589 624 summis
636 552 1014 633 mortaliiun
1056 552 1430 635 spernenda
1477 558 1605 628 est,
1654 556 1720 615 et
1766 566 1818 616 a·
1856 550 2033 616 Diis³
2087 552 2526 620 aestimatur-3¹⁸

309 661 532 727 Simul
556 659 958 723 diadematev
989 659 1194 739 caput
1221 653 1547 719 Tiridatis
1575 654 1834 720 evinxit
1850 661 1903 735 34
1942 659 2312 738 promtam*
2335 658 2525 742 equi·-

308 770 457 831 tum
486 772 779 839 manum,
812 776 963 845 quae
999 757 1252 841 Regem
1282 776 1370 822 ex
1400 774 1580 822 more
1623 761 1965 837 sectatur,⁵
1994 757 2285 838 Monesi,
2310 761 2526 829 nobili

308 867 486 945 rii-0,
525 863 820 942 tradidit,
868 861 1152 947 adjectis
1192 859 1724 927 Adiabenorum*
1776 862 2090 927 auxiliis:
2155 863 2525 932 mandavit-

310 988 475 1055 que,
500 968 831 1051 Tigranen
859 964 1179 1031 Armenia
1206 966 1566 1044 exturbari,
1568 962 1596 1003 ⁶
1646 963 1805 1028 dum
1854 966 2023 1051 ipse,
2062 967 2327 1050 positis⁷
2345 976 2375 1014 s
2401 967 2524 1088 ad-

306 415 364 471 'a
395 416 455 469 G.
479 414 611 478 63]-

312 1119 535 1170 dominis
552 1118 812 1169 contemni
846 1118 1025 1182 debet,
1041 1125 1097 1170 et
1118 1135 1223 1183 quoe
1254 1135 1283 1168 a
1302 1118 1458 1168 Diis
1438 1118 1557 1182 ipsis
1586 1117 1922 1182 approbatur.
1989 1118 2144 1167 Simul
2166 1118 2472 1170 Tiridatem
2453 1114 2525 1170 ιιι-1

308 1186 446 1248 signi
467 1187 598 1247 regio
620 1184 879 1247 redimivit,
896 1190 944 1234 et
961 1185 1089 1235 aedit
1113 1186 1299 1234 Monesi
1315 1184 1525 1248 principi
1544 1184 1645 1232 viro
1678 1183 1950 1247 expeditum
1972 1199 2141 1245 agmen
2160 1184 2382 1248 equitum,
2401 1187 2527 1250 quad

308 1266 401 1316 pro
423 1266 550 1301 more
569 1250 775 1313 stipabat
796 1265 972 1313 regem,
991 1250 1227 1311 adiunctis
1247 1250 1396 1313 copiis
1423 1250 1807 1307 Adiabenorum5
1826 1250 2062 1312 ,iussitque
2092 1250 2235 1311 dejici
2268 1250 2525 1313 Tigranem
2606 1282 2610 1287 «

310 1317 566 1378 Δηιιειιὶα,
589 1318 700 1365 dam
720 1316 837 1381 ipse,
853 1317 1118 1380 commitis
1142 1316 1404 1380 Hyrcania
1439 1315 1587 1380 bellis,
1617 1315 1866 1365 interiores
1896 1315 2043 1379 regni
2079 1317 2254 1379 copias,
2285 1321 2524 1380 totamque

1249 1442 1478 1462 OOOONOO
1488 1444 1542 1462 θ’
1548 1443 1600 1462 00

310 1507 344 1554 8
384 1502 470 1553 Ita
492 1504 628 1554 Flor.
651 1504 823 1553 Meus.
890 1502 1273 1553 Freinshemius
1308 1500 1621 1552 infeliciter.
1657 1502 1784 1553 stab
1807 1503 1992 1553 imita.
2061 1503 2345 1553 Modestinus
2366 1509 2526 1554 vocat

308 1570 726 1619 moderationem
751 1582 907 1634 parce
930 1584 992 1618 ac
1016 1569 1162 1619 tarde
1196 1569 1298 1618 vim
1334 1568 1819 1632 experiend13seu
1842 1569 2089 1633 pudorem
2115 1575 2312 1619 temere
2332 1582 2393 1620 ac
2417 1576 2523 1619 sta-

311 1633 410 1685 tim
434 1634 736 1698 prosiliendi
759 1634 822 1684 ad
847 1650 989 1684 arma
1011 1634 1168 1684 etiam
1206 1632 1453 1684 adversus
1476 1632 1728 1684 foederum
1757 1643 2018 1699 ruptores
2051 1635 2282 1700 Ryckius.
2283 1640 2382 1686 -4
2419 1635 2525 1685 Ms.

312 1699 437 1762 Reg
403 1716 454 1762 g.
491 1701 660 1751 cinxit.
663 1706 757 1749 —5
793 1701 921 1750 Mas.
963 1700 1101 1750 Flor.
1145 1700 1275 1763 Reg.
1316 1700 1475 1750 Corb.
1512 1707 1569 1749 et
1605 1699 1766 1749 editio
1800 1701 2193 1764 princeps.1n
2218 1701 2346 1749 Mss.
2371 1700 2526 1754 Hari.

311 1764 472 1817 Bodl.
507 1765 617 1816 Jes.
655 1764 829 1814 Guelf.
853 1773 906 1815 et
931 1765 1268 1827 Puteolanus,
1288 1765 1572 1815 sectabatur.
1580 1769 1674 1814 -6
1708 1765 1837 1815 Mss.
1870 1766 2016 1815 Harl.
2039 1766 2192 1815 Bodl.
2215 1765 2326 1815 Jes.
2349 1763 2526 1830 Guelf,

310 1838 373 1880 et
411 1830 747 1881 Puteolanus.
812 1830 879 1880 In
911 1831 1041 1881 Mss.
1083 1830 1216 1894 Reg.
1252 1831 1408 1881 Corb.
1448 1835 1505 1879 et
1544 1830 1776 1880 editione
1799 1831 2057 1894 principe,
2079 1829 2333 1880 exturbat.-
2381 1831 2523 1885 unde

312 1895 496 1959 placet
534 1897 773 1955 Ernesto,
813 1896 1052 1961 exturbet,
1094 1896 1179 1947 vel
1220 1895 1490 1947 exturbare.
1538 1896 1767 1947 Brotier.
1770 1902 1866 1948 -4
1901 1896 2199 1961 Rhenanus,
2241 1896 2526 1965 commitis.

310 1961 551 2012 Budens.
584 1961 824 2026 depositis.

1318 2062 1531 2113 NOTAE

309 2154 534 2223 deliqui,
557 2157 753 2208 virtute
776 2159 1070 2225 corrigam!

378 2242 403 2268 ¹
438 2236 509 2285 Et
531 2251 565 2284 a
594 2237 712 2285 Diis
745 2237 1035 2301 terimur]
1084 2236 1382 2287 Referenda

306 2310 412 2362 ista
440 2317 562 2361 sunt
583 2312 647 2361 ad
691 2324 804 2362 eam
842 2316 1085 2364 modestice
1114 2314 1381 2376 virtutem,

309 2404 436 2473 qua,
477 2403 665 2452 nempe
706 2390 977 2455 aequitate,
1017 2392 1189 2457 potius
1228 2398 1382 2456 quam

310 2462 585 2532 sanguine,
621 2484 760 2518 causa
797 2486 934 2533 quam
972 2470 1139 2533 armis,
1161 2476 1315 2534 parta
1350 2485 1383 2520 a

310 2545 605 2609 majoribus
650 2548 896 2611 retinere,
935 2554 993 2600 et
1034 2562 1126 2599 sua
1167 2561 1385 2612 recupe-

309 2636 432 2671 rare
498 2627 790 2672 conantur·
777 2659 791 2672 .
849 2638 1050 2689 quaque
1102 2624 1275 2689 inviti,
1327 2630 1385 2675 et

310 2699 648 2760 cunctanter,
671 2704 727 2747 et
761 2714 861 2749 uon
886 2700 985 2750 nisi
1010 2706 1130 2763 post
1153 2700 1258 2749 alia
1279 2715 1384 2751 om·

309 2774 418 2835 nia,
485 2774 832 2840 nequicquam
878 2783 1099 2839 tentata,
1145 2779 1199 2827 in
1241 2793 1383 2828 arma

312 2850 583 2915 principes
608 2860 970 2917 prorumpunt.

379 2929 483 2979 ma
503 2929 666 2979 virtus
689 2944 791 2979 non
830 2930 1119 2995 spernenda
1143 2938 1225 2982 est
1247 2947 1383 2986 snm-

308 3004 409 3054 mis
430 3005 746 3065 mortalium,
768 3006 1037 3072 primoque
1078 3007 1132 3057 in
1168 3006 1379 3072 fastigio

311 3080 514 3147 positis,
556 3088 612 3131 et
652 3083 839 3133 a·Diis
875 3083 1001 3147 ipsis
1061 3085 1376 3135 aestimatnr.

313 3174 482 3226 eaque
500 3167 623 3211 ante
645 3160 835 3211 bellum
857 3162 1049 3213 virtute
1064 3162 1169 3211 usis
1183 3162 1379 3214 favent.

313 3238 454 3289 Nam
490 3238 584 3288 Dii
615 3236 797 3289 favent
821 3240 1022 3304 Justum
1060 3241 1252 3290 bellum
1291 3256 1379 3305 ge·

313 3313 575 3364 rentibus.

381 3391 467 3441 Ad
481 3392 742 3455 justitiam
768 3400 941 3443 autem
963 3393 1215 3444 bellorum
1236 3391 1382 3455 facit,

312 3482 417 3518 nou
443 3473 643 3517 tantum
686 3485 857 3532 causa,
881 3471 971 3520 sed
1008 3470 1167 3520 etiam
1205 3481 1384 3519 necesb

308 3541 442 3595 ‘sitas
466 3545 797 3610 inevitabilis,
817 3547 982 3612 qualis
1007 3553 1106 3610 est,
1127 3561 1244 3595 cum
1265 3545 1381 3595 aliis

314 3622 566 3685 consiliis,
595 3625 888 3674 cunctando
923 3638 1131 3688 nempe,
1162 3624 1384 3673 toleran-

315 3698 398 3763 do,
421 3705 477 3748 et
493 3700 770 3763 modestia,
785 3708 845 3751 ut
869 3701 952 3750 hic
977 3701 1222 3766 loquitur,
1239 3714 1383 3750 arma

311 3775 564 3826 declinari
586 3791 689 3826 non
711 3784 1012 3841 potnerunt.
1064 3777 1381 3827 Boxhomius.

378 3853 499 3903 Diis
513 3853 798 3918 aeuimoeur]
848 3855 971 3919 Ipsa
993 3855 1247 3904 modestia
1268 3855 1382 3903 Diis

312 3929 523 3994 placen
581 3936 636 3979 et
659 3930 927 3980 modestiae
952 3930 1244 3994 exemplum
1262 3937 1381 3980 sunt

312 4006 405 4057 Dii
426 4006 544 4075 ipsi,
568 4008 656 4072 qui
676 4009 802 4058 licet
818 4008 867 4057 vi
891 4009 1229 4073 potentiaque
1250 4023 1380 4072 prae·

312 4085 528 4148 celiant,
569 4086 741 4134 etiam*
763 4086 815 4134 in
854 4085 992 4150 ipsos
1034 4100 1200 4149 regeS,
1249 4091 1382 4135 atta·

313 4174 433 4211 men
467 4163 607 4211 ultro
643 4161 854 4227 benigni
893 4169 1033 4226 sunt,
1068 4177 1234 4228 neque
1274 4162 1379 4211 vim

312 4245 403 4288 aut
426 4239 670 4303 injuriam
704 4238 924 4305 faciunt,
949 4237 1145 4290 factam
1183 4254 1302 4291 sero
1324 4246 1379 4291 et

314 4317 457 4369 lente
482 4317 822 4368 ulciscuntur.
973 4311 977 4315 ’

445 4398 625 4465 υειριι.
644 4404 693 4450 α
718 4398 833 4452 Var.
858 4399 988 4450 ctas.

1351 4398 1507 4452 steil-

1525 2167 1550 2193 '
1582 2159 1902 2223 Diademate]
1962 2158 2263 2209 Maluissem
2309 2158 2364 2209 id
2406 2156 2524 2211 fieri

1461 2237 1602 2301 apud
1634 2236 1933 2287 Armeniam
1969 2237 2023 2286 in
2056 2237 2169 2301 ipsa
2200 2228 2360 2300 regia,
2382 2237 2522 2303 apud

1459 2306 1720 2364 Artaxata
1739 2326 1944 2378 nempe.
2013 2313 2171 2363 Forte
2193 2313 2267 2364 sic
2288 2328 2399 2364 mos
2420 2313 2525 2365 fuit

1459 2391 1577 2441 ilios
1597 2390 1823 2441 minores
1857 2404 2027 2455 reges,
2050 2404 2166 2440 cum
2199 2390 2264 2440 ad
2287 2390 2525 2442 obtinen-

1462 2470 1528 2519 da
1551 2483 1708 2533 regna
1724 2468 2075 2529 mitterentur,
2092 2467 2312 2532 primum
2335 2450 2524 2533 insigrfi

1460 2546 1603 2610 regio
1626 2545 1853 2596 redimiri
1875 2544 1942 2595 ab
1975 2546 2087 2610 ipso
2121 2559 2243 2609 rege
2276 2544 2329 2594 in
2351 2545 2525 2595 concit-

1458 2624 1528 2673 lio
1571 2629 1939 2687 eticonspectu
1979 2621 2352 2686 Megistannm,
2390 2622 2522 2671 Par-

1458 2701 1680 2765 thorum,
1694 2706 1751 2750 et
1769 2699 2149 2762 Armeniorum,
2165 2699 2253 2763 qui
2271 2696 2524 2749 favebant

1459 2777 1779 2843 aderantque
1819 2777 1901 2826 his
1940 2776 2194 2838 comitiis3
2227 2790 2330 2841 quo
2351 2774 2524 2841 desig-

1458 2855 1679 2904 nabatur
1716 2854 1952 2919 potentia
1986 2854 2122 2918 regis
2157 2869 2356 2919 regum,
2397 2851 2523 2905 dein

1458 2933 1715 2999 perficere
1754 2933 1909 2983 ritum
1949 2932 2173 2981 solennis
2209 2931 2525 2995 inaugurati·

1457 3012 1571 3060 onis
1593 3012 1646 3061 in
1668 3009 1837 3061 medio
1866 3008 2091 3060 concilio
2111 3022 2401 3114 ‘procerum
2424 3006 2524 3058 Ara-

1456 3088 1661 3137 meniae.
2501 3095 2512 3112 ’

1521 3171 1556 3197 '¹
1590 3164 1859 3227 Promiam]
1906 3162 2045 3216 Quia
2082 3163 2281 3212 tardius
2315 3161 2521 3227 misser,

1455 3241 1613 3290 alinin
1639 3241 1925 3305 equitatum
1966 3240 2291 3301 contrahere,
2313 3245 2369 3288 et
2389 3253 2522 3303 prae·

1454 3316 1609 3379 cipue
1651 3316 1790 3381 apud
1834 3321 2037 3380 gentes,
2081 3329 2197 3379 quae
2242 3312 2382 3364 forte
2428 3325 2521 3364 suo

1458 3397 1648 3454 sumtu,
1695 3398 1752 3442 et
1793 3391 1857 3441 ad
1904 3398 2103 3441 certum
2148 3398 2353 3454 tempus
2402 3392 2525 3442 anni

1456 3455 1716 3533 stipendia
1746 3475 2046 3530 mererent3
2091 3483 2189 3518 nec
2224 3469 2358 3517 ultra
2391 3475 2524 3519 tem-

1459 3562 1556 3612 pus
1577 3553 1668 3597 aut
1689 3552 1861 3597 certos
1899 3547 2026 3596 fines
2066 3546 2209 3611 sequi
2244 3551 2526 3610 regemlte-

1444 3631 1666 3675 nentur.
1730 3621 1897 3688 Infra,
1935 3624 1955 3662 -‘
1979 3623 2101 3673 duin
2159 3623 2298 3687 ipse‘
2334 3624 2524 3678 molem

1461 3703 1587 3753 belli
1608 3702 1713 3753 ciet
1732 3701 1763 3751 :’
1807 3700 1943 3752 forte
1981 3701 2162 3752 decem
2197 3701 2358 3750 millia
2379 3700 2524 3767 equi*-

1462 3786 1575 3829 tum
1613 3776 1844 3842 fuerunt,
1883 3778 1972 3842 qui
2009 3777 2266 3841 stiparent
2289 3791 2439 3841 reges
2461 3789 2523 3827 ea:

1458 3870 1605 3918 more,
1628 3861 1690 3906 ut
1721 3855 1861 3919 apud
1896 3860 2103 3905 veteres
2140 3854 2420 3904 Persarum
2442 3865 2524 3904 re-

1498 3949 1575 3984 es.

1463 3949 1496 3998 g
1525 4015 1553 4041 ¹
1583 4007 1958 4072 Adiabenorum]
2022 4007 2160 4059 Quia
2200 4004 2406 4055 finitimi
2445 4003 2524 4054 illi

1458 4086 1738 4151 Armeniis,
1777 4086 1995 4173 ideoque
2035 4083 2229 4146 infesti,
2250 4088 2307 4133 et
2339 4082 2528 4146 praeci·

1457 4178 1564 4228 pue
1583 4163 1809 4229 Tigrani,
1840 4161 1929 4227 qui
1961 4162 2068 4210 late
2106 4165 2408 4211 vastaverat
2438 4167 2522 4216 re·-

1456 4240 1678 4305 gionem.
2488 4307 2496 4311 ί

1517 4324 1547 4361 r
1577 4316 1787 4382 Positis]
1837 4318 1996 4369 Certe
2024 4314 2139 4381 jam
2171 4313 2524 4378 componebat
