3063 4952
1180 362 1253 414 G·
1295 361 1684 416 CORNELII:
1711 353 1979 420 ‘famu
2009 380 2014 383 Α

2358 363 2452 433 [Α.-
2475 365 2547 426 11·
2568 368 2702 429 tm,

1448 608 1671 661 NOTAE

535 737 788 790 Attamen
832 736 1048 802 sedatis,
1090 753 1182 789 seu
1236 738 1538 804 compositis

469 815 681 882 paulum
733 815 928 879 animis,
971 823 1157 881 postea
1202 818 1441 881 repetitae
1484 825 1540 867 et

468 893 791 944 continuatae
830 896 1032 958 epulae:
1081 895 1200 944 dum
1242 896 1350 944 haec
1389 893 1540 958 fiunt,

469 970 695 1035 spatium
734 969 836 1020 fuit
876 987 1024 1036 aquae
1060 972 1208 1022 nimis
1243 972 1426 1022 calidae
1449 973 1539 1022 dea

467 1044 810 1108 fei-vescendi,
845 1047 1022 1112 sicque
1057 1063 1160 1097 non
1194 1064 1321 1113 opus
1348 1047 1539 1112 frigida

469 1121 608 1174 fuit:
644 1125 718 1174 sic
753 1125 978 1187 spatium
1013 1123 1111 1173 fuit
1145 1125 1391 1174 ministris
1418 1139 1538 1175 con-

470 1200 611 1265 sciiS,
648 1200 865 1250 tollendi
889 1201 1220 1264 pestilentem
1257 1216 1459 1265 aquam,
1481 1208 1539 1252 et

468 1274 733 1325 innoxiam
767 1278 919 1326 aliam
957 1277 1185 1327 convivis
1226 1278 1400 1341 pueris
1423 1280 1538 1329 sub·

469 1353 812 1415 ministrandi,
835 1369 935 1419 quo
970 1370 1120 1404 nemo
1161 1357 1290 1406 alius
1331 1371 1539 1407 necare-

471 1436 588 1490 tur3
623 1430 714 1479 sed
737 1432 1032 1493 Suetonius,
1063 1432 1150 1496 qui
1185 1432 1237 1481 id
1276 1433 1438 1483 tradit
1471 1435 1539 1483 de

466 1506 792 1573 Britannico,
815 1509 867 1558 id
881 1509 1044 1574 magis
1059 1510 1356 1559 transcribit
1381 1527 1538 1576 quam

470 1583 711 1635 affirmat.

533 1663 820 1725 Proecalida,
832 1666 912 1725 ᾅτ.
923 1665 1080 1728 potio]
1115 1666 1362 1715 Nonnulli
1386 1666 1435 1715 in
1444 1666 1537 1715 tel-

467 1736 634 1801 ligunt
649 1742 905 1803 decoctam,
925 1757 1077 1805 quam
1096 1744 1415 1806 excogitavit
1436 1744 1538 1792 Ne·

468 1822 547 1878 ro,
586 1814 653 1866 de
695 1832 796 1882 qua
830 1819 1046 1868 Sueten.
1080 1821 1208 1870 Ner.
1241 1826 1321 1869 48.
1391 1822 1535 1869 Nero

465 1893 667 1957 sitiens,
707 1896 724 1924 ‘
749 1900 938 1961 aquam
974 1913 1042 1947 ex
1079 1898 1317 1962 subjecta
1355 1899 1540 1950 lacuna

467 1978 765 2037 potaturus,
782 1989 935 2025 manu
952 1976 1141 2026 hausit.
1206 1979 1278 2028 Et
1299 1978 1412 2029 haec
1434 1986 1537 2043 est,

464 2050 654 2116 inquit,
673 2053 901 2103 Neronis
922 2054 1184 2106 decocta.'

535 2132 617 2181 De
663 2149 765 2198 qua
806 2134 884 2185 sic
925 2135 1084 2186 etiam
1124 2136 1262 2189 Plin.
1302 2140 1338 2190 l.
1374 2153 1534 2190 xxxt-

465 2208 483 2236 ‘
510 2209 740 2259 Neronis
763 2211 1013 2277 principis
1043 2214 1307 2265 inventum
1341 2223 1424 2266 est
1447 2217 1537 2266 de-

467 2298 688 2350 coquere
711 2303 916 2354 aquam‚
934 2289 1170 2356 vitroque
1195 2292 1469 2344 demissam
1482 2295 1533 2345 in

465 2362 609 2414 nives
634 2363 941 2430 refrigerare
964 2380 978 2417 ι
1020 2369 1097 2418 ita
1121 2369 1359 2435 voluptas
1381 2369 1536 2436 frigo·

466 2432 536 2489 ris
553 2440 810 2507 contingit
826 2441 936 2495 sine
959 2444 1099 2495 vitiis
1114 2446 1262 2498 nivis.
1310 2448 1534 2500 Omnem

464 2517 644 2583 utique
654 2520 926 2572 decoctam
943 2523 1199 2573 utiliorem
1212 2541 1324 2575 esse
1348 2541 1535 2577 conve*

464 2589 561 2659 hit,
591 2596 714 2647 item
741 2596 1047 2649 calefactam
1070 2602 1235 2666 magis
1259 2602 1535 2667 refrigera-

466 2671 512 2720 ri
535 2673 866 2725 subtilissimo
887 2677 1133 2737 invento?

530 2749 615 2798 Sic
651 2756 707 2799 et
744 2752 1053 2802 Plutarchus
1088 2754 1140 2801 in
1165 2756 1365 2806 Quoest.
1384 2770 1462 2805 vr.
1482 2760 1533 2806 4.

465 2826 482 2852 ‘
510 2825 692 2877 Omnis
724 2833 858 2893 aqua
886 2828 1136 2881 calefacta
1153 2830 1214 2880 fit
1240 2837 1424 2894 postea
1440 2830 1536 2881 ffri-

462 2901 675 2967 gidior,
700 2911 762 2954 ut
803 2907 895 2956 illa
933 2923 1052 2972 quae
1110 2908 1318 2971 regibus
1361 2909 1535 2960 datur.

463 2980 568 3029 ,Ubi
593 2981 729 3030 enim
747 2981 814 3031 ad
835 2982 1078 3033 bullitum
1093 2999 1254 3048 usque
1275 2974 1536 3036 calefacta

464 3062 563 3121 est,
595 3057 818 3122 cingitur
857 3060 944 3110 illa
964 3059 1171 3110 nivibus
1194 3061 1534 3113 vasambien-

459 3131 622 3197 >stibu3,
645 3141 700 3185 et
718 3135 794 3185 sic
814 3135 1053 3201 frigidior
1073 3135 1169 3188 fit?

528 3211 633 3260 Sed
655 3218 804 3275 puto,
827 3212 911 3262 hic
933 3228 1101 3277 neque
1125 3214 1191 3263 de
1215 3212 1406 3279 frigida
1428 3217 1531 3279 agi-

462 3292 566 3350 tur,
584 3303 758 3353 neque
788 3289 1094 3340 de'decocta
1116 3292 1358 3343 Neronis,
1428 3294 1526 3342 Sed

460 3365 617 3413 calida
636 3380 768 3429 aqua
788 3365 925 3414 h'aud
949 3365 1105 3416 dubie
1124 3368 1298 3432 pueris
1318 3367 1415 3417 illis
1438 3384 1530 3418 no<-

448 3440 650 3491 abilibus
671 3441 1064 3492 ministrabatur
1083 3457 1176 3507 pro
1198 3459 1370 3504 more3
1407 3446 1529 3495 alio-

462 3519 687 3583 quitum
724 3520 775 3567 in
815 3521 1010 3569 scelere
1049 3521 1308 3571 moliendo
1330 3529 1529 3585 praeter

457 3597 747 3647 institutum
768 3600 974 3649 solenne
994 3600 1223 3663 egissent
1244 3618 1258 3650 ι
1297 3602 1435 3666 quod
1454 3611 1530 3653 ta-

460 3689 578 3726 men
601 3674 882 3739 diligenter
903 3677 1175 3727 cavebant.

525 3752 594 3800 Et
611 3766 814 3816 revera,
839 3754 1001 3816 primo
1020 3756 1276 3817 praecalida
1297 3757 1529 3807 exhibita

461 3826 784 3891 Britannico,
824 3829 875 3878 id
917 3835 1016 3892 est,
1054 3832 1203 3881 nimis
1239 3832 1436 3893 calida3
1472 3840 1529 3884 et

459 3903 580 3968 quia
600 3906 904 3956 ¹calidiorem
930 3909 1112 3973 sensit,
1128 3931 1133 3938 ⁸
1148 3909 1381 3960 reddidit-
1405 3913 1528 3960 cali-

453 3995 576 4030 cem
623 3985 1002 4048 praegustatori,
1044 3985 1096 4034 in
1141 4002 1289 4050 quem
1336 3987 1528 4050 frigida

460 4064 569 4106 tum
607 4060 999 4123 permixta,·seu
1023 4064 1196 4127 potius
1222 4064 1360 4113 virus
1398 4062 1525 4113 affu-

442 4145 575 4185 ‘sum
601 4143 697 4188 est.

504 4213 601 4262 eAt
635 4215 825 4264 decocta
860 4217 1066 4267 Neronis
1098 4216 1201 4269 fuit
1232 4233 1337 4269 non
1373 4218 1525 4268 modo

456 4285 665 4356 frigida,
690 4291 782 4343 sed
803 4294 962 4361 ultra,
990 4300 1047 4345 et
1068 4301 1526 4362 practer-,naturam

1620 753 1789 806 aquae,
1811 744 2027 804 propter
2041 736 2329 788 coctionem
2349 740 2404 786 et
2418 735 2565 788 nives
2580 751 2687 789 am·

1619 815 1854 880 bientes3
1894 831 1991 866 nec
2028 815 2233 877 mirum,
2270 813 2314 863 si
2347 812 2448 863 'tali
2486 815 2689 878 potioni

1619 900 1813 957 suetus,
1840 907 2022 960 aquam
2057 906 2124 942 ex
2162 892 2348 941 lacuna
2380 890 2690 953 abhorreret

1621 972 1784 1021 Nero.
2521 970 2525 975 ⁴

1684 1049 1857 1098 Libata
1875 1049 2041 1114 gustu]
2096 1046 2177 1097 Ab
2217 1047 2331 1111 ipso
2370 1059 2558 1111 nempe
2595 1045 2689 1095 mi-

1616 1125 1799 1189 nistro,
1822 1124 1909 1189 q-ui
1934 1129 2087 1189 gustu
2101 1121 2383 1187 'explorare
2406 1122 2533 1173 talia
2554 1121 2694 1181 sole-

1618 1201 1728 1252 bat.

1683 1277 1859 1326 Libuta
1875 1282 2023 1340 gustu
2041 1276 2211 1341 potio]
2244 1276 2418 1340 Igitur*
2455 1275 2556 1325 duo
2595 1274 2692 1327 mii⁴

1618 1356 1768 1405 nistri
1813 1356 1948 1405 circa
1993 1357 2131 1405 illam
2188 1369 2375 1418 aquam
2430 1353 2686 1416 calidam3

1618 1425 1723 1481 non
1763 1433 1899 1481 enim
1947 1433 2037 1497 qui
2082 1446 2146 1480 ex
2194 1430 2364 1481 officio
2420 1430 2688 1493 potioneui

1620 1516 1773 1573 gustu
1798 1511 2119 1574 explorabat,
2143 1511 2219 1559 sic
2260 1508 2478 1557 calidam
2505 1507 2689 1558 ’dedis-

1617 1593 1700 1636 set
1737 1588 2061 1648 Britannico,
2107 1592 2166 1636 ut
2203 1577 2361 1635 illam'
2384 1586 2561 1636 statim
2601 1600 2688 1636 re-

1615 1671 1828 1728 spueret
1854 1670 2304 1730 aversareturque.

1683 1743 1857 1805 Forte,
1880 1743 2001 1807 quia
2019 1743 2117 1792 iste
2140 1741 2246 1792 doli
2269 1756 2369 1795 non
2390 1748 2503 1792 erat
2524 1742 2688 1806 parti·

1615 1835 1760 1884 ceps,
1784 1823 1936 1887 immo
1972 1822 2083 1886 ipse
2120 1823 2196 1872 sic
2227 1822 2481 1886 deceptus
2502 1827 2603 1885 est,
2623 1826 2686 1874 ut

1617 1898 1911 1948 institutum
1966 1899 2272 1963 praelibaudi
2322 1912 2426 1948 non
2474 1899 2685 1949 omitte·
2703 1962 2725 1974 ἦ

1616 1981 1791 2035 retur3
1827 1983 1883 2025 et
1898 1989 1965 2024 ne
1983 1975 2135 2024 simul
2154 1976 2551 2040 extingueretur
2571 1977 2685 2041 ipse

1617 2064 1734 2102 cum
1757 2054 2084 2115 Britannico,
2109 2069 2174 2103 ne
2211 2055 2377 2104 scelus
2402 2055 2474 2105 sic
2499 2062 2685 2119 aperte

1616 2133 1941 2196 proderetur.
2010 2134 2132 2184 Non
2172 2133 2309 2184 forte
2355 2135 2490 2199 quod
2524 2133 2684 2184 facile

1615 2212 1875 2276 corrumpi
1897 2226 1999 2262 non
2023 2218 2221 2276 posset,
2238 2219 2298 2262 ut
2315 2218 2370 2263 et
2392 2212 2479 2262 alii
2495 2210 2686 2262 'famuli

1618 2287 1937 2350 Britannici;
1974 2289 2066 2339 sed
2091 2291 2272 2339 melius
2293 2288 2395 2339 fuit
2417 2290 2490 2340 sic
2509 2290 2683 2353 ipsum

1613 2363 1821 2428 decipi;
1853 2380 1971 2415 nam
2012 2367 2085 2417 sic
2119 2367 2415 2417 institutum
2451 2367 2691 2418 servaba-

1611 2444 1718 2506 tur,
1739 2447 1794 2493 et
1820 2442 2002 2493 melius
2024 2442 2300 2508 tegebatur
2321 2443 2536 2496 crimen.

1679 2520 1848 2584 Igitur
1866 2519 1968 2571 fuit
1991 2520 2120 2571 alius
2143 2522 2397 2584 minister,
2420 2523 2508 2586 qui
2540 2521 2685 2574 exhi.-

1614 2594 1768 2647 beret
1784 2597 1927 2646 illam
1942 2611 2129 2663 aquam
2150 2598 2481 2661 praecalidam
2504 2598 2685 2663 explo-

1616 2674 1795 2737 ratori,
1818 2679 1873 2722 et
1894 2689 2010 2723 cum
2046 2675 2089 2723 is
2117 2680 2320 2725 tantum
2359 2676 2568 2725 summis
2610 2676 2683 2725 la-

1614 2749 1723 2800 bris
1761 2749 1899 2800 forte
1941 2751 2262 2815 praelibaret,
2294 2752 2459 2800 moris
2497 2766 2685 2815 causa,

1616 2839 1719 2875 non
1743 2827 1945 2885 mirum,
1975 2827 2016 2875 si
2052 2826 2346 2876 calidiorem
2380 2843 2564 2892 aquam
2596 2829 2685 2893 ju-

1618 2903 1735 2952 veni
1758 2900 2066 2954 exhibuerit.
2137 2905 2256 2953 Non
2287 2904 2420 2954 enim
2446 2904 2682 2970 perinde,

1605 2980 1691 3029 ‚sic
1714 2980 1902 3029 leviter
1935 2981 2231 3046 delibando,
2259 2983 2564 3046 praecalidizm
2587 2998 2683 3049 po·

1615 3057 1805 3106 tionem
1828 3058 2006 3108 sensit.
2731 3121 2736 3122 γ

1677 3137 1749 3185 Et
1782 3151 1897 3185 cnm
1934 3135 2149 3186 inferior
2183 3138 2269 3188 ille
2295 3136 2537 3186 ,minister
2570 3138 2682 3187 tan-

1611 3212 1779 3262 tillum
1822 3213 2028 3279 frigidae
2077 3212 2529 3278 superinfudisset‚
2565 3220 2681 3263 'tum

1610 3291 1882 3353 potionem.
1912 3292 2140 3340 secunda
2183 3290 2297 3340 vice
2341 3289 2683 3342 nonstlibavit

1610 3368 2043 3430 explorator,=aut
2064 3365 2202 3417 forte
2227 3373 2440 3417 tantum*
2465 3367 2515 3415 in
2538 3380 2678 3415 sum-

1608 3460 1692 3494 ma
1716 3445 2001 3509 delibabat,
2036 3445 2128 3495 sed
2156 3461 2295 3507 eam,
2333 3452 2391 3495 ut
2424 3445 2585 3494 mixta
2614 3460 2679 3495 ac

1610 3528 1898 3586 temperata
1936 3522 2128 3584 fuerat,
2178 3521 2333 3573 offert
2375 3523 2679 3573 Britannico

1608 3598 1933 3664 inexpertam
1957 3605 2012 3648 et
2034 3599 2302 3649 illibatam.

1666 3676 1845 3741 ,Igitur
1877 3676 2021 3725 dolus
2061 3683 2203 3726 totus
2236 3692 2301 3725 ex
2338 3682 2489 3741 parte
2522 3676 2682 3741 primi

1591 3752 1850 3817 ministri,
1868 3754 1954 3817 qui
1972 3753 2296 3818 decoquebat
2316 3754 2453 3802 illam
2467 3759 2683 3818 aquam,

1611 3838 1666 3879 et
1689 3831 1776 3895 qui
1799 3837 1914 3879 eam
1935 3831 2301 3894 praegustatori
2323 3828 2578 3880 offerebat
2595 3839 2686 3880 us&

1612 3921 1716 3969 que*
1736 3905 1867 3956 adeo
1889 3906 2125 3968 calidam,
2150 3912 2205 3956 et
2232 3907 2320 3971 qui
2342 3906 2585 3969 frigidam
2607 3906 2679 3955 ad

1610 3987 1815 4031 manum
1838 3982 2026 4032 habuit
2043 3998 2239 4032 veneno
2269 3983 2501 4046 mixtam,
2521 3997 2678 4048 quam

1609 4061 1785 4111 statim
1815 4060 1994 4109 calidae
2029 4059 2343 4122 affunderet,
2379 4059 2527 4123 quasi
2562 4059 2681 4110 tan-

1612 4142 1720 4186 tum
1743 4152 1855 4185 eam
1880 4136 2279 4202 refrigeraturus
2303 4142 2459 4187 esset.

1653 4211 1749 4264 ,At
1789 4212 1977 4266 sidoli
2011 4212 2407 4277 particepsfuit
2439 4214 2677 4276 explora-

1591 4298 1712 4357 .tor,·
1730 4292 1883 4344 facile
1903 4292 2006 4345 suit
2028 4293 2221 4344 addere
2241 4304 2425 4360 aquam
2449 4306 2679 4357 praegus·
