3063 4952
504 391 680 474 2036
1198 417 1260 470 cz
1306 417 1669 472 coaunnn
1717 419 1979 472 mci-1⁸1

495 578 561 637 et
588 569 983 654 triumphale
1013 565 1245 634 de'cus⁴¹
1274 568 1589 633 Petronio
1631 562 2073 654 Turpilian02‘
2105 568 2510 649 Consului-L·
2538 573 2718 640 Coc-

496 676 647 742 ceio
690 675 937 740 Nervae
999 674 1280 739 Praetori
1311 672 1681 757 designato,
1726 670 2085 757 Tigellinof
2133 674 2488 742 Praefeeto³
2523 679 2716 745 Prae-

479 779 642 843 -torii
674 776 924 855 tribuit,
971 776 1369 858 Tigellinum
1400 782 1467 840 et
1514 776 1583 839 N
1586 773 1811 841 ervum
1858 776 1959 842 ita
2001 774 2351 858 extollenS,
2382 787 2480 858 ut,
2513 801 2716 867 super

495 881 948 966 triumphales⁸
999 881 1066 944 in
1105 880 1249 945 foro
1308 864 1656 962 imagineS,
1708 880 1893 964 apud
1922 882 2246 965 palatium
2276 904 2542 968 quoque
2571 884 2715 949 effi-

494 983 664 1068 gies¹¹
712 990 970 1049 eorum⁴
1008 985 1324 1048 sisteret.⁵
1412 979 1827 1048 Consularis*
1871 983 2188 1068 insignia⁶
2219 985 2640 1070 Nymphidio
2667 983 2715 1070 3³

2394 430 2489 496 [A.
2510 431 2575 483 u,
2596 436 2717 498 sio.
2796 514 2804 523 ⁶

498 1203 661 1268 raupki
692 1202 906 1267 insignia
939 1204 1152 1253 concedit
1192 1204 1420 1254 Petronio
1464 1203 1742 1267 Turpiliano
1775 1204 2028 1267 consulari,
2064 1202 2257 1252 Cocceio
2297 1204 2472 1252 Nercoe
2509 1202 2714 1265 pretori

493 1271 747 1333 destinato,
766 1275 814 1320 et
857 1271 1088 1333 Tigellino
1124 1271 1343 1333 praetorii
1377 1269 1622 1334 prefecto,
1643 1272 1760 1319 adeo
1795 1271 2033 1319 celebrans
2067 1269 2353 1332 Tigellinum
2386 1272 2436 1316 et
2476 1268 2713 1329 Nervam,

494 1341 551 1384 ut
569 1342 744 1400 praeter
763 1336 1104 1398 triumphales
1085 1350 1137 1383 m
1158 1336 1351 1384 comitio
1373 1340 1579 1395 datm,
1618 1335 1765 1384 etiam
1784 1335 1836 1384 in
1871 1335 2051 1398 palatio
2072 1335 2302 1397 imagines
2321 1335 2510 1382 illm-um
2530 1338 2715 1382 nme-

494 1407 588 1452 ret.
655 1401 817 1452 Dedit
838 1401 995 1451 etiam
1019 1406 1294 1451 mamma
1331 1371 1595 1450 cenulas-ia
1637 1401 1949 1465 Nymphidio,
1988 1402 2049 1449 de
2087 1417 2177 1466 quo
2212 1415 2352 1463 nuno,
2370 1400 2481 1463 quia
2497 1399 2715 1463 prim

1409 1544 1748 1572 anement·

554 1656 587 1701 2
610 1651 865 1704 Quaedam
887 1657 1016 1701 vett.
1041 1650 1162 1702 edd.
1190 1650 1447 1714 Tau-piano.
1447 1655 1545 1700 -s
1584 1649 1936 1710 Proeseclaram
1976 1647 2208 1698 Budens.
2208 1651 2309 1696 -4
2341 1646 2428 1695 Ita
2475 1645 2612 1694 Mss.
2657 1650 2718 1695 et

490 1722 697 1767 veteres
730 1732 791 1767 ac
827 1718 1145 1767 recentiores
1169 1717 1443 1767 editiones.
1507 1715 1807 1776 Rhenanus,
1827 1729 1991 1763 eorum
2204 1718 2317 1762 .—6
2338 1711 2531 1761 InMs.
2553 1710 2717 1760 Corb.

491 1795 586 1846 pro
605 1782 812 1846 rideret,
833 1783 1041 1841 detain-
1063 1782 1316 1846 scriptum
1337 1779 1477 1831 forte
1513 1795 1612 1846 pro
1646 1752 1890 1831 καιῖνίι.
1945 1780 2273 1830 Brotier.-6
2325 1777 2414 1827 Ita
2476 1777 2613 1827 Μαι.
2659 1781 2718 1824 et

1477 1963 1693 2015 NOTAE

484 2094 616 2144 bant
654 2093 887 2143 oratioue
929 2093 1191 2156 continua,
1214 2101 1270 2145 et
1307 2096 1399 2144 has
1432 2110 1548 2145 ora-
1628 2094 1887 2159 sculptum
1921 2092 2101 2157 habet,
2136 2105 2221 2142 m.
2248 2105 2367 2141 vm.
2389 2090 2717 2141 Truncu-

482 2169 655 2219 tiones
691 2169 1000 2234 triunipkales
1027 2169 1303 2220 vocabant.
1368 2171 1456 2221 Sic
1489 2177 1549 2221 et
1629 2184 1749 2234 nvs,
1782 2170 2111 2233 Petronium,
2131 2169 2200 2218 ob
2222 2169 2363 2218 idem
2389 2168 2523 2218 inibi
2546 2169 2716 2234 scrip·

481 2245 567 2296 hic
590 2246 733 2296 Nero
756 2253 912 2296 vocat
943 2253 1202 2309 senatum,
1237 2247 1386 2312 quasi
1408 2252 1549 2309 gesta
1629 2255 1738 2297 tum
1791 2261 1997 2311 nomen,
2034 2247 2358 2296 triumvirum
2380 2261 2709 2297 asseverare.

482 2323 600 2373 bello
619 2325 938 2387 exposituras,
962 2325 1109 2389 quasi
1136 2324 1546 2387 triumphaturus
1635 2325 1857 2376 Vertrau.

479 2399 549 2451 de
565 2400 717 2450 clade
741 2407 796 2450 et
817 2401 980 2450 exitio
1005 2400 1229 2464 Reipub.
1690 2400 1711 2436 ¹
1742 2402 1997 2466 Tigellino]
2059 2401 2333 2467 Triumphi
2364 2401 2587 2466 insignia
2613 2401 2709 2451 Ti·

548 2479 699 2529 Gesta
740 2479 881 2543 bello]
965 2481 1178 2530 Sueten.
1214 2484 1296 2530 ³7.
1329 2479 1545 2530 ‘Elatus

478 2555 793 2622 inflatusque
832 2556 990 2607 tantis
1027 2558 1174 2606 velut
1196 2556 1546 2618 successibus,

476 2635 687 2697 negavit
722 2648 1010 2699 quenquam
1054 2633 1346 2697 principum
1385 2632 1544 2682 scisse

477 2712 603 2777 quid
624 2711 725 2763 sibi
747 2711 968 2762 liceret.'

538 2787 564 2821 ‘¹
599 2790 897 2854 Triumphale
915 2788 1078 2852 decus]
1144 2788 1298 2841 Quod
1331 2795 1540 2852 patrum

474 2869 713 2917 consulto
742 2867 1137 2930 decernebatur,
1158 2872 1218 2914 ut
1239 2872 1296 2915 et
1317 2864 1541 2929 insignia

475 2944 781 2993 consularia.
834 2944 979 2993 Talia
1014 2942 1372 3007 impetrabata
1388 2958 1538 2994 sena-

477 3026 534 3069 tu
557 3022 753 3082 Coesar,
777 3037 869 3069 seu
890 3022 1062 3084 potius
1085 3023 1135 3070 vi
1165 3023 1534 3086 extorquebat.

541 3096 841 3161 Triumphale
873 3098 1033 3162 decus]
1096 3098 1241 3147 Suet.
1284 3097 1415 3147 Ner.
1452 3104 1534 3150 15.

471 3173 489 3204 ‘
504 3174 856 3238 Triumphalia
868 3182 1186 3237 ornamenta,
1199 3176 1357 3225 etiam
1369 3192 1535 3242 quaes-

472 3253 618 3302 toriae
658 3253 947 3318 dignitatis,
985 3262 1041 3304 et
1078 3253 1335 3303 nonnullis
1375 3269 1441 3302 ex
1480 3271 1534 3305 e·

474 3331 674 3394 questri
696 3330 876 3381 ordine
898 3331 1110 3382 tribuit:
1139 3347 1238 3380 nec
1260 3334 1440 3397 utique
1464 3333 1531 3382 de

474 3420 634 3456 causa
664 3408 912 3458 militari!
978 3411 1099 3459 Non
1141 3410 1346 3473 reperio
1391 3410 1531 3473 apud

467 3482 723 3546 Tacitum,
765 3487 1026 3536 Neronem
1071 3485 1276 3535 dedisse
1316 3485 1536 3550 insignia

470 3564 720 3625 questoria
741 3578 761 3619 ,·
795 3564 859 3611 de
883 3564 1103 3613 Claudio
1125 3564 1315 3627 reperi.

536 3644 559 3669 Β
585 3638 808 3711 Petronio
835 3640 1110 3701 Turpiliano
1127 3641 1383 3703 emulari]
1418 3642 1531 3691 Ma-

470 3714 561 3764 lim
585 3715 886 3777 Thu-pilium:
924 3724 982 3765 ut
1006 3717 1075 3764 sit
1118 3718 1400 3767 consularis
1438 3719 1528 3766 ille

471 3791 750 3842 Petronius
769 3792 1119 3854 Turpilianus,
1147 3795 1236 3855 qui
1257 3809 1413 3857 supra
1435 3795 1527 3844 lib.

470 3869 709 3932 proximo
744 3883 858 3918 cum
895 3870 1130 3919 Caesonio
1177 3871 1326 3919 Paeto
1365 3873 1527 3935 gessit

473 3948 810 3996 consulatum.

530 4023 776 4088 Ineptum
831 4032 912 4074 est
965 4027 1102 4076 enim
1152 4027 1345 4091 dicere,
1387 4029 1526 4092 quod

468 4100 675 4162 quidam
697 4102 923 4165 scripsit,
943 4103 1108 4151 eidem
1131 4119 1332 4161 nomen,
1356 4106 1525 4155 Petro-

466 4174 545 4221 nio
569 4176 837 4239 Thu-filiano
863 4180 1116 4242 Tur-piano,
1152 4182 1296 4244 quasi
1332 4182 1526 4245 Tarpei·

465 4262 583 4296 ano.-
617 4254 1044 4319 temerariumque
1087 4263 1169 4305 est
1211 4257 1264 4305 in
1301 4257 1528 4322 Augusti

464 4324 789 4392 numismate,
830 4330 977 4395 cujus
1022 4332 1190 4382 altera
1239 4331 1398 4385 facies
1447 4335 1526 4385 in-

1625 2481 1817 2545 gelliuo
1841 2482 1985 2543 data,
2004 2481 2073 2533 ob
2105 2482 2405 2531 subversam
2428 2480 2709 2531 civitatem

1600 2551 1683 2608 ‘et
1718 2558 2139 2622 Rempublicam,
2156 2558 2223 2608 ob
2257 2555 2598 2622 profligatum
2627 2557 2709 2621 ip-

1626 2648 1739 2684 sum
1780 2635 2097 2698 principem!
2136 2634 2184 2685 O
2229 2634 2546 2696 triumphale
2583 2649 2708 2697 por·

1624 2713 1853 2762 tentum!
1908 2712 1958 2762 Ο
2001 2711 2337 2776 triumphum,
2376 2716 2499 2774 post
2547 2724 2703 2776 quem

1620 2803 1792 2852 nemo,
1808 2788 1899 2853 qui
1915 2794 2145 2852 saperet,
2163 2788 2359 2837 ambire
2377 2787 2705 2850 triumphum

1608 2866 1720 2930 jam
1741 2866 1880 2917 omni
1900 2866 2056 2915 modo
2079 2867 2335 2930 pollutum
2354 2865 2558 2914 debuit.

1680 2952 1708 2988 r
1738 2943 1896 3008 Super
1930 2942 2262 3006 triumphales]
2302 2941 2453 2991 Inter
2486 2942 2705 3005 insignia

1615 3020 1847 3084 triumphi
1890 3019 1993 3070 fuit
2030 3021 2193 3081 imago
2213 3019 2561 3082 triumphalis,
2579 3035 2702 3083 quae

1614 3097 1752 3147 baud
1771 3097 1930 3148 dubie
1952 3111 2017 3147 ex
2035 3111 2181 3146 more
2203 3096 2478 3146 iocabatur
2508 3096 2561 3145 in
2579 3094 2700 3146 foro

1614 3175 1902 3240 praecipne,
1921 3182 1981 3224 ut
1995 3176 2111 3225 loco
2134 3174 2277 3224 urbis
2300 3174 2465 3237 magis
2477 3173 2702 3236 celebri,

1615 3259 1673 3302 et
1709 3255 1912 3316 oculata,
1950 3259 2012 3302 ut
2051 3253 2128 3302 ait
2188 3252 2412 3301 Plinius.
2502 3251 2703 3315 Itaque

1612 3331 1922 3395 triumphales
1960 3331 2175 3380 istorum
2220 3328 2472 3392 imagines
2503 3328 2700 3377 locata

1614 3412 1666 3459 in
1686 3410 1823 3473 foro,
1845 3417 1902 3460 at
1923 3409 2039 3459 aliae
2062 3423 2164 3457 non
2189 3406 2491 3470 triumphali
2510 3405 2702 3454 habitu

1613 3484 1849 3551 effigies
1835 3485 1964 3549 ipsis
1982 3486 2169 3549 positae
2192 3482 2331 3547 apud
2355 3481 2629 3546 palatium.

1679 3563 1833 3615 Quod
1879 3569 2053 3612 tamen
2105 3561 2343 3610 maximae
2391 3560 2601 3623 gratiae,
2641 3566 2705 3610 et

1613 3641 1791 3706 gloriae
1813 3645 2176 3704 argumentum
2211 3636 2331 3685 fuit.
2398 3636 2611 3700 Nempe
2636 3644 2704 3687 ut

1608 3718 1828 3783 quisque
1871 3717 2095 3765 maxime
2140 3714 2488 3764 subvertisset
2535 3715 2701 3764 Rem-

1608 3796 1734 3859 pub.
1757 3796 1833 3844 ita
1846 3792 2081 3843 maximis
2092 3791 2378 3841 honoribus
2394 3791 2700 3854 augebatur

1609 3889 1639 3922 ⁸
1662 3875 2119 4013 ῗῖῗὲῑιῖιῖὶιαῑαιὶκτπ
2133 3963 2306 4011 quoque
2321 3946 2527 4012 effigies]
2561 3947 2696 3997 Sue.

1608 4035 1715 4076 ton.
1738 4041 1778 4076 1.
1820 4026 1885 4074 de
1924 4034 2072 4089 patre
2102 4025 2360 4074 Othonis:
2400 4026 2415 4052 ‘
2447 4025 2693 4088 Namque

1609 4112 1665 4155 et
1683 4114 1895 4154 senatus
1914 4106 2109 4154 honore
2127 4103 2411 4164 rarissimo,
2431 4108 2611 4151 statua
2636 4103 2694 4151 in

1610 4184 1805 4246 palatio
1845 4183 2038 4246 posita,
2060 4190 2373 4246 prosecutus
2404 4186 2490 4229 est
2523 4179 2692 4242 eum,'

1607 4262 2029 4421 &iconiam-ia]
2094 4335 2268 4401 Igitur
2327 4331 2691 4399 Nymphidius
2784 4370 2793 4376 -
