3063 4952
346 390 408 453 J.
432 390 493 445 c„
515 387 662 470 aar

1032 385 1445 449 summum
1494 388 1643 454 ms.
1689 390 1819 442 xv,

2389 373 2563 459 ‚1901

1342 600 1563 653 NOTAE

352 751 471 788 esse
495 734 608 787 sine
630 735 737 786 ulio
758 734 894 786 bono
916 749 1084 785 sensu.
1140 735 1247 786 Cur
1277 733 1416 784 enirn

350 810 567 863 infamia
583 812 723 863 Paeti
742 812 1051 876 angeretur?
1084 813 1294 861 aemulus
1313 810 1416 860 for-

352 895 413 940 te
438 890 567 939 alias
588 896 643 938 et
662 890 987 939 obtrectator
1007 889 1181 938 fuerat
1200 889 1380 937 Paetus
1400 907 1414 948 3

351 965 451 1015 'aed
470 988 476 994 ·
492 979 629 1014 nunc
672 966 839 1015 victus
880 964 1290 1030 debellatasque,
1321 978 1416 1014 cur

348 1046 590 1090 moveret
613 1040 891 1089 invidiam?
961 1064 962 1067 ¹

422 1116 581 1166 Certe
606 1116 683 1164 vir
705 1115 871 1178 fortis,
908 1115 1073 1181 qualis
1097 1115 1195 1166 fuit
1216 1117 1412 1167 Corbu-

350 1191 425 1252 lo,
442 1192 568 1242 talia
599 1192 830 1255 sprevit:
865 1207 1035 1259 neque
1057 1194 1174 1258 angi
1198 1208 1314 1244 eum
1338 1195 1412 1243 in-

352 1266 512 1317 famia
535 1264 688 1330 Paeti,
699 1283 864 1334 neque
889 1269 1027 1318 illam
1047 1285 1235 1334 augere
1257 1270 1411 1335 decue

349 1343 414 1393 it.
452 1345 642 1407 Neque
662 1344 803 1394 illam
825 1344 890 1395 de
905 1343 1057 1396 'facto
1078 1347 1241 1409 auxit,
1258 1347 1411 1397 immo

349 1419 497 1473 illam
510 1425 737 1486 operuit,
758 1428 917 1488 atque
940 1422 1236 1472 obliteravit
1255 1438 1413 1489 quan-

349 1503 464 1563 tum
487 1497 539 1546 iu
560 1497 674 1561 ipso
696 1495 815 1560 fnit,
849 1514 965 1555 cum
982 1499 1088 1549 filio
1111 1500 1225 1564 ejus
1247 1500 1411 1551 trihu-

349 1589 437 1640 no,
458 1579 474 1604 ‘
494 1575 684 1625 ducere
711 1576 1181 1643 manipulos‚atque
1204 1577 1410 1647 operire

350 1653 595 1718 reliquias
617 1653 766 1702 malae
787 1669 971 1718 pugnae
996 1654 1307 1719 imperavit!

416 1730 502 1782 Ne
531 1744 715 1795 nempe
736 1731 823 1780 illa
845 1730 1071 1782 infamiae
1094 1732 1233 1781 Paeti
1257 1731 1411 1784 vesti-

349 1807 437 1872 gia
476 1814 823 1871 remanerent,
857 1822 1005 1873 quam
1046 1808 1253 1873 quidem
1298 1808 1408 1873 ipse

350 1882 502 1941 filius,
509 1883 619 1947 jam
639 1884 799 1932 veluti
821 1884 986 1934 victor
1008 1900 1122 1935 cum
1146 1886 1409 1950 Romanis,

348 1961 558 2024 penitus
613 1960 813 2010 deleret
854 1961 1207 2027 aboleretque.
1272 1964 1406 2015 Tum

349 2037 487 2087 enim
509 2042 712 2086 mutata
732 2035 940 2088 fortuna
964 2038 1123 2101 Paeti,
1158 2039 1202 2088 si
1230 2054 1332 2089 non
1354 2039 1407 2089 iu

345 2118 519 2178 patre,
564 2120 794 2163 attamen
829 2115 880 2163 in
924 2113 1032 2165 filio
1069 2131 1185 2166 cum
1220 2118 1404 2167 Roma-

346 2189 448 2252 nis,
469 2188 559 2254 qui
581 2195 691 2239 tum
716 2191 963 2240 insultare
987 2192 1156 2255 potuit
1180 2192 1403 2242 vicissim

342 2267 601 2327 hostibus,
622 2266 947 2330 Parthosque
992 2267 1190 2329 ulcisci,
1212 2268 1403 2333 deleta,

345 2348 594 2409 quantum
634 2343 685 2391 in
730 2357 786 2392 se
838 2341 955 2407 fuit,
1005 2343 1280 2406 ignominia
1314 2360 1404 2410 pa-

336 2427 514 2474 terna.

410 2498 850 2549 Dissimilitudine
906 2499 1132 2551 fortunae
1189 2502 1401 2565 gloriam

342 2590 489 2626 suam
512 2589 701 2639 augere
728 2576 898 2639 potuit
921 2577 1169 2639 Corbulo,
1194 2593 1299 2636 ‚nec
1323 2586 1402 2628 ta-

340 2667 461 2719 men
486 2666 675 2716 augere
709 2652 1037 2716 ignominiam
1063 2654 1221 2717 Paeti,
1252 2669 1403 2720 quam

340 2735 527 2779 eontra
572 2729 778 2793 operire
812 2728 973 2792 jubet
1014 2744 1111 2793 per
1154 2745 1404 2781 summum

341 2806 502 2857 decus
521 2806 602 2855 vic
612 2812 712 2867 tor,
735 2805 1009 2871 obruitque
1030 2806 1160 2871 ipse,
1180 2809 1404 2872 compel-

343 2884 501 2934 lendo
520 2883 745 2934 Parthos
768 2883 946 2932 eodem
980 2884 1092 2933 loco
1129 2884 1194 2934 ad
1229 2901 1403 2950 aequas

341 2962 489 3027 pacis
511 2961 852 3023 conditiones,
874 2961 1304 3027 instaurandoque
1327 2978 1404 3012 ar·

339 3038 438 3090 mis
460 3036 720 3088 fortunam
743 3037 986 3101 partium.

407 3114 702 3164 Videbatur
745 3113 1011 3176 despicere
1032 3112 1219 3164 famam
1243 3115 1402 3180 Paeti,

341 3206 461 3243 cum
483 3191 641 3256 ipsius
664 3190 824 3240 filium
848 3191 899 3239 in
918 3192 1087 3241 locum
1106 3193 1399 3256 ignominias

340 3276 577 3338 paternas
603 3268 933 3332 produceret,
962 3268 1137 3333 sicque
1156 3272 1401 3334 evulgare

340 3352 399 3396 et
434 3345 696 3408 publicare
733 3344 800 3394 de
821 3359 954 3394 novo
976 3344 1238 3395 infamiam
1263 3348 1402 3397 Paeti

339 3420 636 3471 videbatur.
692 3419 921 3471 Aliunde
957 3425 1129 3469 tamen
1167 3422 1308 3471 clare
1326 3423 1399 3472 vi-

340 3498 565 3549 debatur
587 3498 728 3548 illam
751 3498 917 3547 labem
953 3512 1140 3560 angere
1163 3498 1399 3561 noluisse,

339 3590 461 3640 cum
498 3575 635 3639 ipsas
667 3574 908 3638 reliquias
947 3570 1172 3623 infelicis
1211 3587 1398 3639 pugnae

339 3651 591 3701 obrueret
612 3651 957 3714 sepeliretque
985 3664 1078 3714 per
1099 3646 1259 3699 filium
1282 3652 1399 3700 Pae-

341 3728 402 3791 ti,
415 3728 529 3793 jam
546 3727 696 3777 victis
716 3726 941 3776 vicissim
964 3726 1212 3789 hostibus,
1236 3736 1290 3777 et
1326 3729 1400 3778 in·

340 3809 577 3855 staurata
592 3817 685 3867 per
701 3817 947 3853 summam
965 3799 1176 3867 gloriam
1192 3802 1400 3854 fortuna

337 3881 593 3933 Romana.

408 3956 597 4021 Sicque
641 3955 856 4005 victoria
898 3954 1009 4019 ipsa
1044 3961 1101 4005 et
1153 3955 1401 4019 praesenti

338 4033 522 4099 gloria,
550 4033 770 4096 priorem
811 4032 1136 4096 ignominiam
1177 4033 1401 4099 abolere,

339 4127 445 4163 nou
477 4126 668 4176 augere
694 4111 978 4160 videbatur.
1041 4112 1171 4159 Tum
1207 4110 1400 4175 quippe

341 4196 542 4250 summa
563 4188 725 4253 gloria
746 4187 860 4249 fuit,
894 4202 1011 4237 cum
1035 4176 1278 4251 princeps
1301 4186 1399 4236 Ar-

340 4263 519 4316 saeida
535 4263 603 4315 ad
625 4278 794 4330 genua
805 4263 1023 4315 Caesaris
1038 4261 1400 4329 procumbere,

1498 747 1676 784 coram
1698 733 2012 786 exercitibus
2052 733 2222 801 palam
2244 737 2556 805 conspectus

1496 816 1596 861 est.

1561 887 1774 948 Infamia
1798 889 1950 954 Pati]
1983 888 2064 939 An
2095 904 2159 937 ex
2184 904 2266 948 eo,
2291 890 2426 954 quod
2446 889 2556 940 filio

1492 964 1608 1027 ejus
1651 965 1854 1028 operire
1892 965 2130 1030 reliquias
2174 968 2322 1015 malae
2367 972 2555 1031 pugna}

1493 1039 1770 1104 imperavit
1806 1040 2050 1103 Corbulo,
2098 1041 2228 1090 bene
2275 1039 2554 1105 colligitur,

1493 1117 1633 1180 quod
1676 1118 1788 1181 ejus
1844 1116 2051 1166 infamia
2111 1131 2212 1165 non
2254 1116 2558 1178 angebatur?

1491 1193 1658 1245 Immo
1683 1196 1851 1259 patuit
1874 1195 2007 1258 hinc,
2030 1209 2130 1243 non
2154 1196 2331 1258 augeri
2356 1194 2556 1258 infami-

1493 1287 1574 1320 am
1594 1272 1706 1335 ejus
1731 1288 1759 1321 a
1784 1271 2096 1333 Corbulone,
2129 1286 2247 1321 cum
2280 1273 2414 1321 illius
2443 1274 2555 1337 jus-

1492 1362 1574 1408 su,
1597 1347 1733 1397 filius
1776 1348 1932 1411 ipsius
1967 1348 2125 1397 veluti
2167 1349 2350 1412 victor,
2374 1349 2550 1401 tristes

1492 1429 1642 1472 notas
1685 1432 1911 1487 paternae
1954 1424 2246 1487 ignominia
2303 1425 2553 1492 operiret.

1492 1497 1717 1563 Operire
1731 1500 1888 1560 jubet
1905 1499 2144 1564 reliquias
2163 1507 2395 1564 paternae
2413 1501 2554 1564 igno-2

1490 1575 1820 1640 miniae,ergo
1860 1575 1975 1640 ejus
2016 1575 2227 1641 infamia
2260 1591 2364 1625 nou
2399 1592 2553 1641 ange·

1490 1650 1658 1701 batur.
1745 1654 1878 1705 Quae
1935 1652 2339 1718 consequentia?
2406 1661 2557 1723 puto,

1490 1730 1649 1779 nulla.

1556 1800 1720 1869 Neque
1741 1803 1941 1866 infamia
1961 1807 2088 1856 Paetz·
2103 1806 2386 1872 ungebatur]
2408 1807 2548 1867 Vera

1490 1888 1546 1932 et
1588 1885 1761 1948 prisca
1802 1884 1978 1946 lectio,
2013 1886 2289 1949 augebatur,
2312 1891 2367 1936 et
2401 1886 2548 1951 quasi

1488 1961 1611 2010 lusit
1655 1962 1707 2010 in
1749 1961 1826 2011 his
1862 1962 2036 2012 verbis
2066 1963 2297 2029 Tacitus,
2331 1968 2549 2026 augeret,

1486 2039 1771 2100 ungebatur.
1837 2037 2072 2090 Attende
2115 2040 2260 2103 ipse:
2301 2040 2368 2090 Ut
2406 2040 2545 2089 dissi·

1483 2116 1702 2165 mititudo
1718 2115 1934 2176 sortunoe
1949 2116 2156 2178 gloriam
2178 2120 2391 2178 augeret.
2437 2108 2547 2185 *Ne-

1483 2209 1569 2257 que
1585 2198 1742 2244 tamen
1761 2192 1961 2253 infamia
1985 2193 2114 2241 Paeti
2134 2194 2411 2255 augebatur.
2472 2194 2547 2243 Et

1484 2269 1616 2319 ratio
1640 2268 1932 2334 manifesta,
1956 2284 2108 2334 quam
2133 2268 2284 2320 affert
2309 2269 2421 2333 ipse
2442 2269 2544 2319 Ta-

1484 2345 1640 2396 cituS.

1548 2420 1669 2470 Non
1693 2421 1870 2486 augeri
1888 2419 2152 2471 infamiam
2174 2418 2332 2484 Paeti,
2347 2435 2398 2469 eo
2414 2406 2546 2473 max,

1480 2494 1574 2548 ime
1591 2498 1772 2561 patuit,
1795 2497 1905 2564 quia
1924 2497 2037 2563 filio
2073 2496 2171 2556 qius
2207 2497 2372 2546 ducere
2394 2499 2545 2547 monz·-

1481 2575 1630 2637 pulos,
1650 2580 1787 2637 atque
1824 2576 2026 2638 operire,
2046 2589 2138 2624 seu
2171 2574 2413 2638 sepelire,
2431 2575 2544 2644 relif

1483 2653 1619 2715 quius
1659 2653 1797 2701 mulce
1829 2667 2023 2716 pugnae,
2066 2654 2294 2714 paternae
2340 2665 2546 2714 nempe,

1481 2730 1764 2795 imperavitg
1789 2730 1912 2796 quia
1932 2729 2042 2780 scil.
2068 2728 2353 2790 Vologeses
2380 2742 2544 2794 nuper

1485 2821 1627 2855 arma
1662 2813 1717 2856 et
1751 2821 1973 2870 corpora
2011 2820 2146 2855 caesa
2169 2804 2395 2863 ostentui
2433 2819 2547 2858 nos·

1486 2888 1583 2950 trae
1607 2884 1771 2934 cladis
1795 2889 2145 2947 congesserat,
2163 2898 2267 2931 uon
2290 2888 2462 2934 tamen
2480 2897 2544 2948 ea

1481 2968 1759 3023 cremarat,
1781 2967 1872 3011 aut
1894 2960 2197 3024 sepelierat.

1547 3037 1739 3087 Gloriae
1784 3037 1975 3104 quippe
2021 3042 2078 3087 et
2129 3036 2384 3101 superbiae
2433 3051 2542 3088 suae

1482 3117 1680 3164 tautum
1704 3113 1858 3177 forte,
1874 3129 1980 3163 non
2002 3113 2308 3163 humanitati
2329 3114 2441 3163 Rex
2466 3128 2546 3163 re·

1482 3206 1603 3256 gum
1643 3191 1963 3241 consulebat.
2033 3191 2209 3239 Caesos
2252 3191 2423 3239 hostes
2457 3190 2546 3239 de-

1480 3266 1759 3331 spiciebat,
1781 3268 1957 3332 sicque
1977 3266 2165 3314 ovabat
2189 3280 2280 3313 suo
2306 3266 2476 3314 modo.

1548 3342 1715 3405 Neque
1734 3340 1935 3402 infamia
1960 3342 2087 3390 Poeti
2109 3340 2394 3403 augebatur]
2419 3342 2544 3390 Cer·

1480 3425 1536 3468 te
1559 3416 1696 3467 Anu.
1721 3418 1755 3469 1.
1779 3432 1820 3468 1.
1853 3419 1869 3445 ‘
1891 3417 2092 3466 Bellica
2109 3431 2310 3482 quoque
2325 3416 2543 3466 Germa-

1480 3496 1585 3547 nici
1608 3495 1772 3559 gloria
1795 3492 2114 3559 angebatur?
2146 3492 2384 3542 Tiberius
2404 3507 2544 3542 nem·

1481 3586 1562 3637 pe.
1611 3570 1861 3621 Attamen
1885 3570 1980 3619 hoc
2004 3569 2117 3618 loco
2142 3568 2310 3631 potius
2335 3569 2436 3633 leg.
2459 3583 2544 3617 uu·

1474 3648 1716 3711 gebatur5
1749 3649 1793 3695 si
1835 3646 1963 3695 bene
1988 3645 2213 3694 attendis
2254 3644 2321 3694 ad
2353 3645 2542 3696 seriem

1479 3733 1536 3775 et
1575 3740 1776 3774 sensum
1817 3723 2065 3773 orationis
2095 3721 2295 3771 Taciti:
2332 3723 2348 3750 ‘
2374 3722 2544 3772 Locus

1477 3804 1533 3852 in
1579 3816 1680 3867 quo
1718 3816 1880 3863 nuper
1926 3800 2169 3859 obsessae,
2207 3802 2305 3855 ἃς.
2354 3813 2472 3848 cum
2510 3814 2543 3849 a

1478 3878 1720 3928 Barbaris
1753 3879 1984 3927 delectus
2020 3883 2178 3937 esset,
2214 3875 2279 3924 ob
2304 3875 2541 3926 memori-

1480 3970 1563 4003 am
1587 3954 1796 4003 laetioris
1821 3953 1920 4001 sibi
1942 3953 2036 4012 rei,
2066 3966 2165 3999 non
2191 3958 2270 3999 est
2292 3965 2323 3999 a
2345 3950 2543 4001 Corbu-

1480 4034 1599 4081 lone
1624 4032 1831 4089 vitatus,
1858 4037 1915 4081 ut
1936 4026 2293 4076 dissimilitudo
2317 4025 2540 4076 fortunae

1480 4108 1695 4173 gloriam
1751 4111 1987 4169 augeret.
2090 4103 2275 4167 Neque
2329 4100 2541 4152 infamia

1478 4183 1620 4234 Paeti
1643 4179 1963 4245 augebatur.'

1548 4260 1710 4314 Quasi
1740 4259 1940 4310 diceret
1955 4254 2183 4323 Tacitus,
2203 4254 2428 4307 Corbulo
2465 4249 2540 4305 lo·'
