<?xml version="1.0" encoding="UTF-8"?>
<!DOCTYPE html PUBLIC "-//W3C//DTD XHTML 1.0 Transitional//EN"
    "http://www.w3.org/TR/xhtml1/DTD/xhtml1-transitional.dtd">
<html xmlns="http://www.w3.org/1999/xhtml" xml:lang="en" lang="en">
 <head>
  <title>
</title>
<meta http-equiv="Content-Type" content="text/html;charset=utf-8" />
  <meta name='ocr-system' content='tesseract 3.04.00' />
  <meta name='ocr-capabilities' content='ocr_page ocr_carea ocr_par ocr_line ocrx_word'/>
</head>
<body>
  <div class='ocr_page' id='page_1' title='image "./operaomniavolum00tacigoog_0564.png"; bbox 0 0 3063 4952; ppageno 0'>
   <div class='ocr_carea' id='block_1_1' title="bbox 481 373 657 451">
    <p class='ocr_par' dir='ltr' id='par_1_1' title="bbox 481 373 657 451">
     <span class='ocr_line' id='line_1_1' title="bbox 481 373 657 451; baseline -0.057 0"><span class='ocrx_word' id='word_1_1' title='bbox 481 373 657 451; x_wconf 55' lang='lat'><strong>1922</strong></span> 
     </span>
    </p>
   </div>
   <div class='ocr_carea' id='block_1_2' title="bbox 483 529 2742 1033">
    <p class='ocr_par' dir='ltr' id='par_1_2' title="bbox 483 529 2742 1033">
     <span class='ocr_line' id='line_1_2' title="bbox 483 529 2742 614; baseline -0.001 -17"><span class='ocrx_word' id='word_1_2' title='bbox 483 552 642 603; x_wconf 88' lang='lat' dir='ltr'><strong>num</strong></span> <span class='ocrx_word' id='word_1_3' title='bbox 691 530 1279 614; x_wconf 80' lang='lat' dir='ltr'><strong>componebantur.</strong></span> <span class='ocrx_word' id='word_1_4' title='bbox 1372 529 1723 595; x_wconf 82' lang='lat' dir='ltr'><strong>Volucres·</strong></span> <span class='ocrx_word' id='word_1_5' title='bbox 1749 536 1815 595; x_wconf 89' lang='lat' dir='ltr'><strong>et</strong></span> <span class='ocrx_word' id='word_1_6' title='bbox 1842 531 2051 595; x_wconf 69' lang='lat' dir='ltr'><strong>feras!²</strong></span> <span class='ocrx_word' id='word_1_7' title='bbox 2099 530 2388 597; x_wconf 78' lang='lat' dir='ltr'><strong>diversis</strong></span> <span class='ocrx_word' id='word_1_8' title='bbox 2419 550 2459 597; x_wconf 89' lang='lat' dir='ltr'><strong>e</strong></span> <span class='ocrx_word' id='word_1_9' title='bbox 2488 532 2699 610; x_wconf 72' lang='lat' dir='ltr'><strong>terriS,</strong></span> <span class='ocrx_word' id='word_1_10' title='bbox 2738 566 2742 568; x_wconf 28' lang='lat' dir='ltr'>v</span> 
     </span>
     <span class='ocr_line' id='line_1_3' title="bbox 485 620 2700 718; baseline 0 -19"><span class='ocrx_word' id='word_1_11' title='bbox 485 642 553 702; x_wconf 94' lang='lat' dir='ltr'><strong>et</strong></span> <span class='ocrx_word' id='word_1_12' title='bbox 588 635 932 701; x_wconf 63' lang='lat' dir='ltr'><strong>animaliaq</strong></span> <span class='ocrx_word' id='word_1_13' title='bbox 965 635 1191 697; x_wconf 86' lang='lat' dir='ltr'><strong>maris⁷</strong></span> <span class='ocrx_word' id='word_1_14' title='bbox 1226 632 1505 697; x_wconf 81' lang='lat' dir='ltr'>Oceano</span> <span class='ocrx_word' id='word_1_15' title='bbox 1540 635 1845 718; x_wconf 84' lang='lat' dir='ltr'><strong>abusque</strong></span> <span class='ocrx_word' id='word_1_16' title='bbox 1883 620 2234 718; x_wconf 83' lang='lat' dir='ltr'><strong>petiverat.</strong></span> <span class='ocrx_word' id='word_1_17' title='bbox 2323 633 2700 718; x_wconf 51' lang='lat' dir='ltr'><strong>Crepidiniss</strong></span> 
     </span>
     <span class='ocr_line' id='line_1_4' title="bbox 485 736 2712 822; baseline -0 -20"><span class='ocrx_word' id='word_1_18' title='bbox 485 739 639 803; x_wconf 76' lang='lat' dir='ltr'><strong>bus‘</strong></span> <span class='ocrx_word' id='word_1_19' title='bbox 672 738 887 816; x_wconf 82' lang='lat' dir='ltr'>stagni</span> <span class='ocrx_word' id='word_1_20' title='bbox 919 737 1276 821; x_wconf 86' lang='lat' dir='ltr'><strong>lupanaria</strong></span> <span class='ocrx_word' id='word_1_21' title='bbox 1321 738 1654 813; x_wconf 80' lang='lat' dir='ltr'><strong>astabant,</strong></span> <span class='ocrx_word' id='word_1_22' title='bbox 1685 737 2051 800; x_wconf 84' lang='lat' dir='ltr'><strong>illustribus</strong></span> <span class='ocrx_word' id='word_1_23' title='bbox 2079 736 2375 801; x_wconf 85' lang='lat' dir='ltr'><strong>foeminis</strong></span> <span class='ocrx_word' id='word_1_24' title='bbox 2408 738 2712 822; x_wconf 81' lang='lat' dir='ltr'><strong>comple-‘</strong></span> 
     </span>
     <span class='ocr_line' id='line_1_5' title="bbox 484 840 2701 923; baseline -0.001 -17"><span class='ocrx_word' id='word_1_25' title='bbox 484 846 555 906; x_wconf 88' lang='lat' dir='ltr'><strong>ta</strong></span> <span class='ocrx_word' id='word_1_26' title='bbox 575 840 619 902; x_wconf 82' lang='lat'><strong>:⁸</strong></span> <span class='ocrx_word' id='word_1_27' title='bbox 667 848 901 904; x_wconf 87' lang='lat' dir='ltr'><strong>contra</strong></span> <span class='ocrx_word' id='word_1_28' title='bbox 932 846 1153 903; x_wconf 87' lang='lat' dir='ltr'><strong>scorta</strong></span> <span class='ocrx_word' id='word_1_29' title='bbox 1173 840 1587 918; x_wconf 84' lang='lat' dir='ltr'><strong>visebantur,</strong></span> <span class='ocrx_word' id='word_1_30' title='bbox 1609 840 1807 903; x_wconf 87' lang='lat' dir='ltr'><strong>nudis</strong></span> <span class='ocrx_word' id='word_1_31' title='bbox 1837 840 2277 923; x_wconf 73' lang='lat' dir='ltr'><strong>corporibus.s</strong></span> <span class='ocrx_word' id='word_1_32' title='bbox 2359 841 2407 904; x_wconf 83' lang='lat' dir='ltr'>J</span> <span class='ocrx_word' id='word_1_33' title='bbox 2413 861 2521 904; x_wconf 89' lang='lat' dir='ltr'><strong>am</strong></span> <span class='ocrx_word' id='word_1_34' title='bbox 2554 856 2701 922; x_wconf 82' lang='lat' dir='ltr'><strong>ges·</strong></span> 
     </span>
     <span class='ocr_line' id='line_1_6' title="bbox 485 942 2703 1033; baseline 0 -27"><span class='ocrx_word' id='word_1_35' title='bbox 485 949 594 1008; x_wconf 85' lang='lat' dir='ltr'><strong>tus</strong></span> <span class='ocrx_word' id='word_1_36' title='bbox 623 950 980 1025; x_wconf 84' lang='lat' dir='ltr'><strong>motusque</strong></span> <span class='ocrx_word' id='word_1_37' title='bbox 1007 942 1275 1005; x_wconf 84' lang='lat' dir='ltr'><strong>obsceni</strong></span> <span class='ocrx_word' id='word_1_38' title='bbox 1306 961 1319 1000; x_wconf 90' lang='lat'>:</span> <span class='ocrx_word' id='word_1_39' title='bbox 1387 948 1480 1019; x_wconf 89' lang='lat' dir='ltr'><strong>et,</strong></span> <span class='ocrx_word' id='word_1_40' title='bbox 1536 946 1896 1025; x_wconf 82' lang='lat' dir='ltr'><strong>postquam</strong></span> <span class='ocrx_word' id='word_1_41' title='bbox 1937 943 2224 1006; x_wconf 79' lang='lat' dir='ltr'><strong>tenebrae</strong></span> <span class='ocrx_word' id='word_1_42' title='bbox 2255 942 2703 1033; x_wconf 47' lang='lat' dir='ltr'><strong>incedebant?</strong></span> 
     </span>
    </p>
   </div>
   <div class='ocr_carea' id='block_1_3' title="bbox 1194 366 2691 452">
    <p class='ocr_par' dir='ltr' id='par_1_3' title="bbox 1194 366 2691 452">
     <span class='ocr_line' id='line_1_7' title="bbox 1194 366 2691 452; baseline 0.003 -18"><span class='ocrx_word' id='word_1_43' title='bbox 1194 386 1259 434; x_wconf 82' lang='lat' dir='ltr'><strong>c.</strong></span> <span class='ocrx_word' id='word_1_44' title='bbox 1307 383 1671 434; x_wconf 67' lang='lat' dir='ltr'><strong>consumi</strong></span> <span class='ocrx_word' id='word_1_45' title='bbox 1719 382 1975 432; x_wconf 67' lang='lat' dir='ltr'><strong>&#39;norm</strong></span> <span class='ocrx_word' id='word_1_46' title='bbox 2374 366 2691 452; x_wconf 46' lang='lat' dir='ltr'><strong>[sams.</strong></span> 
     </span>
    </p>
   </div>
   <div class='ocr_carea' id='block_1_4' title="bbox 482 1102 2704 1370">
    <p class='ocr_par' dir='ltr' id='par_1_4' title="bbox 482 1102 2704 1370">
     <span class='ocr_line' id='line_1_8' title="bbox 483 1102 2702 1173; baseline 0 -17"><span class='ocrx_word' id='word_1_47' title='bbox 483 1107 807 1157; x_wconf 75' lang='lat' dir='ltr'><strong>Accersiverat</strong></span> <span class='ocrx_word' id='word_1_48' title='bbox 829 1119 953 1166; x_wconf 77' lang='lat' dir='ltr'><strong>aves,</strong></span> <span class='ocrx_word' id='word_1_49' title='bbox 957 1107 1183 1171; x_wconf 76' lang='lat' dir='ltr'><strong>ferasque</strong></span> <span class='ocrx_word' id='word_1_50' title='bbox 1203 1118 1229 1157; x_wconf 84' lang='lat' dir='ltr'><strong>e</strong></span> <span class='ocrx_word' id='word_1_51' title='bbox 1249 1102 1521 1172; x_wconf 69' lang='lat' dir='ltr'><strong>longinquis·</strong></span> <span class='ocrx_word' id='word_1_52' title='bbox 1541 1106 1831 1172; x_wconf 78' lang='lat' dir='ltr'><strong>reg-ionibus,</strong></span> <span class='ocrx_word' id='word_1_53' title='bbox 1853 1112 1899 1159; x_wconf 75' lang='lat' dir='ltr'><strong>et</strong></span> <span class='ocrx_word' id='word_1_54' title='bbox 1918 1109 2090 1160; x_wconf 81' lang='lat' dir='ltr'><strong>belluas</strong></span> <span class='ocrx_word' id='word_1_55' title='bbox 2112 1108 2257 1159; x_wconf 79' lang='lat' dir='ltr'><strong>maris</strong></span> <span class='ocrx_word' id='word_1_56' title='bbox 2277 1124 2417 1173; x_wconf 77' lang='lat' dir='ltr'><strong>usque</strong></span> <span class='ocrx_word' id='word_1_57' title='bbox 2433 1108 2494 1157; x_wconf 81' lang='lat' dir='ltr'><strong>ab</strong></span> <span class='ocrx_word' id='word_1_58' title='bbox 2519 1109 2702 1171; x_wconf 66' lang='lat' dir='ltr'><strong>Oceano</strong></span> 
     </span>
     <span class='ocr_line' id='line_1_9' title="bbox 485 1169 2704 1239; baseline -0 -17"><span class='ocrx_word' id='word_1_59' title='bbox 485 1174 793 1237; x_wconf 64' lang='lat' dir='ltr'><strong>quaesiverat</strong></span> <span class='ocrx_word' id='word_1_60' title='bbox 814 1191 826 1223; x_wconf 92' lang='lat'><strong>:</strong></span> <span class='ocrx_word' id='word_1_61' title='bbox 869 1169 1137 1232; x_wconf 71' lang='lat' dir='ltr'><strong>fornicibus</strong></span> <span class='ocrx_word' id='word_1_62' title='bbox 1156 1175 1283 1222; x_wconf 77' lang='lat' dir='ltr'><strong>lacus</strong></span> <span class='ocrx_word' id='word_1_63' title='bbox 1305 1180 1517 1224; x_wconf 67' lang='lat' dir='ltr'><strong>astructa</strong></span> <span class='ocrx_word' id='word_1_64' title='bbox 1539 1181 1675 1224; x_wconf 79' lang='lat' dir='ltr'><strong>erant</strong></span> <span class='ocrx_word' id='word_1_65' title='bbox 1694 1170 1974 1239; x_wconf 77' lang='lat' dir='ltr'><strong>prostibula,</strong></span> <span class='ocrx_word' id='word_1_66' title='bbox 1994 1175 2262 1237; x_wconf 73' lang='lat' dir='ltr'><strong>insignibus</strong></span> <span class='ocrx_word' id='word_1_67' title='bbox 2264 1172 2485 1235; x_wconf 82' lang='lat' dir='ltr'><strong>soeminis</strong></span> <span class='ocrx_word' id='word_1_68' title='bbox 2504 1170 2704 1235; x_wconf 74' lang='lat' dir='ltr'><strong>referta,</strong></span> 
     </span>
     <span class='ocr_line' id='line_1_10' title="bbox 483 1238 2704 1306; baseline -0 -18"><span class='ocrx_word' id='word_1_69' title='bbox 483 1244 532 1288; x_wconf 81' lang='lat' dir='ltr'><strong>et</strong></span> <span class='ocrx_word' id='word_1_70' title='bbox 555 1253 581 1287; x_wconf 86' lang='lat' dir='ltr'><strong>e</strong></span> <span class='ocrx_word' id='word_1_71' title='bbox 617 1239 809 1301; x_wconf 78' lang='lat' dir='ltr'><strong>regione</strong></span> <span class='ocrx_word' id='word_1_72' title='bbox 845 1239 1110 1287; x_wconf 77' lang='lat' dir='ltr'><strong>meretrices</strong></span> <span class='ocrx_word' id='word_1_73' title='bbox 1143 1238 1490 1302; x_wconf 51' lang='lat' dir='ltr'><strong>afficiebantur</strong></span> <span class='ocrx_word' id='word_1_74' title='bbox 1528 1241 1719 1290; x_wconf 77' lang='lat' dir='ltr'><strong>intectis</strong></span> <span class='ocrx_word' id='word_1_75' title='bbox 1749 1242 2032 1306; x_wconf 72' lang='lat' dir='ltr'><strong>corporibus.</strong></span> <span class='ocrx_word' id='word_1_76' title='bbox 2097 1242 2213 1289; x_wconf 80' lang='lat' dir='ltr'><strong>Jam</strong></span> <span class='ocrx_word' id='word_1_77' title='bbox 2244 1246 2429 1302; x_wconf 77' lang='lat' dir='ltr'><strong>gestus,</strong></span> <span class='ocrx_word' id='word_1_78' title='bbox 2460 1244 2704 1302; x_wconf 69' lang='lat' dir='ltr'><strong>motusque</strong></span> 
     </span>
     <span class='ocr_line' id='line_1_11' title="bbox 482 1304 2704 1370; baseline 0 -18"><span class='ocrx_word' id='word_1_79' title='bbox 482 1310 643 1367; x_wconf 74' lang='lat' dir='ltr'><strong>turpes</strong></span> <span class='ocrx_word' id='word_1_80' title='bbox 651 1319 672 1362; x_wconf 89' lang='lat'><em>;</em></span> <span class='ocrx_word' id='word_1_81' title='bbox 694 1308 741 1353; x_wconf 80' lang='lat' dir='ltr'><strong>et</strong></span> <span class='ocrx_word' id='word_1_82' title='bbox 758 1308 1003 1366; x_wconf 73' lang='lat' dir='ltr'><strong>postquam</strong></span> <span class='ocrx_word' id='word_1_83' title='bbox 1024 1319 1119 1353; x_wconf 78' lang='lat' dir='ltr'><strong>nox</strong></span> <span class='ocrx_word' id='word_1_84' title='bbox 1137 1304 1401 1368; x_wconf 79' lang='lat' dir='ltr'><strong>appetebat,</strong></span> <span class='ocrx_word' id='word_1_85' title='bbox 1424 1309 1652 1368; x_wconf 74' lang='lat' dir='ltr'><strong>quantum</strong></span> <span class='ocrx_word' id='word_1_86' title='bbox 1669 1313 1841 1354; x_wconf 88' lang='lat' dir='ltr'><strong>astans</strong></span> <span class='ocrx_word' id='word_1_87' title='bbox 1860 1321 2003 1370; x_wconf 79' lang='lat' dir='ltr'><strong>prope</strong></span> <span class='ocrx_word' id='word_1_88' title='bbox 2026 1308 2158 1355; x_wconf 77' lang='lat' dir='ltr'><strong>lucus</strong></span> <span class='ocrx_word' id='word_1_89' title='bbox 2181 1306 2414 1370; x_wconf 86' lang='lat' dir='ltr'><strong>patebat,</strong></span> <span class='ocrx_word' id='word_1_90' title='bbox 2435 1310 2485 1354; x_wconf 73' lang='lat' dir='ltr'><strong>et</strong></span> <span class='ocrx_word' id='word_1_91' title='bbox 2506 1304 2704 1354; x_wconf 78' lang='lat' dir='ltr'><strong>circum-</strong></span> 
     </span>
    </p>
   </div>
   <div class='ocr_carea' id='block_1_5' title="bbox 1427 1451 1776 1471">
    <p class='ocr_par' dir='ltr' id='par_1_5' title="bbox 1427 1451 1776 1471">
     <span class='ocr_line' id='line_1_12' title="bbox 1427 1451 1776 1471; baseline -0.003 0"><span class='ocrx_word' id='word_1_92' title='bbox 1427 1451 1510 1471; x_wconf 66' lang='lat'><strong>000</strong></span> <span class='ocrx_word' id='word_1_93' title='bbox 1516 1451 1776 1471; x_wconf 64' lang='lat' dir='ltr'><strong>‘OO‘OO‘UO</strong></span> 
     </span>
    </p>
   </div>
   <div class='ocr_carea' id='block_1_6' title="bbox 433 1541 2706 1875">
    <p class='ocr_par' dir='ltr' id='par_1_6' title="bbox 433 1541 2706 1875">
     <span class='ocr_line' id='line_1_13' title="bbox 483 1541 2702 1613; baseline -0 -16"><span class='ocrx_word' id='word_1_94' title='bbox 483 1546 686 1597; x_wconf 72' lang='lat' dir='ltr'><strong>aliarum</strong></span> <span class='ocrx_word' id='word_1_95' title='bbox 706 1549 979 1600; x_wconf 49' lang='lat' dir='ltr'><strong>tracta—7</strong></span> <span class='ocrx_word' id='word_1_96' title='bbox 1016 1549 1263 1599; x_wconf 73' lang='lat' dir='ltr'><strong>Heinsius</strong></span> <span class='ocrx_word' id='word_1_97' title='bbox 1284 1550 1478 1613; x_wconf 87' lang='lat' dir='ltr'><strong>mallet,</strong></span> <span class='ocrx_word' id='word_1_98' title='bbox 1515 1550 1640 1600; x_wconf 82' lang='lat' dir='ltr'><strong>mari</strong></span> <span class='ocrx_word' id='word_1_99' title='bbox 1687 1551 1893 1611; x_wconf 77' lang='lat' dir='ltr'><strong>Oceano,</strong></span> <span class='ocrx_word' id='word_1_100' title='bbox 1917 1541 2145 1598; x_wconf 63' lang='lat' dir='ltr'><strong>&#39;Ernesto</strong></span> <span class='ocrx_word' id='word_1_101' title='bbox 2184 1542 2518 1610; x_wconf 74' lang='lat' dir='ltr'><strong>suffragante.</strong></span> <span class='ocrx_word' id='word_1_102' title='bbox 2585 1546 2702 1596; x_wconf 86' lang='lat' dir='ltr'><strong>Nec</strong></span> 
     </span>
     <span class='ocr_line' id='line_1_14' title="bbox 433 1612 2703 1678; baseline -0.001 -15"><span class='ocrx_word' id='word_1_103' title='bbox 433 1645 439 1651; x_wconf 88' lang='lat'>-</span> <span class='ocrx_word' id='word_1_104' title='bbox 484 1612 749 1676; x_wconf 86' lang='lat' dir='ltr'><strong>displicet.</strong></span> <span class='ocrx_word' id='word_1_105' title='bbox 801 1616 888 1666; x_wconf 88' lang='lat' dir='ltr'><strong>Sic</strong></span> <span class='ocrx_word' id='word_1_106' title='bbox 913 1615 1100 1666; x_wconf 89' lang='lat' dir='ltr'><strong>Annal.</strong></span> <span class='ocrx_word' id='word_1_107' title='bbox 1127 1630 1164 1664; x_wconf 86' lang='grc' dir='ltr'><strong>ι.</strong></span> <span class='ocrx_word' id='word_1_108' title='bbox 1188 1619 1238 1665; x_wconf 88' lang='grc'><strong>9.</strong></span> <span class='ocrx_word' id='word_1_109' title='bbox 1305 1620 1320 1643; x_wconf 80' lang='lat'>⁸</span> <span class='ocrx_word' id='word_1_110' title='bbox 1348 1616 1483 1665; x_wconf 86' lang='lat' dir='ltr'><strong>Mari</strong></span> <span class='ocrx_word' id='word_1_111' title='bbox 1508 1616 1744 1678; x_wconf 77' lang='lat' dir='ltr'>Oceano,</span> <span class='ocrx_word' id='word_1_112' title='bbox 1776 1623 1866 1664; x_wconf 90' lang='lat' dir='ltr'><strong>aut</strong></span> <span class='ocrx_word' id='word_1_113' title='bbox 1890 1614 2124 1664; x_wconf 82' lang='lat' dir='ltr'><strong>amnibus</strong></span> <span class='ocrx_word' id='word_1_114' title='bbox 2150 1613 2472 1678; x_wconf 82' lang='lat' dir='ltr'><strong>longinquis,</strong></span> <span class='ocrx_word' id='word_1_115' title='bbox 2496 1617 2703 1675; x_wconf 81' lang='lat' dir='ltr'><strong>septum</strong></span> 
     </span>
     <span class='ocr_line' id='line_1_15' title="bbox 481 1676 2703 1745; baseline 0 -20"><span class='ocrx_word' id='word_1_116' title='bbox 481 1678 793 1739; x_wconf 60' lang='lat' dir='ltr'><strong>imperium?</strong></span> <span class='ocrx_word' id='word_1_117' title='bbox 859 1676 992 1730; x_wconf 81' lang='lat' dir='ltr'><strong>Haec</strong></span> <span class='ocrx_word' id='word_1_118' title='bbox 1016 1691 1191 1730; x_wconf 88' lang='lat' dir='ltr'><strong>autem</strong></span> <span class='ocrx_word' id='word_1_119' title='bbox 1214 1680 1457 1730; x_wconf 88' lang='lat' dir='ltr'><strong>animalia</strong></span> <span class='ocrx_word' id='word_1_120' title='bbox 1480 1681 1759 1745; x_wconf 83' lang='lat' dir='ltr'><strong>petiverat,</strong></span> <span class='ocrx_word' id='word_1_121' title='bbox 1781 1688 1840 1730; x_wconf 89' lang='lat' dir='ltr'><strong>nt</strong></span> <span class='ocrx_word' id='word_1_122' title='bbox 1858 1687 2042 1743; x_wconf 81' lang='lat' dir='ltr'><strong>stagno</strong></span> <span class='ocrx_word' id='word_1_123' title='bbox 2064 1680 2379 1735; x_wconf 80' lang='lat' dir='ltr'><strong>innatarent.</strong></span> <span class='ocrx_word' id='word_1_124' title='bbox 2414 1678 2703 1726; x_wconf 66' lang='lat' dir='ltr'><strong>Erotio-.—</strong></span> 
     </span>
     <span class='ocr_line' id='line_1_16' title="bbox 485 1743 2705 1811; baseline 0 -20"><span class='ocrx_word' id='word_1_125' title='bbox 485 1746 517 1790; x_wconf 84' lang='lat'>8</span> <span class='ocrx_word' id='word_1_126' title='bbox 541 1743 609 1792; x_wconf 84' lang='grc' dir='ltr'>Ει</span> <span class='ocrx_word' id='word_1_127' title='bbox 627 1744 789 1794; x_wconf 79' lang='lat' dir='ltr'><strong>contra</strong></span> <span class='ocrx_word' id='word_1_128' title='bbox 802 1744 1027 1794; x_wconf 88' lang='lat' dir='ltr'><strong>Brotier.</strong></span> <span class='ocrx_word' id='word_1_129' title='bbox 1047 1760 1329 1811; x_wconf 90' lang='lat' dir='ltr'><strong>omnesque</strong></span> <span class='ocrx_word' id='word_1_130' title='bbox 1346 1747 1478 1795; x_wconf 86' lang='lat' dir='ltr'><strong>Edd.</strong></span> <span class='ocrx_word' id='word_1_131' title='bbox 1502 1747 1695 1809; x_wconf 83' lang='lat' dir='ltr'><strong>legunt.</strong></span> <span class='ocrx_word' id='word_1_132' title='bbox 1732 1745 1964 1795; x_wconf 88' lang='lat' dir='ltr'><strong>Budeus.</strong></span> <span class='ocrx_word' id='word_1_133' title='bbox 1989 1759 2089 1795; x_wconf 87' lang='lat' dir='ltr'><strong>uon</strong></span> <span class='ocrx_word' id='word_1_134' title='bbox 2114 1744 2275 1793; x_wconf 82' lang='lat' dir='ltr'><strong>habet</strong></span> <span class='ocrx_word' id='word_1_135' title='bbox 2297 1747 2464 1799; x_wconf 40' lang='lat' dir='ltr'><strong>ete-9</strong></span> <span class='ocrx_word' id='word_1_136' title='bbox 2489 1743 2705 1791; x_wconf 75' lang='lat' dir='ltr'><strong>Frustra</strong></span> 
     </span>
     <span class='ocr_line' id='line_1_17' title="bbox 486 1806 2706 1875; baseline -0 -19"><span class='ocrx_word' id='word_1_137' title='bbox 486 1807 782 1873; x_wconf 82' lang='lat' dir='ltr'><strong>Rhenanus,</strong></span> <span class='ocrx_word' id='word_1_138' title='bbox 803 1810 1085 1860; x_wconf 78' lang='lat' dir='ltr'><strong>incidebant.</strong></span> <span class='ocrx_word' id='word_1_139' title='bbox 1149 1810 1266 1863; x_wconf 82' lang='lat' dir='ltr'><strong>Jam</strong></span> <span class='ocrx_word' id='word_1_140' title='bbox 1307 1812 1506 1861; x_wconf 88' lang='lat' dir='ltr'><strong>dictum</strong></span> <span class='ocrx_word' id='word_1_141' title='bbox 1546 1826 1704 1875; x_wconf 87' lang='lat' dir='ltr'><strong>supra</strong></span> <span class='ocrx_word' id='word_1_142' title='bbox 1738 1810 1929 1860; x_wconf 88' lang='lat' dir='ltr'><strong>Annal.</strong></span> <span class='ocrx_word' id='word_1_143' title='bbox 1956 1824 2038 1860; x_wconf 86' lang='lat'><strong>111.</strong></span> <span class='ocrx_word' id='word_1_144' title='bbox 2060 1814 2144 1858; x_wconf 84' lang='lat'><strong>26.</strong></span> <span class='ocrx_word' id='word_1_145' title='bbox 2176 1809 2193 1838; x_wconf 88' lang='lat'>‘</span> <span class='ocrx_word' id='word_1_146' title='bbox 2214 1808 2427 1859; x_wconf 81' lang='lat' dir='ltr'><strong>ambitio</strong></span> <span class='ocrx_word' id='word_1_147' title='bbox 2447 1814 2504 1857; x_wconf 91' lang='lat' dir='ltr'><strong>et</strong></span> <span class='ocrx_word' id='word_1_148' title='bbox 2527 1808 2609 1856; x_wconf 83' lang='lat' dir='ltr'><strong>vis</strong></span> <span class='ocrx_word' id='word_1_149' title='bbox 2632 1806 2706 1854; x_wconf 90' lang='lat' dir='ltr'><strong>in-</strong></span> 
     </span>
    </p>
   </div>
   <div class='ocr_carea' id='block_1_7' title="bbox 1489 1940 1789 1991">
    <p class='ocr_par' dir='ltr' id='par_1_7' title="bbox 1489 1940 1789 1991">
     <span class='ocr_line' id='line_1_18' title="bbox 1489 1940 1789 1991; baseline -0.013 0"><span class='ocrx_word' id='word_1_150' title='bbox 1489 1940 1710 1991; x_wconf 79' lang='lat' dir='ltr'><strong>No‘rAE</strong></span> <span class='ocrx_word' id='word_1_151' title='bbox 1787 1977 1789 1979; x_wconf 84' lang='lat'><strong>.</strong></span> 
     </span>
    </p>
   </div>
   <div class='ocr_carea' id='block_1_8' title="bbox 1639 2041 2709 2186">
    <p class='ocr_par' dir='ltr' id='par_1_8' title="bbox 1639 2041 2709 2186">
     <span class='ocr_line' id='line_1_19' title="bbox 1642 2041 2709 2108; baseline -0.004 -13"><span class='ocrx_word' id='word_1_152' title='bbox 1642 2046 1994 2097; x_wconf 81' lang='lat' dir='ltr'><strong>Pectunculus</strong></span> <span class='ocrx_word' id='word_1_153' title='bbox 2030 2046 2210 2108; x_wconf 81' lang='lat' dir='ltr'><strong>Chius,</strong></span> <span class='ocrx_word' id='word_1_154' title='bbox 2247 2045 2408 2108; x_wconf 87' lang='lat' dir='ltr'><strong>Elops</strong></span> <span class='ocrx_word' id='word_1_155' title='bbox 2444 2041 2709 2102; x_wconf 74' lang='lat' dir='ltr'><strong>Rhodius,</strong></span> 
     </span>
     <span class='ocr_line' id='line_1_20' title="bbox 1639 2120 2708 2186; baseline -0.005 -12"><span class='ocrx_word' id='word_1_156' title='bbox 1639 2125 1786 2174; x_wconf 89' lang='lat' dir='ltr'><strong>Seari</strong></span> <span class='ocrx_word' id='word_1_157' title='bbox 1808 2123 2017 2186; x_wconf 69' lang='lat' dir='ltr'><strong>CiliceS,</strong></span> <span class='ocrx_word' id='word_1_158' title='bbox 2042 2123 2218 2175; x_wconf 83' lang='lat' dir='ltr'><strong>Nuces</strong></span> <span class='ocrx_word' id='word_1_159' title='bbox 2251 2122 2473 2184; x_wconf 67' lang='lat' dir='ltr'><strong>Thasiae,</strong></span> <span class='ocrx_word' id='word_1_160' title='bbox 2496 2120 2708 2170; x_wconf 84' lang='lat' dir='ltr'><strong>Gallina</strong></span> 
     </span>
    </p>
   </div>
   <div class='ocr_carea' id='block_1_9' title="bbox 486 2042 1562 2188">
    <p class='ocr_par' dir='ltr' id='par_1_9' title="bbox 486 2042 1562 2188">
     <span class='ocr_line' id='line_1_21' title="bbox 489 2042 1562 2109; baseline 0.005 -18"><span class='ocrx_word' id='word_1_161' title='bbox 489 2048 572 2091; x_wconf 86' lang='lat' dir='ltr'><strong>tus</strong></span> <span class='ocrx_word' id='word_1_162' title='bbox 616 2042 862 2108; x_wconf 79' lang='lat' dir='ltr'><strong>consulis,</strong></span> <span class='ocrx_word' id='word_1_163' title='bbox 900 2058 1161 2109; x_wconf 83' lang='lat' dir='ltr'><strong>occupare</strong></span> <span class='ocrx_word' id='word_1_164' title='bbox 1202 2047 1346 2098; x_wconf 89' lang='lat' dir='ltr'><strong>velut</strong></span> <span class='ocrx_word' id='word_1_165' title='bbox 1385 2061 1562 2097; x_wconf 89' lang='lat' dir='ltr'><strong>arcem</strong></span> 
     </span>
     <span class='ocr_line' id='line_1_22' title="bbox 486 2117 1562 2188; baseline 0.006 -21"><span class='ocrx_word' id='word_1_166' title='bbox 486 2117 624 2183; x_wconf 86' lang='lat' dir='ltr'><strong>ejus,</strong></span> <span class='ocrx_word' id='word_1_167' title='bbox 670 2120 966 2184; x_wconf 83' lang='lat' dir='ltr'><strong>opprimere</strong></span> <span class='ocrx_word' id='word_1_168' title='bbox 1015 2122 1274 2173; x_wconf 84' lang='lat' dir='ltr'><strong>delectam</strong></span> <span class='ocrx_word' id='word_1_169' title='bbox 1312 2123 1562 2188; x_wconf 87' lang='lat' dir='ltr'><strong>juveutu-</strong></span> 
     </span>
    </p>
   </div>
   <div class='ocr_carea' id='block_1_10' title="bbox 417 2199 1565 4346">
    <p class='ocr_par' dir='ltr' id='par_1_10' title="bbox 489 2199 1563 2403">
     <span class='ocr_line' id='line_1_23' title="bbox 489 2199 1562 2263; baseline 0.007 -18"><span class='ocrx_word' id='word_1_170' title='bbox 489 2202 629 2258; x_wconf 80' lang='lat' dir='ltr'><strong>tem3</strong></span> <span class='ocrx_word' id='word_1_171' title='bbox 664 2199 784 2263; x_wconf 90' lang='lat' dir='ltr'><strong>quia</strong></span> <span class='ocrx_word' id='word_1_172' title='bbox 808 2200 1056 2250; x_wconf 76' lang='lat' dir='ltr'><strong>Vestinus</strong></span> <span class='ocrx_word' id='word_1_173' title='bbox 1095 2202 1423 2252; x_wconf 73' lang='lat' dir='ltr'><strong>imminentes</strong></span> <span class='ocrx_word' id='word_1_174' title='bbox 1446 2201 1562 2253; x_wconf 85' lang='lat' dir='ltr'><strong>foro</strong></span> 
     </span>
     <span class='ocr_line' id='line_1_24' title="bbox 490 2272 1563 2343; baseline 0.007 -21"><span class='ocrx_word' id='word_1_175' title='bbox 490 2272 651 2337; x_wconf 83' lang='lat' dir='ltr'><strong>aedes,</strong></span> <span class='ocrx_word' id='word_1_176' title='bbox 703 2274 999 2341; x_wconf 87' lang='lat' dir='ltr'><strong>decoraque</strong></span> <span class='ocrx_word' id='word_1_177' title='bbox 1073 2279 1285 2328; x_wconf 87' lang='lat' dir='ltr'><strong>servitia</strong></span> <span class='ocrx_word' id='word_1_178' title='bbox 1334 2286 1392 2329; x_wconf 92' lang='lat' dir='ltr'><strong>et</strong></span> <span class='ocrx_word' id='word_1_179' title='bbox 1447 2280 1563 2343; x_wconf 88' lang='lat' dir='ltr'><strong>pari</strong></span> 
     </span>
     <span class='ocr_line' id='line_1_25' title="bbox 490 2352 1386 2403; baseline 0.006 -3"><span class='ocrx_word' id='word_1_180' title='bbox 490 2356 649 2401; x_wconf 82' lang='lat' dir='ltr'><strong>aetate</strong></span> <span class='ocrx_word' id='word_1_181' title='bbox 670 2352 934 2403; x_wconf 66' lang='lat' dir='ltr'><strong>habebat!</strong></span> <span class='ocrx_word' id='word_1_182' title='bbox 1374 2371 1386 2383; x_wconf 68' lang='grc'>’</span> 
     </span>
    </p>

    <p class='ocr_par' dir='ltr' id='par_1_11' title="bbox 488 2426 1565 2803">
     <span class='ocr_line' id='line_1_26' title="bbox 552 2426 1565 2498; baseline 0.006 -21"><span class='ocrx_word' id='word_1_183' title='bbox 552 2426 756 2479; x_wconf 88' lang='lat' dir='ltr'><strong>Seneca</strong></span> <span class='ocrx_word' id='word_1_184' title='bbox 778 2430 933 2494; x_wconf 80' lang='lat' dir='ltr'><strong>epist.</strong></span> <span class='ocrx_word' id='word_1_185' title='bbox 955 2435 1037 2481; x_wconf 84' lang='grc'><strong>96.</strong></span> <span class='ocrx_word' id='word_1_186' title='bbox 1072 2431 1087 2459; x_wconf 89' lang='lat'>‘</span> <span class='ocrx_word' id='word_1_187' title='bbox 1111 2433 1336 2483; x_wconf 79' lang='lat' dir='ltr'><strong>Transeo</strong></span> <span class='ocrx_word' id='word_1_188' title='bbox 1359 2433 1565 2498; x_wconf 83' lang='lat' dir='ltr'><strong>agmina</strong></span> 
     </span>
     <span class='ocr_line' id='line_1_27' title="bbox 488 2503 1562 2576; baseline 0.006 -21"><span class='ocrx_word' id='word_1_189' title='bbox 488 2506 812 2556; x_wconf 83' lang='lat' dir='ltr'><strong>exoletorum</strong></span> <span class='ocrx_word' id='word_1_190' title='bbox 852 2503 957 2572; x_wconf 87' lang='lat' dir='ltr'><strong>per&#39;</strong></span> <span class='ocrx_word' id='word_1_191' title='bbox 987 2510 1221 2559; x_wconf 85' lang='lat' dir='ltr'><strong>nationes</strong></span> <span class='ocrx_word' id='word_1_192' title='bbox 1256 2510 1562 2576; x_wconf 87' lang='lat' dir='ltr'><strong>coloresque</strong></span> 
     </span>
     <span class='ocr_line' id='line_1_28' title="bbox 490 2580 1561 2646; baseline 0.006 -16"><span class='ocrx_word' id='word_1_193' title='bbox 490 2580 775 2646; x_wconf 78' lang='lat' dir='ltr'><strong>descripta,</strong></span> <span class='ocrx_word' id='word_1_194' title='bbox 795 2590 855 2632; x_wconf 92' lang='lat' dir='ltr'><strong>ut</strong></span> <span class='ocrx_word' id='word_1_195' title='bbox 877 2584 1062 2634; x_wconf 88' lang='lat' dir='ltr'><strong>eadem</strong></span> <span class='ocrx_word' id='word_1_196' title='bbox 1086 2585 1324 2635; x_wconf 89' lang='lat' dir='ltr'><strong>omuibus</strong></span> <span class='ocrx_word' id='word_1_197' title='bbox 1356 2585 1561 2636; x_wconf 66' lang='lat' dir='ltr'><strong>laevitas</strong></span> 
     </span>
     <span class='ocr_line' id='line_1_29' title="bbox 488 2658 1559 2727; baseline 0.007 -22"><span class='ocrx_word' id='word_1_198' title='bbox 488 2658 579 2721; x_wconf 85' lang='lat' dir='ltr'><strong>sit,</strong></span> <span class='ocrx_word' id='word_1_199' title='bbox 601 2658 783 2710; x_wconf 84' lang='lat' dir='ltr'><strong>eadem</strong></span> <span class='ocrx_word' id='word_1_200' title='bbox 819 2661 998 2723; x_wconf 81' lang='lat' dir='ltr'><strong>primae</strong></span> <span class='ocrx_word' id='word_1_201' title='bbox 1018 2676 1261 2711; x_wconf 86' lang='lat' dir='ltr'><strong>mensura</strong></span> <span class='ocrx_word' id='word_1_202' title='bbox 1283 2664 1559 2727; x_wconf 75' lang='lat' dir='ltr'><strong>lanuginis,</strong></span> 
     </span>
     <span class='ocr_line' id='line_1_30' title="bbox 490 2734 1262 2803; baseline 0.006 -19"><span class='ocrx_word' id='word_1_203' title='bbox 490 2734 672 2785; x_wconf 88' lang='lat' dir='ltr'><strong>eadem</strong></span> <span class='ocrx_word' id='word_1_204' title='bbox 691 2737 899 2801; x_wconf 85' lang='lat' dir='ltr'><strong>species</strong></span> <span class='ocrx_word' id='word_1_205' title='bbox 922 2738 1262 2803; x_wconf 60' lang='lat' dir='ltr'><strong>capillorum?</strong></span> 
     </span>
    </p>

    <p class='ocr_par' dir='ltr' id='par_1_12' title="bbox 485 2812 1563 3416">
     <span class='ocr_line' id='line_1_31' title="bbox 555 2812 1563 2876; baseline 0.007 -17"><span class='ocrx_word' id='word_1_206' title='bbox 555 2812 658 2861; x_wconf 84' lang='lat' dir='ltr'><strong>Per</strong></span> <span class='ocrx_word' id='word_1_207' title='bbox 675 2813 867 2876; x_wconf 77' lang='lat' dir='ltr'><strong>oetates]</strong></span> <span class='ocrx_word' id='word_1_208' title='bbox 903 2814 992 2864; x_wconf 86' lang='lat' dir='ltr'><strong>Ita</strong></span> <span class='ocrx_word' id='word_1_209' title='bbox 1021 2821 1081 2864; x_wconf 91' lang='grc' dir='ltr'><strong>ιιι</strong></span> <span class='ocrx_word' id='word_1_210' title='bbox 1120 2815 1352 2866; x_wconf 85' lang='lat' dir='ltr'><strong>distincti</strong></span> <span class='ocrx_word' id='word_1_211' title='bbox 1384 2822 1563 2866; x_wconf 81' lang='lat' dir='ltr'><strong>essent</strong></span> 
     </span>
     <span class='ocr_line' id='line_1_32' title="bbox 490 2888 1558 2959; baseline 0.007 -21"><span class='ocrx_word' id='word_1_212' title='bbox 490 2888 712 2952; x_wconf 76' lang='lat' dir='ltr'><strong>remiges</strong></span> <span class='ocrx_word' id='word_1_213' title='bbox 738 2891 828 2940; x_wconf 88' lang='lat' dir='ltr'><strong>alii</strong></span> <span class='ocrx_word' id='word_1_214' title='bbox 868 2907 933 2942; x_wconf 86' lang='lat' dir='ltr'><strong>ex</strong></span> <span class='ocrx_word' id='word_1_215' title='bbox 979 2900 1155 2958; x_wconf 79' lang='lat' dir='ltr'><strong>aetate,</strong></span> <span class='ocrx_word' id='word_1_216' title='bbox 1187 2895 1275 2944; x_wconf 82' lang='lat' dir='ltr'><strong>alii</strong></span> <span class='ocrx_word' id='word_1_217' title='bbox 1301 2910 1395 2959; x_wconf 90' lang='lat' dir='ltr'><strong>per</strong></span> <span class='ocrx_word' id='word_1_218' title='bbox 1419 2900 1558 2945; x_wconf 88' lang='lat' dir='ltr'><strong>artes</strong></span> 
     </span>
     <span class='ocr_line' id='line_1_33' title="bbox 485 2963 1554 3031; baseline 0.008 -20"><span class='ocrx_word' id='word_1_219' title='bbox 485 2969 543 3012; x_wconf 88' lang='lat' dir='ltr'><strong>et</strong></span> <span class='ocrx_word' id='word_1_220' title='bbox 565 2963 774 3027; x_wconf 83' lang='lat' dir='ltr'><strong>ingenia</strong></span> <span class='ocrx_word' id='word_1_221' title='bbox 796 2965 1084 3031; x_wconf 86' lang='lat' dir='ltr'><strong>libidinum,</strong></span> <span class='ocrx_word' id='word_1_222' title='bbox 1118 2969 1192 3018; x_wconf 90' lang='lat' dir='ltr'><strong>ita</strong></span> <span class='ocrx_word' id='word_1_223' title='bbox 1223 2977 1282 3024; x_wconf 86' lang='lat' dir='ltr'><strong>ut</strong></span> <span class='ocrx_word' id='word_1_224' title='bbox 1315 2978 1554 3021; x_wconf 76' lang='lat' dir='ltr'><strong>recentes</strong></span> 
     </span>
     <span class='ocr_line' id='line_1_34' title="bbox 487 3038 1553 3110; baseline 0.008 -22"><span class='ocrx_word' id='word_1_225' title='bbox 487 3045 544 3089; x_wconf 84' lang='lat' dir='ltr'><strong>et</strong></span> <span class='ocrx_word' id='word_1_226' title='bbox 565 3038 740 3090; x_wconf 79' lang='lat' dir='ltr'><strong>decori</strong></span> <span class='ocrx_word' id='word_1_227' title='bbox 765 3051 941 3092; x_wconf 87' lang='lat' dir='ltr'><strong>essent</strong></span> <span class='ocrx_word' id='word_1_228' title='bbox 955 3046 1086 3094; x_wconf 85' lang='lat' dir='ltr'><strong>tales</strong></span> <span class='ocrx_word' id='word_1_229' title='bbox 1112 3047 1303 3110; x_wconf 77' lang='lat' dir='ltr'><strong>exoleti,</strong></span> <span class='ocrx_word' id='word_1_230' title='bbox 1317 3056 1371 3097; x_wconf 89' lang='lat' dir='ltr'><strong>et</strong></span> <span class='ocrx_word' id='word_1_231' title='bbox 1393 3049 1553 3098; x_wconf 87' lang='lat' dir='ltr'><strong>etiam</strong></span> 
     </span>
     <span class='ocr_line' id='line_1_35' title="bbox 486 3115 1555 3187; baseline 0.007 -21"><span class='ocrx_word' id='word_1_232' title='bbox 486 3115 719 3167; x_wconf 73' lang='lat' dir='ltr'><strong>scientiae</strong></span> <span class='ocrx_word' id='word_1_233' title='bbox 741 3118 1111 3187; x_wconf 88' lang='lat' dir='ltr'><strong>libidinumque</strong></span> <span class='ocrx_word' id='word_1_234' title='bbox 1136 3123 1395 3187; x_wconf 86' lang='lat' dir='ltr'><strong>specimen</strong></span> <span class='ocrx_word' id='word_1_235' title='bbox 1416 3124 1555 3173; x_wconf 80' lang='lat' dir='ltr'><strong>exbi-</strong></span> 
     </span>
     <span class='ocr_line' id='line_1_36' title="bbox 488 3192 1553 3262; baseline 0.006 -19"><span class='ocrx_word' id='word_1_236' title='bbox 488 3192 694 3256; x_wconf 74' lang='lat' dir='ltr'><strong>berent,</strong></span> <span class='ocrx_word' id='word_1_237' title='bbox 716 3192 855 3245; x_wconf 86' lang='lat' dir='ltr'><strong>forte</strong></span> <span class='ocrx_word' id='word_1_238' title='bbox 877 3210 995 3246; x_wconf 87' lang='lat' dir='ltr'><strong>cum</strong></span> <span class='ocrx_word' id='word_1_239' title='bbox 1020 3212 1175 3248; x_wconf 83' lang='lat' dir='ltr'><strong>naves</strong></span> <span class='ocrx_word' id='word_1_240' title='bbox 1211 3198 1348 3262; x_wconf 88' lang='lat' dir='ltr'><strong>ipsas</strong></span> <span class='ocrx_word' id='word_1_241' title='bbox 1384 3200 1553 3249; x_wconf 87' lang='lat' dir='ltr'><strong>trahe·</strong></span> 
     </span>
     <span class='ocr_line' id='line_1_37' title="bbox 485 3273 1553 3341; baseline 0.007 -23"><span class='ocrx_word' id='word_1_242' title='bbox 485 3276 628 3334; x_wconf 83' lang='lat' dir='ltr'><strong>rent,</strong></span> <span class='ocrx_word' id='word_1_243' title='bbox 653 3277 711 3320; x_wconf 92' lang='lat' dir='ltr'><strong>ut</strong></span> <span class='ocrx_word' id='word_1_244' title='bbox 734 3286 836 3321; x_wconf 91' lang='lat' dir='ltr'><strong>non</strong></span> <span class='ocrx_word' id='word_1_245' title='bbox 861 3273 1026 3323; x_wconf 86' lang='lat' dir='ltr'><strong>solum</strong></span> <span class='ocrx_word' id='word_1_246' title='bbox 1060 3274 1223 3339; x_wconf 86' lang='lat' dir='ltr'><strong>littus,</strong></span> <span class='ocrx_word' id='word_1_247' title='bbox 1254 3276 1345 3324; x_wconf 89' lang='lat' dir='ltr'><strong>sed</strong></span> <span class='ocrx_word' id='word_1_248' title='bbox 1380 3282 1435 3326; x_wconf 88' lang='lat' dir='ltr'><strong>et</strong></span> <span class='ocrx_word' id='word_1_249' title='bbox 1475 3276 1553 3341; x_wconf 91' lang='lat' dir='ltr'><strong>ip·</strong></span> 
     </span>
     <span class='ocr_line' id='line_1_38' title="bbox 486 3348 1361 3416; baseline 0.008 -19"><span class='ocrx_word' id='word_1_250' title='bbox 486 3362 600 3398; x_wconf 84' lang='lat' dir='ltr'><strong>sum</strong></span> <span class='ocrx_word' id='word_1_251' title='bbox 623 3363 765 3399; x_wconf 85' lang='lat' dir='ltr'><strong>mare</strong></span> <span class='ocrx_word' id='word_1_252' title='bbox 785 3348 998 3415; x_wconf 82' lang='lat' dir='ltr'><strong>flagitiis</strong></span> <span class='ocrx_word' id='word_1_253' title='bbox 1021 3351 1361 3416; x_wconf 88' lang='lat' dir='ltr'><strong>pollueretur.</strong></span> 
     </span>
    </p>

    <p class='ocr_par' dir='ltr' id='par_1_13' title="bbox 481 3425 1559 3860">
     <span class='ocr_line' id='line_1_39' title="bbox 549 3425 1559 3493; baseline 0.001 -15"><span class='ocrx_word' id='word_1_254' title='bbox 549 3431 579 3478; x_wconf 78' lang='grc' dir='ltr'><strong>,Ρ</strong></span> <span class='ocrx_word' id='word_1_255' title='bbox 621 3425 841 3476; x_wconf 79' lang='lat' dir='ltr'><strong>Volucres</strong></span> <span class='ocrx_word' id='word_1_256' title='bbox 883 3432 932 3477; x_wconf 81' lang='lat' dir='ltr'><strong>et</strong></span> <span class='ocrx_word' id='word_1_257' title='bbox 961 3427 1121 3493; x_wconf 81' lang='lat' dir='ltr'><strong>feras]</strong></span> <span class='ocrx_word' id='word_1_258' title='bbox 1194 3430 1325 3481; x_wconf 80' lang='lat' dir='ltr'><strong>Quoe</strong></span> <span class='ocrx_word' id='word_1_259' title='bbox 1369 3443 1559 3493; x_wconf 89' lang='lat' dir='ltr'><strong>nempe</strong></span> 
     </span>
     <span class='ocr_line' id='line_1_40' title="bbox 491 3503 1557 3568; baseline 0.001 -16"><span class='ocrx_word' id='word_1_260' title='bbox 491 3508 636 3556; x_wconf 83' lang='lat' dir='ltr'><strong>terra</strong></span> <span class='ocrx_word' id='word_1_261' title='bbox 672 3508 728 3552; x_wconf 88' lang='lat' dir='ltr'><strong>et</strong></span> <span class='ocrx_word' id='word_1_262' title='bbox 760 3503 917 3568; x_wconf 85' lang='lat' dir='ltr'><strong>sylvis</strong></span> <span class='ocrx_word' id='word_1_263' title='bbox 951 3505 1192 3554; x_wconf 76' lang='lat' dir='ltr'><strong>aluntur:</strong></span> <span class='ocrx_word' id='word_1_264' title='bbox 1247 3519 1457 3555; x_wconf 84' lang='lat' dir='ltr'><strong>anseres</strong></span> <span class='ocrx_word' id='word_1_265' title='bbox 1490 3519 1557 3553; x_wconf 86' lang='lat' dir='ltr'><strong>ex</strong></span> 
     </span>
     <span class='ocr_line' id='line_1_41' title="bbox 481 3578 1557 3639; baseline 0.004 -12"><span class='ocrx_word' id='word_1_266' title='bbox 481 3583 726 3639; x_wconf 27' lang='lat' dir='ltr'><strong>*extrema</strong></span> <span class='ocrx_word' id='word_1_267' title='bbox 748 3578 1032 3629; x_wconf 79' lang='lat' dir='ltr'><strong>Germania</strong></span> <span class='ocrx_word' id='word_1_268' title='bbox 1067 3580 1304 3631; x_wconf 85' lang='lat' dir='ltr'><strong>advectae</strong></span> <span class='ocrx_word' id='word_1_269' title='bbox 1339 3583 1557 3631; x_wconf 86' lang='lat' dir='ltr'><strong>Romam</strong></span> 
     </span>
     <span class='ocr_line' id='line_1_42' title="bbox 490 3653 1558 3721; baseline 0.004 -19"><span class='ocrx_word' id='word_1_270' title='bbox 490 3653 707 3719; x_wconf 85' lang='lat' dir='ltr'><strong>pedibus</strong></span> <span class='ocrx_word' id='word_1_271' title='bbox 729 3654 851 3720; x_wconf 85' lang='lat' dir='ltr'><strong>suis,</strong></span> <span class='ocrx_word' id='word_1_272' title='bbox 896 3659 1032 3704; x_wconf 82' lang='lat' dir='ltr'><strong>teste</strong></span> <span class='ocrx_word' id='word_1_273' title='bbox 1071 3656 1261 3705; x_wconf 88' lang='lat' dir='ltr'><strong>Plinio.</strong></span> <span class='ocrx_word' id='word_1_274' title='bbox 1294 3656 1558 3721; x_wconf 79' lang='lat' dir='ltr'><strong>Animalia,</strong></span> 
     </span>
     <span class='ocr_line' id='line_1_43' title="bbox 490 3732 1558 3797; baseline 0 -16"><span class='ocrx_word' id='word_1_275' title='bbox 490 3745 682 3795; x_wconf 86' lang='lat' dir='ltr'><strong>nempe</strong></span> <span class='ocrx_word' id='word_1_276' title='bbox 705 3746 852 3795; x_wconf 67' lang='lat' dir='ltr'><strong>qum.</strong></span> <span class='ocrx_word' id='word_1_277' title='bbox 879 3732 1093 3783; x_wconf 84' lang='lat' dir='ltr'><strong>Oceano</strong></span> <span class='ocrx_word' id='word_1_278' title='bbox 1133 3739 1188 3783; x_wconf 90' lang='lat' dir='ltr'><strong>et</strong></span> <span class='ocrx_word' id='word_1_279' title='bbox 1226 3732 1372 3797; x_wconf 89' lang='lat' dir='ltr'><strong>aquis</strong></span> <span class='ocrx_word' id='word_1_280' title='bbox 1397 3732 1558 3783; x_wconf 88' lang='lat' dir='ltr'><strong>nutri-</strong></span> 
     </span>
     <span class='ocr_line' id='line_1_44' title="bbox 492 3815 1187 3860; baseline 0.004 -1"><span class='ocrx_word' id='word_1_281' title='bbox 492 3815 670 3860; x_wconf 86' lang='lat' dir='ltr'><strong>untur.</strong></span> <span class='ocrx_word' id='word_1_282' title='bbox 1183 3823 1187 3828; x_wconf 82' lang='grc'><strong>’</strong></span> 
     </span>
    </p>

    <p class='ocr_par' dir='ltr' id='par_1_14' title="bbox 417 3885 1558 4346">
     <span class='ocr_line' id='line_1_45' title="bbox 550 3885 1556 3951; baseline 0.004 -14"><span class='ocrx_word' id='word_1_283' title='bbox 550 3894 576 3930; x_wconf 76' lang='lat'><strong>‘¹</strong></span> <span class='ocrx_word' id='word_1_284' title='bbox 608 3885 879 3951; x_wconf 76' lang='lat' dir='ltr'><strong>Animalia]</strong></span> <span class='ocrx_word' id='word_1_285' title='bbox 920 3887 1096 3937; x_wconf 86' lang='lat' dir='ltr'><strong>Teste·</strong></span> <span class='ocrx_word' id='word_1_286' title='bbox 1122 3887 1295 3939; x_wconf 85' lang='lat' dir='ltr'><strong>Gellio</strong></span> <span class='ocrx_word' id='word_1_287' title='bbox 1330 3889 1420 3940; x_wconf 90' lang='lat' dir='ltr'><strong>lib.</strong></span> <span class='ocrx_word' id='word_1_288' title='bbox 1453 3905 1556 3941; x_wconf 85' lang='lat' dir='ltr'><strong>vu.</strong></span> 
     </span>
     <span class='ocr_line' id='line_1_46' title="bbox 488 3955 1555 4028; baseline 0.001 -14"><span class='ocrx_word' id='word_1_289' title='bbox 488 3966 571 4014; x_wconf 82' lang='lat'><strong>16.</strong></span> <span class='ocrx_word' id='word_1_290' title='bbox 602 3955 717 4013; x_wconf 78' lang='lat' dir='ltr'><strong>baec</strong></span> <span class='ocrx_word' id='word_1_291' title='bbox 742 3963 1146 4028; x_wconf 64' lang='lat' dir='ltr'><strong>praecellebant:</strong></span> <span class='ocrx_word' id='word_1_292' title='bbox 1180 3964 1196 3991; x_wconf 88' lang='lat'>‘</span> <span class='ocrx_word' id='word_1_293' title='bbox 1222 3965 1393 4015; x_wconf 85' lang='lat' dir='ltr'><strong>Pavus</strong></span> <span class='ocrx_word' id='word_1_294' title='bbox 1411 3982 1440 4016; x_wconf 93' lang='lat' dir='ltr'><strong>e</strong></span> <span class='ocrx_word' id='word_1_295' title='bbox 1461 3968 1555 4017; x_wconf 89' lang='lat' dir='ltr'><strong>Sa-</strong></span> 
     </span>
     <span class='ocr_line' id='line_1_47' title="bbox 485 4039 1555 4106; baseline 0.003 -17"><span class='ocrx_word' id='word_1_296' title='bbox 485 4054 589 4103; x_wconf 86' lang='lat' dir='ltr'><strong>mo,</strong></span> <span class='ocrx_word' id='word_1_297' title='bbox 620 4055 651 4090; x_wconf 88' lang='lat' dir='ltr'><strong>e</strong></span> <span class='ocrx_word' id='word_1_298' title='bbox 672 4039 903 4106; x_wconf 73' lang='lat' dir='ltr'><strong>Phrygia</strong></span> <span class='ocrx_word' id='word_1_299' title='bbox 926 4040 1173 4105; x_wconf 80' lang='lat' dir='ltr'><strong>Attagen‚</strong></span> <span class='ocrx_word' id='word_1_300' title='bbox 1199 4042 1370 4093; x_wconf 84' lang='lat' dir='ltr'><strong>Grues</strong></span> <span class='ocrx_word' id='word_1_301' title='bbox 1400 4043 1555 4094; x_wconf 86' lang='lat' dir='ltr'><strong>Meli-</strong></span> 
     </span>
     <span class='ocr_line' id='line_1_48' title="bbox 485 4113 1557 4182; baseline 0.004 -18"><span class='ocrx_word' id='word_1_302' title='bbox 485 4130 585 4182; x_wconf 53' lang='grc' dir='ltr'><strong>οφ,</strong></span> <span class='ocrx_word' id='word_1_303' title='bbox 604 4117 704 4165; x_wconf 68' lang='grc' dir='ltr'><strong>ὅτε.</strong></span> <span class='ocrx_word' id='word_1_304' title='bbox 772 4113 975 4166; x_wconf 70' lang='lat' dir='ltr'><strong>Haedus</strong></span> <span class='ocrx_word' id='word_1_305' title='bbox 1019 4131 1084 4166; x_wconf 76' lang='lat' dir='ltr'><strong>ex</strong></span> <span class='ocrx_word' id='word_1_306' title='bbox 1120 4117 1425 4182; x_wconf 82' lang='lat' dir='ltr'><strong>Ambracia,</strong></span> <span class='ocrx_word' id='word_1_307' title='bbox 1452 4118 1557 4168; x_wconf 80' lang='lat' dir='ltr'><strong>Pe·</strong></span> 
     </span>
     <span class='ocr_line' id='line_1_49' title="bbox 485 4191 1556 4260; baseline 0.006 -20"><span class='ocrx_word' id='word_1_308' title='bbox 485 4191 632 4242; x_wconf 79' lang='lat' dir='ltr'><strong>lsmis</strong></span> <span class='ocrx_word' id='word_1_309' title='bbox 643 4192 1011 4257; x_wconf 81' lang='lat' dir='ltr'><strong>chalcedonia,</strong></span> <span class='ocrx_word' id='word_1_310' title='bbox 1024 4194 1261 4250; x_wconf 70' lang='lat' dir='ltr'><strong>Muraena</strong></span> <span class='ocrx_word' id='word_1_311' title='bbox 1273 4195 1556 4260; x_wconf 78' lang='lat' dir='ltr'><strong>Tartessia,</strong></span> 
     </span>
     <span class='ocr_line' id='line_1_50' title="bbox 417 4265 1558 4346; baseline 0.002 -24"><span class='ocrx_word' id='word_1_312' title='bbox 417 4311 425 4337; x_wconf 83' lang='grc'><em>,</em></span> <span class='ocrx_word' id='word_1_313' title='bbox 486 4265 652 4322; x_wconf 74' lang='lat' dir='ltr'><strong>Aselli</strong></span> <span class='ocrx_word' id='word_1_314' title='bbox 674 4267 1013 4337; x_wconf 82' lang='lat' dir='ltr'><strong>Pessinuntii,</strong></span> <span class='ocrx_word' id='word_1_315' title='bbox 1035 4269 1231 4323; x_wconf 87' lang='lat' dir='ltr'><strong>Ostrea</strong></span> <span class='ocrx_word' id='word_1_316' title='bbox 1250 4272 1558 4346; x_wconf 57' lang='lat' dir='ltr'><strong>Tarentina,</strong></span> 
     </span>
    </p>
   </div>
   <div class='ocr_carea' id='block_1_11' title="bbox 1640 2198 2709 2722">
    <p class='ocr_par' dir='ltr' id='par_1_15' title="bbox 1640 2198 2403 2265">
     <span class='ocr_line' id='line_1_51' title="bbox 1640 2198 2403 2265; baseline -0.005 -14"><span class='ocrx_word' id='word_1_317' title='bbox 1640 2201 1904 2265; x_wconf 76' lang='lat' dir='ltr'><strong>AEgyptia,</strong></span> <span class='ocrx_word' id='word_1_318' title='bbox 1925 2201 2088 2251; x_wconf 85' lang='lat' dir='ltr'><strong>Glans</strong></span> <span class='ocrx_word' id='word_1_319' title='bbox 2113 2198 2403 2250; x_wconf 65' lang='lat' dir='ltr'><strong>Hiberica!</strong></span> 
     </span>
    </p>

    <p class='ocr_par' dir='ltr' id='par_1_16' title="bbox 1640 2273 2709 2573">
     <span class='ocr_line' id='line_1_52' title="bbox 1706 2273 2709 2341; baseline -0.005 -14"><span class='ocrx_word' id='word_1_320' title='bbox 1706 2283 1726 2309; x_wconf 80' lang='lat'><strong>¹·</strong></span> <span class='ocrx_word' id='word_1_321' title='bbox 1751 2276 2108 2341; x_wconf 68' lang='lat' dir='ltr'><strong>Cupidinibus]</strong></span> <span class='ocrx_word' id='word_1_322' title='bbox 2130 2273 2709 2325; x_wconf 84' lang='lat' dir='ltr'><strong>Fornicibusiustructa</strong></span> 
     </span>
     <span class='ocr_line' id='line_1_53' title="bbox 1640 2350 2708 2418; baseline -0.005 -15"><span class='ocrx_word' id='word_1_323' title='bbox 1640 2354 1941 2418; x_wconf 76' lang='lat' dir='ltr'><strong>lupanaria3</strong></span> <span class='ocrx_word' id='word_1_324' title='bbox 1977 2350 2032 2404; x_wconf 84' lang='lat' dir='ltr'><strong>et</strong></span> <span class='ocrx_word' id='word_1_325' title='bbox 2054 2353 2126 2402; x_wconf 89' lang='lat' dir='ltr'><strong>ibi</strong></span> <span class='ocrx_word' id='word_1_326' title='bbox 2161 2350 2388 2402; x_wconf 85' lang='lat' dir='ltr'><strong>foeminae</strong></span> <span class='ocrx_word' id='word_1_327' title='bbox 2409 2350 2660 2414; x_wconf 79' lang='lat' dir='ltr'><strong>insigues,</strong></span> <span class='ocrx_word' id='word_1_328' title='bbox 2679 2364 2708 2398; x_wconf 89' lang='lat' dir='ltr'><strong>a</strong></span> 
     </span>
     <span class='ocr_line' id='line_1_54' title="bbox 1643 2427 2708 2496; baseline -0.007 -15"><span class='ocrx_word' id='word_1_329' title='bbox 1643 2430 1828 2496; x_wconf 88' lang='lat' dir='ltr'><strong>quibus</strong></span> <span class='ocrx_word' id='word_1_330' title='bbox 1848 2438 2020 2481; x_wconf 89' lang='lat' dir='ltr'><strong>tamen</strong></span> <span class='ocrx_word' id='word_1_331' title='bbox 2038 2434 2278 2494; x_wconf 86' lang='lat' dir='ltr'><strong>separata</strong></span> <span class='ocrx_word' id='word_1_332' title='bbox 2299 2427 2544 2478; x_wconf 83' lang='lat' dir='ltr'><strong>videntur</strong></span> <span class='ocrx_word' id='word_1_333' title='bbox 2566 2440 2708 2480; x_wconf 82' lang='lat' dir='ltr'><strong>scor·</strong></span> 
     </span>
     <span class='ocr_line' id='line_1_55' title="bbox 1642 2504 2563 2573; baseline -0.007 -15"><span class='ocrx_word' id='word_1_334' title='bbox 1642 2514 1714 2570; x_wconf 87' lang='lat' dir='ltr'><strong>ta,</strong></span> <span class='ocrx_word' id='word_1_335' title='bbox 1738 2513 1856 2573; x_wconf 82' lang='lat' dir='ltr'><strong>quae</strong></span> <span class='ocrx_word' id='word_1_336' title='bbox 1880 2522 1910 2557; x_wconf 90' lang='lat' dir='ltr'><strong>e</strong></span> <span class='ocrx_word' id='word_1_337' title='bbox 1932 2507 2137 2572; x_wconf 84' lang='lat' dir='ltr'><strong>regione</strong></span> <span class='ocrx_word' id='word_1_338' title='bbox 2157 2513 2209 2556; x_wconf 90' lang='lat' dir='ltr'><strong>et</strong></span> <span class='ocrx_word' id='word_1_339' title='bbox 2234 2506 2284 2555; x_wconf 90' lang='lat' dir='ltr'><strong>in</strong></span> <span class='ocrx_word' id='word_1_340' title='bbox 2308 2505 2407 2553; x_wconf 86' lang='lat' dir='ltr'><strong>alia</strong></span> <span class='ocrx_word' id='word_1_341' title='bbox 2432 2504 2563 2568; x_wconf 89' lang='lat' dir='ltr'><strong>ripa.</strong></span> 
     </span>
    </p>

    <p class='ocr_par' dir='ltr' id='par_1_17' title="bbox 1640 2581 2709 2722">
     <span class='ocr_line' id='line_1_56' title="bbox 1706 2581 2709 2646; baseline -0.003 -12"><span class='ocrx_word' id='word_1_342' title='bbox 1706 2584 1791 2634; x_wconf 89' lang='lat' dir='ltr'><strong>Ibi</strong></span> <span class='ocrx_word' id='word_1_343' title='bbox 1830 2591 2003 2634; x_wconf 88' lang='lat' dir='ltr'><strong>tamen</strong></span> <span class='ocrx_word' id='word_1_344' title='bbox 2036 2584 2196 2633; x_wconf 87' lang='lat' dir='ltr'><strong>etiam</strong></span> <span class='ocrx_word' id='word_1_345' title='bbox 2234 2583 2370 2633; x_wconf 87' lang='lat' dir='ltr'><strong>haud</strong></span> <span class='ocrx_word' id='word_1_346' title='bbox 2412 2581 2571 2632; x_wconf 83' lang='lat' dir='ltr'><strong>dubie</strong></span> <span class='ocrx_word' id='word_1_347' title='bbox 2602 2583 2709 2646; x_wconf 83' lang='lat' dir='ltr'><strong>pol·</strong></span> 
     </span>
     <span class='ocr_line' id='line_1_57' title="bbox 1640 2657 2706 2722; baseline -0.004 -12"><span class='ocrx_word' id='word_1_348' title='bbox 1640 2662 1766 2710; x_wconf 82' lang='lat' dir='ltr'><strong>lutae</strong></span> <span class='ocrx_word' id='word_1_349' title='bbox 1809 2660 2036 2710; x_wconf 81' lang='lat' dir='ltr'><strong>illustres</strong></span> <span class='ocrx_word' id='word_1_350' title='bbox 2070 2658 2295 2709; x_wconf 81' lang='lat' dir='ltr'><strong>foemiuae</strong></span> <span class='ocrx_word' id='word_1_351' title='bbox 2339 2658 2432 2709; x_wconf 83' lang='lat' dir='ltr'><strong>tali</strong></span> <span class='ocrx_word' id='word_1_352' title='bbox 2463 2657 2706 2722; x_wconf 82' lang='lat' dir='ltr'><strong>colluvie,</strong></span> 
     </span>
    </p>
   </div>
   <div class='ocr_carea' id='block_1_12' title="bbox 1639 2733 2807 2804">
    <p class='ocr_par' dir='ltr' id='par_1_18' title="bbox 1639 2733 2807 2804">
     <span class='ocr_line' id='line_1_58' title="bbox 1639 2733 2807 2804; baseline -0.005 -16"><span class='ocrx_word' id='word_1_353' title='bbox 1639 2738 1733 2788; x_wconf 89' lang='lat' dir='ltr'><strong>sed</strong></span> <span class='ocrx_word' id='word_1_354' title='bbox 1770 2754 1802 2788; x_wconf 87' lang='lat' dir='ltr'><strong>a</strong></span> <span class='ocrx_word' id='word_1_355' title='bbox 1837 2738 2096 2788; x_wconf 85' lang='lat' dir='ltr'><strong>nobilibus</strong></span> <span class='ocrx_word' id='word_1_356' title='bbox 2135 2733 2477 2801; x_wconf 82' lang='lat' dir='ltr'><strong>ganeonibus,</strong></span> <span class='ocrx_word' id='word_1_357' title='bbox 2512 2749 2617 2784; x_wconf 87' lang='lat' dir='ltr'><strong>non</strong></span> <span class='ocrx_word' id='word_1_358' title='bbox 2653 2735 2713 2783; x_wconf 75' lang='grc' dir='ltr'>ιιι·</span> <span class='ocrx_word' id='word_1_359' title='bbox 2798 2799 2807 2804; x_wconf 30' lang='lat'><em>¹</em></span> 
     </span>
    </p>
   </div>
   <div class='ocr_carea' id='block_1_13' title="bbox 1633 2810 2757 3799">
    <p class='ocr_par' dir='ltr' id='par_1_19' title="bbox 1633 2810 2757 3799">
     <span class='ocr_line' id='line_1_59' title="bbox 1639 2810 2708 2879; baseline -0.008 -14"><span class='ocrx_word' id='word_1_360' title='bbox 1639 2816 1834 2879; x_wconf 80' lang='lat' dir='ltr'><strong>vulgo:</strong></span> <span class='ocrx_word' id='word_1_361' title='bbox 1882 2815 1898 2843; x_wconf 87' lang='lat'>‘</span> <span class='ocrx_word' id='word_1_362' title='bbox 1925 2815 2135 2879; x_wconf 83' lang='lat' dir='ltr'><strong>Quippe</strong></span> <span class='ocrx_word' id='word_1_363' title='bbox 2167 2814 2282 2878; x_wconf 87' lang='lat' dir='ltr'><strong>ipse</strong></span> <span class='ocrx_word' id='word_1_364' title='bbox 2315 2826 2413 2877; x_wconf 87' lang='lat' dir='ltr'><strong>per</strong></span> <span class='ocrx_word' id='word_1_365' title='bbox 2445 2810 2593 2862; x_wconf 87' lang='lat' dir='ltr'><strong>licita</strong></span> <span class='ocrx_word' id='word_1_366' title='bbox 2631 2816 2708 2861; x_wconf 76' lang='lat' dir='ltr'><strong>at..</strong></span> 
     </span>
     <span class='ocr_line' id='line_1_60' title="bbox 1639 2882 2741 2960; baseline -0.002 -18"><span class='ocrx_word' id='word_1_367' title='bbox 1639 2882 1740 2956; x_wconf 88' lang='lat' dir='ltr'><strong>que</strong></span> <span class='ocrx_word' id='word_1_368' title='bbox 1761 2891 1944 2942; x_wconf 88' lang='lat' dir='ltr'><strong>illicita</strong></span> <span class='ocrx_word' id='word_1_369' title='bbox 1965 2889 2229 2954; x_wconf 85' lang='lat' dir='ltr'><strong>foedatus,&#39;</strong></span> <span class='ocrx_word' id='word_1_370' title='bbox 2251 2883 2352 2941; x_wconf 64' lang='grc' dir='ltr'><strong>δίο.</strong></span> <span class='ocrx_word' id='word_1_371' title='bbox 2738 2957 2741 2960; x_wconf 76' lang='lat'><strong>.</strong></span> 
     </span>
     <span class='ocr_line' id='line_1_61' title="bbox 1704 2955 2723 3033; baseline -0.004 -15"><span class='ocrx_word' id='word_1_372' title='bbox 1704 2970 1775 3018; x_wconf 83' lang='lat' dir='ltr'><strong>Et</strong></span> <span class='ocrx_word' id='word_1_373' title='bbox 1818 2967 2112 3033; x_wconf 84' lang='lat' dir='ltr'><strong>Augustani</strong></span> <span class='ocrx_word' id='word_1_374' title='bbox 2153 2967 2373 3033; x_wconf 87' lang='lat' dir='ltr'><strong>equites,</strong></span> <span class='ocrx_word' id='word_1_375' title='bbox 2419 2966 2583 3031; x_wconf 83' lang='lat' dir='ltr'><strong>quid?</strong></span> <span class='ocrx_word' id='word_1_376' title='bbox 2639 2955 2723 3014; x_wconf 70' lang='lat' dir='ltr'><strong>an²</strong></span> 
     </span>
     <span class='ocr_line' id='line_1_62' title="bbox 1638 3037 2742 3110; baseline -0.006 -13"><span class='ocrx_word' id='word_1_377' title='bbox 1638 3046 1972 3104; x_wconf 80' lang='lat' dir='ltr'><strong>abstinebant</strong></span> <span class='ocrx_word' id='word_1_378' title='bbox 1994 3043 2090 3093; x_wconf 90' lang='lat' dir='ltr'><strong>snb</strong></span> <span class='ocrx_word' id='word_1_379' title='bbox 2131 3044 2221 3093; x_wconf 87' lang='lat' dir='ltr'><strong>tali</strong></span> <span class='ocrx_word' id='word_1_380' title='bbox 2248 3042 2417 3092; x_wconf 86' lang='lat' dir='ltr'><strong>duce?</strong></span> <span class='ocrx_word' id='word_1_381' title='bbox 2461 3043 2586 3107; x_wconf 85' lang='lat' dir='ltr'><strong>quid</strong></span> <span class='ocrx_word' id='word_1_382' title='bbox 2609 3037 2704 3110; x_wconf 82' lang='lat' dir='ltr'><strong>per</strong></span> <span class='ocrx_word' id='word_1_383' title='bbox 2739 3049 2742 3054; x_wconf 79' lang='grc'><strong><em>’</em></strong></span> 
     </span>
     <span class='ocr_line' id='line_1_63' title="bbox 1633 3118 2706 3184; baseline -0.007 -11"><span class='ocrx_word' id='word_1_384' title='bbox 1633 3123 1747 3172; x_wconf 85' lang='lat' dir='ltr'><strong>baec</strong></span> <span class='ocrx_word' id='word_1_385' title='bbox 1786 3120 1975 3183; x_wconf 85' lang='lat' dir='ltr'><strong>innuit,</strong></span> <span class='ocrx_word' id='word_1_386' title='bbox 2030 3120 2334 3184; x_wconf 70' lang='lat' dir='ltr'><strong>‘flupanaria</strong></span> <span class='ocrx_word' id='word_1_387' title='bbox 2373 3118 2617 3169; x_wconf 83' lang='lat' dir='ltr'><strong>astabant</strong></span> <span class='ocrx_word' id='word_1_388' title='bbox 2649 3119 2706 3167; x_wconf 90' lang='lat' dir='ltr'><strong>il-</strong></span> 
     </span>
     <span class='ocr_line' id='line_1_64' title="bbox 1634 3195 2473 3261; baseline -0.005 -13"><span class='ocrx_word' id='word_1_389' title='bbox 1634 3198 1882 3248; x_wconf 87' lang='lat' dir='ltr'><strong>lustribus</strong></span> <span class='ocrx_word' id='word_1_390' title='bbox 1906 3195 2128 3246; x_wconf 82' lang='lat' dir='ltr'><strong>foeminis</strong></span> <span class='ocrx_word' id='word_1_391' title='bbox 2152 3196 2416 3261; x_wconf 88' lang='lat' dir='ltr'><strong>completa</strong></span> <span class='ocrx_word' id='word_1_392' title='bbox 2435 3195 2473 3244; x_wconf 63' lang='grc' dir='ltr'><strong><em>Ρ</em></strong></span> 
     </span>
     <span class='ocr_line' id='line_1_65' title="bbox 1702 3271 2702 3340; baseline -0.006 -15"><span class='ocrx_word' id='word_1_393' title='bbox 1702 3274 2061 3340; x_wconf 80' lang='lat' dir='ltr'><strong>Crepidinibus]</strong></span> <span class='ocrx_word' id='word_1_394' title='bbox 2109 3272 2334 3327; x_wconf 77' lang='lat' dir='ltr'><strong>Fornices</strong></span> <span class='ocrx_word' id='word_1_395' title='bbox 2370 3271 2702 3335; x_wconf 78' lang='lat' dir='ltr'><strong>intelligunt3</strong></span> 
     </span>
     <span class='ocr_line' id='line_1_66' title="bbox 1641 3348 2704 3418; baseline -0.004 -15"><span class='ocrx_word' id='word_1_396' title='bbox 1641 3352 1734 3403; x_wconf 87' lang='lat' dir='ltr'><strong>sed</strong></span> <span class='ocrx_word' id='word_1_397' title='bbox 1760 3360 1905 3418; x_wconf 89' lang='lat' dir='ltr'><strong>puto,</strong></span> <span class='ocrx_word' id='word_1_398' title='bbox 1936 3352 2214 3402; x_wconf 87' lang='lat' dir='ltr'><strong>discrimen</strong></span> <span class='ocrx_word' id='word_1_399' title='bbox 2246 3348 2384 3411; x_wconf 86' lang='lat' dir='ltr'><strong>fuit;</strong></span> <span class='ocrx_word' id='word_1_400' title='bbox 2419 3363 2540 3398; x_wconf 90' lang='lat' dir='ltr'><strong>nam</strong></span> <span class='ocrx_word' id='word_1_401' title='bbox 2563 3350 2704 3412; x_wconf 77' lang='lat' dir='ltr'><strong>lupa·</strong></span> 
     </span>
     <span class='ocr_line' id='line_1_67' title="bbox 1639 3422 2757 3488; baseline -0.004 -11"><span class='ocrx_word' id='word_1_402' title='bbox 1639 3429 1786 3478; x_wconf 88' lang='lat' dir='ltr'><strong>naria</strong></span> <span class='ocrx_word' id='word_1_403' title='bbox 1805 3428 1894 3477; x_wconf 86' lang='lat' dir='ltr'><strong>illa</strong></span> <span class='ocrx_word' id='word_1_404' title='bbox 1928 3428 2165 3478; x_wconf 84' lang='lat' dir='ltr'><strong>consulto</strong></span> <span class='ocrx_word' id='word_1_405' title='bbox 2199 3431 2488 3488; x_wconf 81' lang='lat' dir='ltr'><strong>exstructa,</strong></span> <span class='ocrx_word' id='word_1_406' title='bbox 2509 3430 2569 3474; x_wconf 90' lang='lat' dir='ltr'><strong>et</strong></span> <span class='ocrx_word' id='word_1_407' title='bbox 2602 3422 2703 3473; x_wconf 62' lang='lat' dir='ltr'><strong>fora</strong></span> <span class='ocrx_word' id='word_1_408' title='bbox 2748 3447 2757 3455; x_wconf 81' lang='grc'><em>·</em></span> 
     </span>
     <span class='ocr_line' id='line_1_68' title="bbox 1638 3502 2725 3568; baseline -0.005 -14"><span class='ocrx_word' id='word_1_409' title='bbox 1638 3506 1780 3554; x_wconf 88' lang='lat' dir='ltr'><strong>uices</strong></span> <span class='ocrx_word' id='word_1_410' title='bbox 1806 3520 1861 3554; x_wconf 89' lang='lat' dir='ltr'><strong>se</strong></span> <span class='ocrx_word' id='word_1_411' title='bbox 1887 3504 2010 3568; x_wconf 85' lang='lat' dir='ltr'><strong>ipsis</strong></span> <span class='ocrx_word' id='word_1_412' title='bbox 2032 3502 2299 3566; x_wconf 84' lang='lat' dir='ltr'><strong>lupanaria</strong></span> <span class='ocrx_word' id='word_1_413' title='bbox 2318 3507 2455 3550; x_wconf 88' lang='lat' dir='ltr'><strong>sunt.</strong></span> <span class='ocrx_word' id='word_1_414' title='bbox 2721 3509 2725 3516; x_wconf 82' lang='lat'>’</span> 
     </span>
     <span class='ocr_line' id='line_1_69' title="bbox 1701 3573 2702 3643; baseline -0.006 -12"><span class='ocrx_word' id='word_1_415' title='bbox 1701 3587 1722 3612; x_wconf 81' lang='lat'>⁸</span> <span class='ocrx_word' id='word_1_416' title='bbox 1755 3581 1913 3630; x_wconf 79' lang='lat' dir='ltr'><strong>Nudis</strong></span> <span class='ocrx_word' id='word_1_417' title='bbox 1928 3578 2221 3643; x_wconf 78' lang='lat' dir='ltr'><strong>corporibus]</strong></span> <span class='ocrx_word' id='word_1_418' title='bbox 2254 3578 2338 3629; x_wconf 85' lang='lat' dir='ltr'><strong>Ita</strong></span> <span class='ocrx_word' id='word_1_419' title='bbox 2356 3584 2631 3642; x_wconf 87' lang='lat' dir='ltr'><strong>receptum</strong></span> <span class='ocrx_word' id='word_1_420' title='bbox 2652 3573 2702 3626; x_wconf 88' lang='lat' dir='ltr'><strong>in</strong></span> 
     </span>
     <span class='ocr_line' id='line_1_70' title="bbox 1637 3653 2714 3720; baseline -0.005 -14"><span class='ocrx_word' id='word_1_421' title='bbox 1637 3656 1953 3720; x_wconf 73' lang='lat' dir='ltr'><strong>prostitutiS,</strong></span> <span class='ocrx_word' id='word_1_422' title='bbox 2019 3661 2077 3704; x_wconf 87' lang='lat' dir='ltr'><strong>ut</strong></span> <span class='ocrx_word' id='word_1_423' title='bbox 2141 3653 2294 3703; x_wconf 82' lang='lat' dir='ltr'><strong>nudae</strong></span> <span class='ocrx_word' id='word_1_424' title='bbox 2367 3653 2714 3703; x_wconf 65' lang='lat' dir='ltr'><strong>ostenderent*</strong></span> 
     </span>
     <span class='ocr_line' id='line_1_71' title="bbox 1639 3728 2705 3799; baseline -0.004 -17"><span class='ocrx_word' id='word_1_425' title='bbox 1639 3733 1886 3799; x_wconf 88' lang='lat' dir='ltr'><strong>quicquid</strong></span> <span class='ocrx_word' id='word_1_426' title='bbox 1912 3732 2008 3783; x_wconf 87' lang='lat' dir='ltr'><strong>sui.</strong></span> <span class='ocrx_word' id='word_1_427' title='bbox 2041 3730 2340 3783; x_wconf 83' lang='lat' dir='ltr'><strong>Juvenalis:</strong></span> <span class='ocrx_word' id='word_1_428' title='bbox 2391 3730 2406 3756; x_wconf 89' lang='lat'>‘</span> <span class='ocrx_word' id='word_1_429' title='bbox 2433 3736 2545 3779; x_wconf 87' lang='lat' dir='ltr'><strong>tum</strong></span> <span class='ocrx_word' id='word_1_430' title='bbox 2570 3728 2705 3779; x_wconf 84' lang='lat' dir='ltr'><strong>nuda</strong></span> 
     </span>
    </p>
   </div>
   <div class='ocr_carea' id='block_1_14' title="bbox 1546 3808 2364 3875">
    <p class='ocr_par' dir='ltr' id='par_1_20' title="bbox 1546 3808 2364 3875">
     <span class='ocr_line' id='line_1_72' title="bbox 1546 3808 2364 3875; baseline -0.005 -15"><span class='ocrx_word' id='word_1_431' title='bbox 1546 3831 1553 3841; x_wconf 94' lang='lat'><em>·</em></span> <span class='ocrx_word' id='word_1_432' title='bbox 1639 3811 1845 3875; x_wconf 86' lang='lat' dir='ltr'><strong>papillis</strong></span> <span class='ocrx_word' id='word_1_433' title='bbox 1863 3808 2113 3860; x_wconf 88' lang='lat' dir='ltr'><strong>Constitit</strong></span> <span class='ocrx_word' id='word_1_434' title='bbox 2135 3808 2364 3858; x_wconf 63' lang='lat' dir='ltr'><strong>auratis)</strong></span> 
     </span>
    </p>
   </div>
   <div class='ocr_carea' id='block_1_15' title="bbox 1635 3876 2717 4344">
    <p class='ocr_par' dir='ltr' id='par_1_21' title="bbox 1635 3876 2717 4344">
     <span class='ocr_line' id='line_1_73' title="bbox 1701 3876 2714 3950; baseline -0.005 -14"><span class='ocrx_word' id='word_1_435' title='bbox 1701 3886 2035 3950; x_wconf 87' lang='lat' dir='ltr'><strong>Lampridius</strong></span> <span class='ocrx_word' id='word_1_436' title='bbox 2071 3876 2376 3948; x_wconf 75' lang='lat' dir='ltr'><strong>Eliogabalo</strong></span> <span class='ocrx_word' id='word_1_437' title='bbox 2396 3901 2421 3933; x_wconf 50' lang='grc' dir='ltr'><strong>εἸ</strong></span> <span class='ocrx_word' id='word_1_438' title='bbox 2455 3883 2472 3911; x_wconf 92' lang='lat'>‘</span> <span class='ocrx_word' id='word_1_439' title='bbox 2494 3883 2567 3932; x_wconf 92' lang='lat' dir='ltr'><strong>Et</strong></span> <span class='ocrx_word' id='word_1_440' title='bbox 2586 3896 2714 3937; x_wconf 72' lang='lat' dir='ltr'><strong>cum,</strong></span> 
     </span>
     <span class='ocr_line' id='line_1_74' title="bbox 1635 3959 2702 4030; baseline -0.006 -17"><span class='ocrx_word' id='word_1_441' title='bbox 1635 3962 1701 4013; x_wconf 86' lang='lat' dir='ltr'><strong>ad</strong></span> <span class='ocrx_word' id='word_1_442' title='bbox 1745 3963 2047 4013; x_wconf 84' lang='lat' dir='ltr'><strong>meretrices</strong></span> <span class='ocrx_word' id='word_1_443' title='bbox 2082 3960 2267 4012; x_wconf 85' lang='lat' dir='ltr'><strong>habitu</strong></span> <span class='ocrx_word' id='word_1_444' title='bbox 2302 3959 2545 4010; x_wconf 87' lang='lat' dir='ltr'><strong>muliebri</strong></span> <span class='ocrx_word' id='word_1_445' title='bbox 2587 3974 2702 4030; x_wconf 79' lang='lat' dir='ltr'><strong>pro·</strong></span> 
     </span>
     <span class='ocr_line' id='line_1_75' title="bbox 1635 4036 2717 4104; baseline -0.004 -14"><span class='ocrx_word' id='word_1_446' title='bbox 1635 4041 1897 4102; x_wconf 87' lang='lat' dir='ltr'><strong>cessisset,</strong></span> <span class='ocrx_word' id='word_1_447' title='bbox 1943 4038 2140 4104; x_wconf 87' lang='lat' dir='ltr'><strong>papilla</strong></span> <span class='ocrx_word' id='word_1_448' title='bbox 2202 4036 2408 4101; x_wconf 85' lang='lat' dir='ltr'><strong>ejecta.&#39;</strong></span> <span class='ocrx_word' id='word_1_449' title='bbox 2489 4036 2717 4101; x_wconf 73' lang='lat' dir='ltr'><strong>Optime,</strong></span> 
     </span>
     <span class='ocr_line' id='line_1_76' title="bbox 1636 4112 2699 4168; baseline -0.007 0"><span class='ocrx_word' id='word_1_450' title='bbox 1636 4117 1864 4168; x_wconf 88' lang='lat' dir='ltr'><strong>omnium</strong></span> <span class='ocrx_word' id='word_1_451' title='bbox 1883 4116 1987 4167; x_wconf 89' lang='lat' dir='ltr'><strong>Dio</strong></span> <span class='ocrx_word' id='word_1_452' title='bbox 2004 4116 2058 4165; x_wconf 90' lang='lat' dir='ltr'><strong>in</strong></span> <span class='ocrx_word' id='word_1_453' title='bbox 2075 4114 2260 4166; x_wconf 82' lang='lat' dir='ltr'><strong>eodem</strong></span> <span class='ocrx_word' id='word_1_454' title='bbox 2275 4120 2538 4163; x_wconf 82' lang='lat' dir='ltr'><strong>monstro:</strong></span> <span class='ocrx_word' id='word_1_455' title='bbox 2561 4114 2577 4140; x_wconf 81' lang='lat'><strong><em>⁴</em></strong></span> <span class='ocrx_word' id='word_1_456' title='bbox 2595 4112 2699 4162; x_wconf 84' lang='lat' dir='ltr'><strong>Nu-</strong></span> 
     </span>
     <span class='ocr_line' id='line_1_77' title="bbox 1638 4189 2701 4260; baseline -0.008 -16"><span class='ocrx_word' id='word_1_457' title='bbox 1638 4194 1736 4244; x_wconf 87' lang='lat' dir='ltr'><strong>dus</strong></span> <span class='ocrx_word' id='word_1_458' title='bbox 1766 4207 1974 4258; x_wconf 79' lang='lat' dir='ltr'><strong>semper</strong></span> <span class='ocrx_word' id='word_1_459' title='bbox 2011 4192 2186 4242; x_wconf 85' lang='lat' dir='ltr'><strong>stabat</strong></span> <span class='ocrx_word' id='word_1_460' title='bbox 2218 4191 2277 4260; x_wconf 73' lang='lat' dir='ltr'><strong>in</strong></span> <span class='ocrx_word' id='word_1_461' title='bbox 2300 4189 2500 4255; x_wconf 88' lang='lat' dir='ltr'><strong>limine,</strong></span> <span class='ocrx_word' id='word_1_462' title='bbox 2520 4195 2581 4239; x_wconf 87' lang='lat' dir='ltr'><strong>ut</strong></span> <span class='ocrx_word' id='word_1_463' title='bbox 2600 4202 2701 4237; x_wconf 87' lang='lat' dir='ltr'><strong>me·</strong></span> 
     </span>
     <span class='ocr_line' id='line_1_78' title="bbox 1638 4262 2695 4344; baseline -0.009 -21"><span class='ocrx_word' id='word_1_464' title='bbox 1638 4271 1875 4339; x_wconf 75' lang='lat' dir='ltr'><strong>tetricas,</strong></span> <span class='ocrx_word' id='word_1_465' title='bbox 1909 4275 1964 4323; x_wconf 86' lang='lat' dir='ltr'><strong>et</strong></span> <span class='ocrx_word' id='word_1_466' title='bbox 1982 4269 2251 4344; x_wconf 78' lang='lat' dir='ltr'><strong>sindonem</strong></span> <span class='ocrx_word' id='word_1_467' title='bbox 2285 4265 2460 4319; x_wconf 83' lang='lat' dir='ltr'><strong>aureis</strong></span> <span class='ocrx_word' id='word_1_468' title='bbox 2499 4262 2695 4318; x_wconf 76' lang='lat' dir='ltr'><strong>annulis</strong></span> 
     </span>
    </p>
   </div>
  </div>
 </body>
</html>
