3063 4952
313 430 667 510 ιαμ]-
1021 417 1443 491 srms‘muu
1496 439 1645 487 un.
1690 439 1856 490 xiv.
2388 430 2570 506 1729

345 581 700 669 Praecipui
728 584 979 669 quique
1001 583 1380 663 Icenorum,
1406 586 1603 668 quasi
1623 591 1932 652 cunctam
1955 587 2283 671 regionem
2307 592 2565 660 muneri

344 684 835 770 accepissent}
859 689 1053 752 avitis
1080 687 1276 752 bonis
1297 696 1651 768 exuuntur,
1681 696 1750 753 et
1772 691 2127 775 propinqui
2148 691 2360 775 Regis
2388 694 2572 763 inter-

341 792 695 875 mancipia
722 792 1151 856 habebantur.
1244 791 1401 870 Qua
1429 794 1849 871 contumelia,
1877 798 1945 858 et
1977 800 2157 858 metu
2184 795 2564 877 graviorum

340 892 656 982 (quando
708 894 775 956 in
828 892 1111 956 formam
1168 893 1574 975 provinciae⁸
1614 893 1984 979 cesserant)
2037 898 2301 980 rapiunt
2355 918 2564 977 arma,

345 998 710 1066 commotis
740 997 827 1061 ad
857 993 1398 1072 rebellationem,⁶
1422 996 1976 1063 Trinobantibus·
1995 1003 2083 1077 et,
2112 1001 2227 1084 qui
2254 1000 2368 1065 alii
2397 1021 2560 1066 non-

341 1101 509 1173 dum
560 1101 823 1165 servitio
851 1099 1103 1177 fracti,⁷
1146 1119 1475 1165 resumere
1512 1100 1883 1165 libertatem
1933 1102 2217 1166 occultis
2261 1102 2566 1187 conjura·

340 1202 637 1267 tionibus
664 1204 1090 1286 pepigerant;
1136 1202 1459 1287 acerrimo
1487 1202 1556 1265 in
1582 1209 1934 1267 veteranos
1964 1202 2159 1268 odio:
2218 1206 2470 1288 quippe
2492 1207 2565 1270 in

338 1306 683 1373 coloniam
707 1302 1274 1369 Camulodunumb
1299 1323 1522 1368 recens
1552 1303 1846 1382 deducti,
1870 1304 2207 1389 pellebant
2235 1305 2565 1387 domibus,

340 1410 792 1477 exturbabant
830 1410 1032 1493 agris,
1086 1412 1105 1441 ‘
1140 1407 1471 1491 captivoS,
1524 1405 1775 1473 servos'
1826 1406 2267 1491 appellando:
2334 1400 2564 1474 foven-

343 1610 592 1661 Primarii
628 1611 795 1676 quique
826 1611 1073 1661 Icenorum
1093 1608 1240 1658 avitis
1275 1607 1441 1671 opibus
1476 1607 1757 1671 spoliantur,
1787 1607 1924 1670 qnasi
1960 1612 2109 1657 totam
2134 1608 2428 1673 provinciam
2447 1612 2566 1661 dono

335 1677 638 1740 possiderent
661 1676 902 1738 Romani,
924 1680 974 1726 et
993 1673 1325 1736 consanguinei
1346 1674 1475 1734 regis
1493 1674 1623 1723 inter·
1651 1686 1809 1722 senos
1841 1673 2164 1722 censebantur.
2236 1676 2343 1731 Qua
2365 1676 2564 1741 injuria,

340 1747 391 1790 et
413 1741 705 1792 acerbior-run
714 1741 996 1802 formidine,
1014 1742 1163 1804 (quia
1184 1739 1366 1788 redacti
1386 1744 1522 1787 erant
1544 1740 1596 1787 in
1617 1739 1802 1787 modurn
1820 1740 2130 1801 monheim)
2159 1744 2306 1788 munt
2326 1742 2390 1788 ad
2409 1755 2565 1805 arma,

337 1806 541 1856 concitis
559 1809 622 1855 ad
640 1805 944 1868 defectionem
984 1803 1366 1865 Trinobantibus,
1397 1805 1565 1867 quique
1584 1804 1671 1852 alii
1691 1805 1894 1852 nondam
1914 1803 2127 1867 obsequio
2147 1804 2278 1864 facti
2311 1806 2564 1871 suetique,

344 1871 545 1921 secretis
580 1871 1015 1936 conspirationibus,
1046 1870 1317 1919 societatem
1337 1869 1544 1917 inierant
1566 1870 1624 1918 de
1655 1871 1976 1932 recuperanda
2013 1870 2249 1932 libertate,
2281 1872 2569 1931 gravissima

333 1934 393 1986 in
414 1943 664 1987 veteranos
694 1938 786 1986 ira.
856 1938 986 1985 Nam
1005 1950 1153 1998 nuper
1183 1935 1383 1996 ascripti
1420 1935 1473 1983 in
1504 1934 1731 1983 coloniam
1757 1935 2123 1983 Camulodunum
2154 1935 2271 1984 illos
2311 1936 2563 1996 ejiciebant

336 2001 549 2067 natta,
561 2002 763 2067 proediis
779 2001 1031 2067 pellebat,
1052 2001 1240 2063 victos,
1262 2005 1311 2049 ct
1333 1999 1591 2063 mancipia
1627 2000 1952 2064 nuncupando,
1985 1999 2219 2050 militibus
2250 2000 2368 2051 aliis
2397 2001 2564 2062 desen-

1275 2161 1639 2182 ‘watto

336 2281 553 2334 habent·
570 2282 832 2332 Boudicca.
897 2280 1080 2330 Scribo
1123 2294 1239 2330 cum
1286 2279 1478 2343 Rapio.
1513 2280 1566 2328 in
1593 2281 1733 2330 Hist.
1769 2278 1924 2344 Angl.
1962 2290 2019 2330 et
2051 2281 2265 2343 Bipont.
2300 2282 2559 2334 Boudicca.

343 2347 631 2398 obeth—6
664 2347 749 2396 Ita
773 2347 902 2395 Mss.
947 2346 1089 2395 Flor.
1132 2342 1306 2395 Guelf.
1349 2344 1512 2393 editio
1558 2347 1803 2407 princeps
1832 2351 1889 2394 et
1926 2347 2258 2395 recentiores.
2325 2347 2388 2396 In
2430 2349 2558 2397 Mss.

336 2410 496 2462 Bodl.
542 2412 652 2462 Jes.
693 2418 750 2462 et
787 2412 1125 2472 Puteolanus,
1182 2408 1495 2458 rebellionem.
1518 2414 1635 2457 -7
1671 2408 1879 2458 Ser-vitio
1926 2408 2059 2468 facti
2096 2411 2325 2461 Brotier.
2371 2419 2429 2461 et
2480 2412 2556 2462 sic

337 2478 474 2529 Mss.
506 2479 641 2541 Reg.
684 2479 820 2528 Flor.
853 2478 1015 2527 editio
1052 2476 1294 2541 princeps
1332 2482 1389 2525 et
1427 2475 1761 2525 recentiores.
1830 2475 1960 2524 Mss.
2002 2475 2150 2525 Harl.
2173 2478 2324 2527 Bodl.
2349 2480 2462 2530 Jes.
2502 2484 2560 2527 et

341 2542 684 2606 Puteolanus,
715 2543 982 2602 assuefacti.
1069 2543 1174 2592 Ms.
1210 2541 1340 2606 Agr.
1368 2540 1547 2603 fracti,
1599 2541 1736 2605 quod
1775 2541 2062 2604 elegantius
2103 2543 2328 2591 videtur.
2418 2543 2562 2593 m

329 2606 2557 2739 233⁰‘gz’ssffi‘sstz15233532‘92.m13,203ffi..‘55?¹223⁰2gssffizssss‘tffi‘ffgz‘

368 2733 373 2739 .
1201 2707 1219 2731 ε
1868 2707 1881 2724 ·
2020 2706 2034 2721 ·
2540 2697 2561 2710 ·

390 2807 393 2812 “
1346 2802 1562 2854 NOTAE

341 2919 399 2974 in
420 2919 533 2969 vita
554 2918 834 2984 Agricolae,
862 2920 1102 2983 Voadicea,
1132 2919 1405 2984 scriptum.
1553 2927 1573 2953 ²
1593 2920 1654 2971 In
1662 2919 1877 2982 sormam
1905 2919 2183 2985 provincia]
2250 2918 2409 2969 Forte
2433 2917 2556 2982 quia

340 2995 441 3046 Est
453 2995 561 3058 illa,
579 3011 735 3062 quam
752 2997 1000 3060 perplexe
1015 2995 1216 3059 Gildss,
1230 2999 1245 3024 ⁸
1262 2997 1407 3046 Leae-

340 3082 463 3128 nam
503 3071 766 3133 dolosam,’
810 3073 1064 3136 appellat,
1101 3073 1117 3100 ‘
1134 3087 1251 3137 quae
1293 3086 1407 3122 rec·

343 3155 485 3202 tores
526 3149 626 3200 sibi
666 3150 875 3202 relictos
898 3147 1220 3200 trucidavit!
1288 3149 1408 3212 Lip-

337 3241 452 3282 W.

402 3305 493 3355 Sic
536 3304 678 3355 varie
696 3347 699 3352 .
720 3304 949 3356 scribere
998 3295 1132 3355 solet
1183 3303 1404 3353 Tacitus

339 3384 556 3447 propria
573 3383 781 3433 nomina
801 3383 1005 3441 urbium
1044 3395 1323 3446 regumque
1348 3387 1404 3429 et

338 3460 654 3524 reginarum.
707 3461 795 3511 Sic
814 3460 1078 3520 Artaxata,
1095 3466 1148 3508 et
1175 3458 1404 3520 'ss‘grano-

340 3540 488 3597 cena,
522 3537 685 3586 ‘modo
722 3536 776 3585 in
819 3535 1025 3600 plurali,
1067 3534 1220 3584 modo
1257 3540 1315 3583 et
1347 3534 1401 3582 in

340 3613 592 3679 singulari
623 3619 859 3678 usurpat.
892 3611 978 3662 Sic
1008 3612 1277 3674 Vologesias,
1294 3625 1401 3660 mo-

343 3690 434 3741 do.
461 3692 702 3754 Vologeses
742 3689 1058 3755 appellatur,
1097 3695 1155 3738 et
1194 3688 1296 3738 alia
1337 3688 1403 3737 sl·

341 3767 497 3818 milia.

406 3851 430 3886 5
456 3844 653 3895 Manen-i
670 3844 973 3907 accepissent]
1026 3841 1244 3893 Romani
1263 3855 1402 3892 nem·

342 3935 429 3986 pe,
458 3936 551 3972 seu
586 3921 757 3986 potius
792 3919 930 3969 servi
967 3927 1025 3969 et
1062 3918 1235 3974 liberti
1266 3915 1401 3966 forte

345 3997 656 4066 Gaesariani,
688 3996 831 4063 quasi
877 4001 1042 4046 totam
1083 3993 1403 4058 provinciam

326 4074 476 4130 ,dono
497 4074 635 4136 regis
651 4071 998 4136 accepissent,
1027 4085 1128 4119 non
1150 4070 1303 4120 modo
1326 4084 1405 4118 re-

350 4151 482 4215 giam
503 4151 708 4202 domum
743 4157 799 4199 et
819 4163 947 4213 opes
977 4148 1287 4213 principales
1328 4148 1403 4197 in-

346 4228 554 4290 vadunt,
570 4227 665 4277 sed
680 4227 837 4277 etiam
853 4226 958 4275 alia
971 4226 1249 4277 Icenorum
1264 4224 1407 4275 nobi-

348 4302 470 4355 lium
489 4303 626 4370 bona
647 4302 918 4366 diripiunt.
975 4333 980 4338 -

472 4382 648 4450 Βρεμι.
667 4389 718 4435 et
740 4383 863 4436 Var.
884 4384 1018 4434 clas.

1486 3012 1581 3048 rex
1620 3014 1722 3048 non
1759 2999 1924 3051 solum
1985 3004 2186 3063 partem
2230 3011 2407 3061 opum,
2461 2994 2558 3044 sed

1487 3074 1648 3124 etiam
1698 3081 1904 3139 partem
1973 3074 2185 3125 ditionis
2242 3077 2558 3123 testamento

1488 3152 1686 3202 Caesari
1722 3151 2033 3218 reliquerat:
2068 3152 2189 3201 binc
2223 3155 2409 3201 cetera
2441 3148 2558 3198 Ice-

1485 3242 1670 3278 norum
1712 3228 1848 3280 bona
1896 3227 2179 3279 invadendi
2231 3226 2557 3277 occasionem

1485 3313 1726 3366 sumunt3
1760 3306 1880 3355 hinc
1912 3305 2116 3369 corpori
2138 3303 2359 3353 filiarum
2391 3301 2555 3351 here-

1484 3381 1608 3431 dum
1632 3382 1781 3446 regni
1796 3382 2020 3441 illusum,
2040 3382 2058 3409 ‘
2078 3394 2248 3445 neque
2279 3378 2415 3429 enim
2438 3391 2557 3426 sex·

1481 3473 1569 3506 um
1595 3458 1647 3506 in
1681 3458 1909 3522 imperiis
1941 3455 2258 3507 discernunt’
2281 3454 2551 3505 Britanni:

1482 3534 1602 3583 hinc
1624 3547 1867 3596 proceres
1890 3540 1947 3582 et
1966 3531 2242 3597 propinqui
2266 3531 2399 3596 regis
2416 3531 2555 3581 inter

1482 3609 1743 3673 mancipia
1760 3609 1947 3671 habiti,
1967 3608 2114 3673 quasi
2133 3607 2298 3658 ‘totum
2336 3621 2556 3671 regnum

1484 3685 1619 3735 dono
1640 3686 1984 3751 accepissent.

1549 3770 1573 3795 ⁸
1596 3761 1987 3824 Trinobantibus]
2007 3759 2367 3822 Trinobantes,
2389 3774 2555 3824 popu·

1484 3840 1518 3888 li
1535 3839 1792 3901 Albionis,
1813 3853 1906 3904 seu
1928 3838 2214 3888 Britanuiae
2241 3835 2455 3900 Majoris
2479 3835 2557 3884 iu·

1484 3918 1630 3977 sulm,
1668 3917 1719 3966 in
1766 3930 1860 3965 ora
1893 3914 2165 3973 orientali;
2202 3919 2384 3976 postea
2429 3924 2553 3960 vero

1482 3992 1676 4042 Flaviae
1700 3990 2036 4041 Caesariensis
2056 3987 2371 4053 provinciae:
2394 3985 2552 4035 hodie

1481 4071 1760 4121 comitatus
1786 4070 1941 4118 Essex
1974 4074 2030 4116 et
2052 4066 2340 4124 Middleseae,
2361 4063 2411 4110 in
2435 4075 2558 4124 reg·.

1481 4163 1550 4197 no
1572 4146 1781 4211 Angliae
1803 4145 1870 4197 ad
1888 4145 2162 4195 Orientem
2184 4146 2242 4191 et
2254 4137 2554 4192 Meridiem.

1490 4223 1815 4275 Tillemonins.
