3063 4952
558 399 745 474 153⁴.

559 568 757 649 atque
787 562 1418 645 Nuceria,¹¹'additis
1447 568 1830 648 veteranis‚⁰
1856 568 2132 636 firmatae
2177 577 2377 638 sunt:
2424 547 2779 663 plebeique

562 669 1452 754 congiariumsquadringeni³
1482 675 1765 739 nummis
1791 674 2068 739 viritimq
2099 676 2261 756 dati,
2294 682 2362 750 et
2406 682 2791 746 sestertium·

561 771 1115 857 quadringentiesr
1170 775 1408 839 aerario
1465 777 1746 842 illatum-
1774 783 1900 856 est‚
1952 780 2040 844 ad
2087 779 2496 847 retinendam
2540 784 2780 868 populi

1276 423 1339 469 c.
1370 407 1748 479 ‘connum
1797 397 2062 474 'rAcrriss
2454 403 2548 499 [³24ss
2568 433 2781 488 usu.

557 955 792 1018 adiunctis
811 958 1049 1009 veteranis
1066 974 1085 1017 ,·
1105 964 1151 1009 et
1173 960 1417 1011 distributi
1438 931 1548 1011 sunt
1569 962 1710 1026 plebi,
1736 976 1924 1027 nempe
1940 962 2164 1027 singulis,
2187 971 2242 1014 et
2258 979 2347 1028 per
2366 965 2528 1031 cupita
2544 965 2773 1030 quadrin-

555 1023 692 1086 genti
705 1026 901 1087 nummi,
925 1025 978 1074 id
999 1026 1291 1088 congiarium
1321 1025 1454 1088 fuit3
1491 1032 1540 1077 et
1583 1030 1854 1078 sestertium
1893 1030 2281 1093 quadringenties
2318 1031 2584 1096 depositum
2617 1037 2692 1081 est
2723 1032 2778 1080 in

1488 1157 1847 1178 OOOOOOOOOOOO

562 1249 697 1287 sere.
732 1238 1042 1290 Baetim—3
1078 1239 1222 1290 Bene
1245 1240 1373 1290 Mss.
1398 1239 1554 1290 Bodl.
1578 1246 1633 1289 et
1648 1240 1759 1292 Jes.
1783 1245 1899 1291 400.
1922 1240 2118 1290 nummi.
2181 1240 2328 1291 Male
2344 1239 2509 1293 editio
2535 1240 2783 1307 princeps

561 1309 618 1352 et
639 1303 765 1353 Mss.
789 1304 928 1355 Flor.
952 1305 1085 1370 Reg.
1110 1304 1286 1356 Guelf.
1310 1306 1609 1370 quadrigeni.
1675 1306 1841 1370 Pejus
1861 1305 2208 1369 emendatum,
2239 1308 2532 1371 quadrageni
2553 1322 2573 1366 ‚·
2612 1307 2783 1357 divisis

553 1371 725 1433 populo
779 1370 966 1421 viritim
1016 1372 1353 1435 quadringenis
1404 1371 1626 1434 nummis,
1683 1378 1822 1422 teste
1864 1371 2113 1422 Suetonio
2155 1372 2209 1421 in
2256 1373 2390 1423 Ner.
2424 1387 2482 1425 x.
2550 1374 2712 1425 Idem.
2777 1379 2780 1382 '

1559 1520 1771 1571 NOTAE

627 1628 653 1656 ⁰
683 1623 883 1674 Additis
932 1624 1187 1689 mis]
1250 1624 1339 1675 Sic
1373 1625 1634 1677 addeban-

564 1707 653 1750 tnr
677 1702 931 1766 veterani,
955 1708 1014 1752 ut
1035 1701 1246 1752 familioe
1282 1702 1461 1751 talium
1485 1702 1632 1766 oppi-

540 1797 541 1800 ¹
563 1777 746 1829 dorum
767 1794 981 1831 numero
1004 1797 1065 1832 ac
1087 1781 1274 1831 robore
1297 1785 1631 1845 augerentur,

563 1861 622 1907 et
638 1862 699 1906 ut
718 1857 792 1906 sic
816 1872 964 1907 senes
993 1857 1091 1907 viri
1112 1857 1362 1907 militares
1403 1857 1630 1921 quietem

561 1939 621 1983 et
658 1934 929 1985 commoda
971 1936 1203 1985 emeritae
1243 1934 1438 1985 militiae
1463 1934 1633 1999 perci-

564 2017 771 2073 perent.

636 2087 906 2152 Veteranis]
943 2089 1197 2140 Veterani
1215 2088 1291 2139 illi
1309 2095 1428 2154 post
1443 2087 1627 2152 viginti

563 2163 828 2228 stipendia
863 2167 1190 2216 exauctorati
1235 2165 1630 2216 deducebantur

565 2242 661 2292 sub
677 2257 779 2292 uno
804 2243 994 2294 vexillo
1011 2244 1066 2293 in
1089 2244 1350 2303 colonias;
1393 2243 1471 2292 bis
1508 2258 1630 2292 com-

563 2321 702 2369 moda
724 2321 925 2372 miiitiae
962 2329 1017 2372 et
1048 2322 1160 2386 agri
1199 2321 1626 2385 assignabantur:

562 2395 716 2462 idque
739 2413 769 2447 e
793 2412 848 2447 re
872 2399 1187 2463 principum,
1229 2397 1296 2447 ob
1332 2412 1514 2463 pacem
1536 2413 1551 2460 3
1576 2404 1630 2447 et

564 2488 594 2524 e
619 2489 676 2524 re
702 2482 1081 2541 veteranorum,
1123 2490 1341 2541 quorum
1371 2474 1533 2526 victui
1568 2490 1628 2525 ac

500 2563 504 2567 ·
562 2552 728 2618 quieti
753 2554 828 2604 sic
873 2552 1287 2614 consulebatur3
1323 2552 1631 2621 quandoque

562 2637 618 2679 et
663 2645 694 2680 e
738 2646 795 2682 re
834 2632 1060 2694 ipsorum
1099 2632 1416 2695 colonorum,
1473 2636 1636 2695 atque

563 2707 960 2771 oppidanorum,
1017 2709 1105 2774 qui
1160 2708 1233 2757 sic
1308 2707 1634 2772 augebantur

498 2808 499 2811 ¹
562 2782 1006 2850 firmabanturque
1025 2799 1243 2834 numero
1268 2792 1323 2834 et
1340 2784 1548 2836 robore.

624 2867 653 2902 Ρ
690 2862 998 2924 Quadi-ageni
1019 2862 1219 2925 nummi]
1275 2862 1553 2912 Illiberalis
1575 2863 1633 2911 li·

561 2936 828 2989 beralitas.
882 2939 1116 3004 Corrigo,
1136 2939 1476 3002 quadringeni.-
1490 2947 1547 2990 et
1565 2940 1632 2990 do

564 3022 828 3066 auctorem
845 3017 1058 3067 Sueton.
1084 3032 1130 3067 c.
1166 3021 1245 3066 1⁰.
1279 3017 1295 3045 ‘
1317 3018 1514 3068 Divisis
1542 3033 1631 3082 po·

565 3093 686 3156 pulo
729 3093 921 3143 viritim
978 3093 1345 3158 quadringenis
1390 3096 1631 3159 nummiS,

562 3175 862 3220 senatorum
912 3170 1233 3221 nobilissimo
1269 3171 1490 3236 cuique,'
1530 3175 1630 3224 &cn

561 3248 771 3313 Lipsius.

630 3326 983 3392 Quadringeni]
1017 3318 1157 3378 Sunt'
1171 3327 1354 3378 decem
1372 3327 1629 3392 coronati,

568 3417 658 3453 seu
681 3404 901 3468 triginta
926 3406 1091 3456 librae.

627 3488 653 3522 ‘1
693 3481 913 3547 Viritim]
976 3483 1053 3532 Ut
1111 3487 1256 3547 patet
1301 3497 1368 3532 ex
1414 3483 1627 3534 Sueton.

564 3556 719 3607 Cives
760 3573 860 3608 uon
907 3560 1005 3609 nisi
1042 3561 1107 3610 ab
1148 3559 1418 3609 undecimo
1450 3560 1625 3609 aetatis

563 3647 696 3684 anno
714 3636 948 3698 accipere
967 3643 1343 3686 consueverant
1362 3651 1377 3696 3
1394 3642 1627 3685 attamen

565 3711 723 3760 etiam
761 3713 1036 3777 aliquando
1073 3713 1297 3762 minores
1332 3717 1458 3760 natu
1480 3712 1630 3775 pueri

562 3787 914 3852 accipiebant,
952 3795 1012 3838 ut
1049 3788 1145 3840 sub
1174 3788 1433 3853 Augusto,
1455 3795 1511 3837 et
1534 3788 1629 3837 eti-

562 3880 643 3916 am
668 3866 916 3930 Trajauo.

488 3941 492 3944 ⁴
628 3943 766 3993 Plin.
815 3944 1011 4007 Paneg.
1045 3943 1062 3969 ‘
1086 3943 1378 4009 Antequam
1411 3949 1466 3993 te
1491 3942 1631 3992 vide·

563 4029 683 4073 rent
737 4020 1042 4070 audirentve
1095 4020 1276 4084 recipi,
1323 4020 1634 4084 iudicijus·

488 4122 495 4133 ι
561 4099 697 4162 sisti,
739 4105 799 4148 ut
826 4098 936 4162 jam
974 4097 1095 4147 inde
1119 4098 1186 4147 ab
1209 4095 1424 4146 infantia
1449 4110 1632 4160 pareu-

562 4183 671 4228 tem
728 4175 988 4240 pubiicum
1042 4189 1256 4225 munere
1308 4172 1630 4223 educationis

563 4253 932 4317 experirentur
971 4268 984 4301 :
1038 4255 1340 4302 crescerent
1394 4249 1462 4299 de
1517 4256 1629 4314 tuo,

563 4330 656 4398 qui
679 4336 974 4382 crescerent
996 4330 1113 4397 tibi,
1147 4328 1506 4397 alimentisque
1523 4327 1628 4382 tuis

1715 1625 1780 1676 ad
1804 1626 2064 1690 stipendia
2082 1631 2174 1677 tua
2196 1626 2563 1690 pervenirent.'

1775 1709 1795 1735 Γ
1827 1703 2113 1755 Sestertium
2148 1701 2553 1767 quadringenties]
2598 1699 2785 1753 Snbin-

1713 1780 1998 1845 telligenda
2041 1786 2163 1830 sunt
2206 1786 2426 1831 centena
2455 1778 2630 1830 millia.
2663 1779 2782 1829 Liv.

1712 1858 1749 1908 l.
1776 1870 1932 1908 xxw.
1956 1859 1971 1886 ‘
1995 1858 2125 1907 Cum
2150 1858 2394 1909 deessent
2411 1864 2607 1916 nautae,
2632 1857 2786 1911 Coss.

1712 1949 1779 1984 ex
1823 1934 1923 1985 SC.
1959 1934 2254 1996 edixerunt,
2283 1941 2340 1984 ut
2363 1934 2452 1998 qni
2472 1935 2532 1985 L.
2556 1934 2795 1998 AEmiliO,

1713 2018 1770 2062 et
1807 2012 1868 2062 C.
1909 2012 2157 2061 Flaminio
2202 2011 2503 2062 censoribus
2553 2010 2784 2062 millibus

1714 2089 1832 2140 aeris
1887 2090 2257 2155 quinquaginta
2305 2089 2420 2153 ipse
2479 2095 2572 2139 ant
2625 2093 2796 2152 pater

1712 2167 1825 2231 ejus
1847 2181 2031 2216 census
2053 2166 2238 2217 fuisset
2257 2181 2417 2231 usque
2441 2167 2504 2215 ad
2525 2181 2573 2217 c,
2597 2166 2785 2230 millia,

1710 2250 1802 2293 aut
1846 2243 1931 2293 cui
1971 2253 2156 2307 postea
2201 2251 2349 2294 tanta
2390 2249 2565 2294 esseut
2617 2233 2796 2307 facta,

1708 2327 1918 2369 nautam
1951 2334 2108 2369 unum
2142 2335 2258 2370 cum
2283 2335 2375 2370 sex
2414 2319 2669 2369 mensium
2694 2313 2798 2369 sti-'

1711 2398 1902 2467 pendio
1938 2397 2126 2447 daret:
2169 2398 2256 2463 qui
2278 2411 2439 2461 supra
2460 2406 2672 2447 centum
2712 2410 2782 2447 M.

1710 2490 1871 2542 usque
1886 2474 1951 2525 ad
1977 2488 2098 2525 ccc·
2114 2474 2294 2538 millia,
2318 2483 2427 2525 tres
2451 2481 2639 2524 nautas
2660 2489 2782 2525 cum

1711 2553 1974 2618 stipendio
1992 2568 2195 2603 annno:
2235 2553 2327 2618 qni
2348 2565 2506 2616 supra
2526 2564 2646 2602 ccc.
2666 2551 2790 2602 mil-

1711 2631 1781 2680 lia
1823 2645 1985 2696 nsque
2027 2629 2095 2679 ad
2139 2630 2316 2679 decies
2361 2630 2499 2691 aeris,
2547 2629 2786 2694 quinque

1713 2714 1925 2758 nautas:
1961 2708 2049 2773 qui
2066 2721 2224 2771 supra
2248 2707 2442 2770 decies,
2476 2707 2719 2772 septem.’

1776 2786 1982 2838 Quibus
2031 2784 2202 2834 verbis
2258 2784 2592 2847 ostenditur,
2630 2787 2790 2836 decies
2831 2834 2836 2837 .

1709 2864 1840 2924 oeris,
1858 2862 2033 2912 decies
2056 2869 2278 2912 centena
2300 2863 2462 2912 millia
2485 2863 2602 2912 aeris
2626 2862 2789 2928 signi-

1709 2941 1905 2993 ficare:
1963 2947 2021 2990 ut
2069 2941 2152 2990 hic
2205 2955 2308 2990 uon
2366 2955 2548 3005 parum
2605 2942 2812 3006 mirer,.

1715 3017 2142 3083 quemadmodum
2167 3017 2546 3068 oculatissimus
2582 3017 2664 3068 vir
2677 3019 2790 3070 Bu·

1713 3095 1856 3144 daeus
1877 3095 2247 3160 praevaricatus
2266 3095 2350 3145 sit.
2385 3096 2620 3146 Alciatus.

1776 3170 2209 3235 Quadringenties
2219 3176 2442 3221 centena
2458 3171 2622 3221 millia
2633 3186 2800 3223 numm

1707 3262 1866 3312 mum,
1886 3263 2084 3297 summa
2102 3263 2215 3297 cum
2236 3249 2664 3312 quadringenties
2681 3265 2788 3300 ses-

1707 3324 1867 3374 tertio
1890 3325 2070 3375 eadem
2105 3331 2201 3374 est.
2268 3325 2340 3375 Et
2362 3332 2537 3375 tamen
2560 3342 2682 3376 cnm
2710 3328 2804 3377 di·-

1708 3402 1865 3465 citur,
1919 3403 2303 3466 quadringenties
2334 3403 2620 3467 sesto-tium,
2677 3419 2802 3455 non-

1706 3479 2065 3543 intelliguntur
2103 3485 2296 3530 centena
2326 3479 2499 3543 millia,
2533 3480 2627 3530 sed
2671 3488 2789 3531 tan-

1706 3555 1970 3605 tummodo
1991 3560 2251 3606 centenum.

1773 3634 1907 3684 Nam
1921 3635 1972 3682 in
1994 3633 2247 3697 omnibus,
2268 3649 2383 3699 quae
2409 3649 2505 3698 per
2527 3633 2786 3687 adverbia
2836 3688 2845 3700 ,

1708 3709 1783 3759 sic
1802 3710 2154 3772 enuntiantur,
2193 3727 2224 3760 a
2254 3712 2407 3761 decies
2441 3727 2606 3776 usque
2627 3714 2682 3762 in
2706 3715 2786 3764 in-

1709 3786 1928 3851 finitum,
1948 3788 2131 3837 siletur
2172 3787 2585 3854 intelligiturque
2626 3797 2786 3843 cente·

1707 3881 1838 3915 num.
1905 3865 2227 3915 Vocabulum
2288 3872 2462 3915 autem
2507 3870 2787 3919 sestertium

1708 3942 1965 4006 signifieat
2008 3943 2208 4008 pondus
2239 3943 2380 3993 mille
2415 3960 2783 4000 nummorumz

1711 4027 1836 4084 quot
1880 4017 2085 4069 scilicet
2117 4020 2308 4068 nummi
2350 4021 2579 4070 sestertii
2610 4021 2667 4071 in
2702 4038 2787 4074 ar-

1684 4144 1698 4163 ,
1713 4104 1925 4162 gentum
1943 4097 2258 4159 sestertium,
2282 4097 2363 4146 vel
2386 4096 2576 4147 libram
2602 4114 2785 4164 argen-

1710 4175 1753 4223 ti
1795 4174 2107 4237 sestertium,
2153 4175 2251 4224 hoc
2284 4180 2382 4239 est,
2413 4175 2539 4225 duas
2571 4184 2630 4227 et
2663 4179 2785 4230 seli-

1707 4251 1872 4312 bram,
1897 4251 2302 4315 imputabantur.

1725 4344 1728 4347 ’
1771 4327 1940 4393 Igitur
1971 4328 2360 4394 quadringenties
2394 4322 2690 4398 senarum,
2726 4340 2784 4387 et
