<?xml version="1.0" encoding="UTF-8"?>
<!DOCTYPE html PUBLIC "-//W3C//DTD XHTML 1.0 Transitional//EN"
    "http://www.w3.org/TR/xhtml1/DTD/xhtml1-transitional.dtd">
<html xmlns="http://www.w3.org/1999/xhtml" xml:lang="en" lang="en">
 <head>
  <title>
</title>
<meta http-equiv="Content-Type" content="text/html;charset=utf-8" />
  <meta name='ocr-system' content='tesseract 3.04.00' />
  <meta name='ocr-capabilities' content='ocr_page ocr_carea ocr_par ocr_line ocrx_word'/>
</head>
<body>
  <div class='ocr_page' id='page_1' title='image "./operaomniavolum00tacigoog/operaomniavolum00tacigoog_0381.png"; bbox 0 0 3063 4952; ppageno 0'>
   <div class='ocr_carea' id='block_1_1' title="bbox 271 386 1770 461">
    <p class='ocr_par' dir='ltr' id='par_1_1' title="bbox 271 386 1770 461">
     <span class='ocr_line' id='line_1_1' title="bbox 271 386 1770 461; baseline -0.005 -14"><span class='ocrx_word' id='word_1_1' title='bbox 271 393 410 461; x_wconf 51' lang='lat' dir='ltr'><strong>J.‚c.</strong></span> <span class='ocrx_word' id='word_1_2' title='bbox 434 393 543 457; x_wconf 57' lang='grc' dir='ltr'><strong>σι]</strong></span> <span class='ocrx_word' id='word_1_3' title='bbox 945 386 1355 437; x_wconf 66' lang='lat' dir='ltr'><strong>aux-tamum</strong></span> <span class='ocrx_word' id='word_1_4' title='bbox 1408 388 1559 437; x_wconf 77' lang='lat' dir='ltr'><strong>ms.</strong></span> <span class='ocrx_word' id='word_1_5' title='bbox 1607 388 1770 439; x_wconf 76' lang='lat' dir='ltr'><strong>xiv.</strong></span> 
     </span>
    </p>
   </div>
   <div class='ocr_carea' id='block_1_2' title="bbox 2317 373 2501 489">
    <p class='ocr_par' dir='ltr' id='par_1_2' title="bbox 2317 373 2501 489">
     <span class='ocr_line' id='line_1_2' title="bbox 2317 373 2501 489; baseline -0.027 -46"><span class='ocrx_word' id='word_1_6' title='bbox 2317 373 2501 489; x_wconf 56' lang='lat'>1⁷⁵⁷„</span> 
     </span>
    </p>
   </div>
   <div class='ocr_carea' id='block_1_3' title="bbox 270 535 2505 1036">
    <p class='ocr_par' dir='ltr' id='par_1_3' title="bbox 270 535 2505 1036">
     <span class='ocr_line' id='line_1_3' title="bbox 276 535 2493 622; baseline 0 -19"><span class='ocrx_word' id='word_1_7' title='bbox 276 537 406 607; x_wconf 81' lang='lat' dir='ltr'><strong>bus</strong></span> <span class='ocrx_word' id='word_1_8' title='bbox 436 537 881 618; x_wconf 85' lang='lat' dir='ltr'><strong>deliberatum</strong></span> <span class='ocrx_word' id='word_1_9' title='bbox 924 537 1070 600; x_wconf 75' lang='lat' dir='ltr'><strong>est‘e</strong></span> <span class='ocrx_word' id='word_1_10' title='bbox 1134 535 1270 600; x_wconf 86' lang='lat' dir='ltr'><strong>Sed</strong></span> <span class='ocrx_word' id='word_1_11' title='bbox 1296 540 1386 613; x_wconf 89' lang='lat' dir='ltr'><strong>et,</strong></span> <span class='ocrx_word' id='word_1_12' title='bbox 1429 537 1513 600; x_wconf 88' lang='lat' dir='ltr'><strong>si¹</strong></span> <span class='ocrx_word' id='word_1_13' title='bbox 1561 557 1733 602; x_wconf 88' lang='lat' dir='ltr'><strong>nune</strong></span> <span class='ocrx_word' id='word_1_14' title='bbox 1768 537 2052 622; x_wconf 85' lang='lat' dir='ltr'><strong>primum</strong></span> <span class='ocrx_word' id='word_1_15' title='bbox 2074 537 2493 607; x_wconf 86' lang='lat' dir='ltr'><strong>statuendum</strong></span> 
     </span>
     <span class='ocr_line' id='line_1_4' title="bbox 276 639 2500 720; baseline -0.001 -11"><span class='ocrx_word' id='word_1_16' title='bbox 276 643 704 720; x_wconf 80' lang='lat' dir='ltr'><strong>haberemus3</strong></span> <span class='ocrx_word' id='word_1_17' title='bbox 752 639 1125 718; x_wconf 75' lang='lat' dir='ltr'><strong>creditisne,</strong></span> <span class='ocrx_word' id='word_1_18' title='bbox 1148 659 1419 707; x_wconf 81' lang='lat' dir='ltr'><strong>servum</strong></span> <span class='ocrx_word' id='word_1_19' title='bbox 1457 642 1888 707; x_wconf 86' lang='lat' dir='ltr'><strong>interficiendi</strong></span> <span class='ocrx_word' id='word_1_20' title='bbox 1918 642 2170 707; x_wconf 87' lang='lat' dir='ltr'><strong>domini</strong></span> <span class='ocrx_word' id='word_1_21' title='bbox 2195 643 2500 707; x_wconf 75' lang='lat' dir='ltr'><strong>animum</strong></span> 
     </span>
     <span class='ocr_line' id='line_1_5' title="bbox 282 744 2500 829; baseline -0.005 -15"><span class='ocrx_word' id='word_1_22' title='bbox 282 746 659 821; x_wconf 80' lang='lat' dir='ltr'><strong>sumsisse-,²</strong></span> <span class='ocrx_word' id='word_1_23' title='bbox 703 748 777 807; x_wconf 92' lang='lat' dir='ltr'><strong>ut</strong></span> <span class='ocrx_word' id='word_1_24' title='bbox 819 761 951 807; x_wconf 93' lang='lat' dir='ltr'><strong>non</strong></span> <span class='ocrx_word' id='word_1_25' title='bbox 996 762 1134 808; x_wconf 79' lang='lat' dir='ltr'><strong>vox</strong></span> <span class='ocrx_word' id='word_1_26' title='bbox 1161 744 1395 811; x_wconf 84' lang='lat' dir='ltr'><strong>minax</strong></span> <span class='ocrx_word' id='word_1_27' title='bbox 1416 767 1425 801; x_wconf 76' lang='lat' dir='ltr'>t</span> <span class='ocrx_word' id='word_1_28' title='bbox 1444 745 1821 811; x_wconf 65' lang='lat' dir='ltr'><strong>excideret?</strong></span> <span class='ocrx_word' id='word_1_29' title='bbox 1887 746 2049 811; x_wconf 91' lang='lat' dir='ltr'><strong>nihil</strong></span> <span class='ocrx_word' id='word_1_30' title='bbox 2080 766 2197 829; x_wconf 90' lang='lat' dir='ltr'><strong>per</strong></span> <span class='ocrx_word' id='word_1_31' title='bbox 2227 747 2500 813; x_wconf 54' lang='lat' dir='ltr'><strong>temeri-³.</strong></span> 
     </span>
     <span class='ocr_line' id='line_1_6' title="bbox 277 846 2501 932; baseline -0 -18"><span class='ocrx_word' id='word_1_32' title='bbox 277 853 481 914; x_wconf 73' lang='lat' dir='ltr'><strong>tatem</strong></span> <span class='ocrx_word' id='word_1_33' title='bbox 514 847 1066 932; x_wconf 63' lang='lat' dir='ltr'><strong>proloqueretur?</strong></span> <span class='ocrx_word' id='word_1_34' title='bbox 1120 846 1297 912; x_wconf 89' lang='lat' dir='ltr'><strong>Sane</strong></span> <span class='ocrx_word' id='word_1_35' title='bbox 1327 849 1681 914; x_wconf 87' lang='lat' dir='ltr'><strong>eonsilium</strong></span> <span class='ocrx_word' id='word_1_36' title='bbox 1711 850 2054 927; x_wconf 82' lang='lat' dir='ltr'><strong>occuluit,³</strong></span> <span class='ocrx_word' id='word_1_37' title='bbox 2090 851 2293 914; x_wconf 90' lang='lat' dir='ltr'><strong>telum</strong></span> <span class='ocrx_word' id='word_1_38' title='bbox 2321 851 2501 914; x_wconf 76' lang='lat' dir='ltr'><strong>inter:</strong></span> 
     </span>
     <span class='ocr_line' id='line_1_7' title="bbox 270 948 2505 1036; baseline 0 -20"><span class='ocrx_word' id='word_1_39' title='bbox 270 948 549 1036; x_wconf 85' lang='lat' dir='ltr'><strong>&#39;ignaros</strong></span> <span class='ocrx_word' id='word_1_40' title='bbox 576 950 842 1036; x_wconf 86' lang='lat' dir='ltr'><strong>paravit</strong></span> <span class='ocrx_word' id='word_1_41' title='bbox 859 970 899 1021; x_wconf 75' lang='grc' dir='ltr'><strong>ε,</strong></span> <span class='ocrx_word' id='word_1_42' title='bbox 944 970 1103 1015; x_wconf 88' lang='lat' dir='ltr'><strong>num</strong></span> <span class='ocrx_word' id='word_1_43' title='bbox 1132 953 1456 1018; x_wconf 81' lang='lat' dir='ltr'><strong>excubias</strong></span> <span class='ocrx_word' id='word_1_44' title='bbox 1484 951 1830 1033; x_wconf 70' lang='lat' dir='ltr'><strong>transiret,j</strong></span> <span class='ocrx_word' id='word_1_45' title='bbox 1860 953 2153 1018; x_wconf 85' lang='lat' dir='ltr'>cubiculi</span> <span class='ocrx_word' id='word_1_46' title='bbox 2179 953 2360 1018; x_wconf 87' lang='lat' dir='ltr'><strong>fores</strong></span> <span class='ocrx_word' id='word_1_47' title='bbox 2388 970 2505 1033; x_wconf 69' lang='lat' dir='ltr'><strong>re-‘</strong></span> 
     </span>
    </p>
   </div>
   <div class='ocr_carea' id='block_1_4' title="bbox 279 1133 2495 1401">
    <p class='ocr_par' dir='ltr' id='par_1_4' title="bbox 279 1133 2495 1313">
     <span class='ocr_line' id='line_1_8' title="bbox 280 1133 2495 1201; baseline 0 -17"><span class='ocrx_word' id='word_1_48' title='bbox 280 1134 578 1185; x_wconf 69' lang='lat' dir='ltr'><strong>consultata</strong></span> <span class='ocrx_word' id='word_1_49' title='bbox 598 1136 708 1184; x_wconf 85' lang='lat' dir='ltr'><strong>est?</strong></span> <span class='ocrx_word' id='word_1_50' title='bbox 753 1133 856 1184; x_wconf 88' lang='lat' dir='ltr'><strong>Sed</strong></span> <span class='ocrx_word' id='word_1_51' title='bbox 893 1141 946 1185; x_wconf 90' lang='lat' dir='ltr'><strong>et</strong></span> <span class='ocrx_word' id='word_1_52' title='bbox 983 1136 1025 1185; x_wconf 91' lang='lat' dir='ltr'><strong>si</strong></span> <span class='ocrx_word' id='word_1_53' title='bbox 1045 1135 1199 1187; x_wconf 86' lang='lat' dir='ltr'><strong>hodie</strong></span> <span class='ocrx_word' id='word_1_54' title='bbox 1238 1138 1456 1201; x_wconf 87' lang='lat' dir='ltr'><strong>primum</strong></span> <span class='ocrx_word' id='word_1_55' title='bbox 1498 1137 1880 1188; x_wconf 88' lang='lat' dir='ltr'><strong>decernendum</strong></span> <span class='ocrx_word' id='word_1_56' title='bbox 1913 1138 1971 1187; x_wconf 81' lang='lat' dir='ltr'><strong>de</strong></span> <span class='ocrx_word' id='word_1_57' title='bbox 1999 1152 2053 1186; x_wconf 80' lang='lat' dir='ltr'><strong>re</strong></span> <span class='ocrx_word' id='word_1_58' title='bbox 2075 1151 2131 1186; x_wconf 82' lang='lat' dir='ltr'><strong>ea</strong></span> <span class='ocrx_word' id='word_1_59' title='bbox 2166 1134 2311 1186; x_wconf 81' lang='lat' dir='ltr'><strong>nobis</strong></span> <span class='ocrx_word' id='word_1_60' title='bbox 2335 1141 2495 1198; x_wconf 85' lang='lat' dir='ltr'><strong>esset,</strong></span> 
     </span>
     <span class='ocr_line' id='line_1_9' title="bbox 279 1200 2493 1313; baseline 0 -64"><span class='ocrx_word' id='word_1_61' title='bbox 279 1200 549 1313; x_wconf 64' lang='lat' dir='ltr'><strong>putatisne</strong></span> <span class='ocrx_word' id='word_1_62' title='bbox 571 1215 771 1253; x_wconf 84' lang='lat' dir='ltr'><strong>servum</strong></span> <span class='ocrx_word' id='word_1_63' title='bbox 796 1200 963 1250; x_wconf 88' lang='lat' dir='ltr'><strong>animo</strong></span> <span class='ocrx_word' id='word_1_64' title='bbox 989 1202 1212 1265; x_wconf 77' lang='lat' dir='ltr'><strong>agitasse</strong></span> <span class='ocrx_word' id='word_1_65' title='bbox 1236 1204 1433 1253; x_wconf 85' lang='lat' dir='ltr'><strong>caedem</strong></span> <span class='ocrx_word' id='word_1_66' title='bbox 1458 1203 1668 1267; x_wconf 87' lang='lat' dir='ltr'><strong>domini,</strong></span> <span class='ocrx_word' id='word_1_67' title='bbox 1688 1204 1759 1252; x_wconf 83' lang='lat' dir='ltr'><strong>ita</strong></span> <span class='ocrx_word' id='word_1_68' title='bbox 1792 1210 1849 1252; x_wconf 90' lang='lat' dir='ltr'><strong>ut</strong></span> <span class='ocrx_word' id='word_1_69' title='bbox 1872 1217 1973 1251; x_wconf 90' lang='lat' dir='ltr'><strong>non</strong></span> <span class='ocrx_word' id='word_1_70' title='bbox 1998 1203 2042 1251; x_wconf 87' lang='lat' dir='ltr'><strong>ei</strong></span> <span class='ocrx_word' id='word_1_71' title='bbox 2065 1217 2167 1251; x_wconf 82' lang='lat' dir='ltr'><strong>vox</strong></span> <span class='ocrx_word' id='word_1_72' title='bbox 2190 1202 2364 1251; x_wconf 84' lang='lat' dir='ltr'>minax</span> <span class='ocrx_word' id='word_1_73' title='bbox 2385 1202 2493 1252; x_wconf 89' lang='lat' dir='ltr'><strong>ela·</strong></span> 
     </span>
    </p>

    <p class='ocr_par' dir='ltr' id='par_1_5' title="bbox 283 1263 2492 1401">
     <span class='ocr_line' id='line_1_10' title="bbox 317 1263 2492 1333; baseline 0 -19"><span class='ocrx_word' id='word_1_74' title='bbox 317 1266 535 1315; x_wconf 85' lang='lat' dir='ltr'><strong>eretur?</strong></span> <span class='ocrx_word' id='word_1_75' title='bbox 568 1263 696 1313; x_wconf 86' lang='lat' dir='ltr'><strong>nihil</strong></span> <span class='ocrx_word' id='word_1_76' title='bbox 717 1264 808 1329; x_wconf 84' lang='lat' dir='ltr'><strong>pei·</strong></span> <span class='ocrx_word' id='word_1_77' title='bbox 836 1266 1233 1330; x_wconf 87' lang='lat' dir='ltr'><strong>imprudentiam</strong></span> <span class='ocrx_word' id='word_1_78' title='bbox 1269 1268 1569 1333; x_wconf 81' lang='lat' dir='ltr'><strong>proferret?</strong></span> <span class='ocrx_word' id='word_1_79' title='bbox 1615 1270 1774 1319; x_wconf 86' lang='lat' dir='ltr'><strong>Certe</strong></span> <span class='ocrx_word' id='word_1_80' title='bbox 1806 1273 2031 1318; x_wconf 82' lang='lat' dir='ltr'><strong>mentem</strong></span> <span class='ocrx_word' id='word_1_81' title='bbox 2057 1267 2363 1327; x_wconf 82' lang='lat' dir='ltr'><strong>occultavit,</strong></span> <span class='ocrx_word' id='word_1_82' title='bbox 2386 1265 2492 1317; x_wconf 84' lang='lat' dir='ltr'><strong>fer·</strong></span> 
     </span>
     <span class='ocr_line' id='line_1_11' title="bbox 283 1329 2486 1401; baseline 0.001 -21"><span class='ocrx_word' id='word_1_83' title='bbox 283 1343 396 1401; x_wconf 68' lang='lat' dir='ltr'><strong>rum</strong></span> <span class='ocrx_word' id='word_1_84' title='bbox 420 1329 649 1396; x_wconf 82' lang='lat' dir='ltr'><strong>providit</strong></span> <span class='ocrx_word' id='word_1_85' title='bbox 670 1331 809 1381; x_wconf 83' lang='lat' dir='ltr'><strong>inter</strong></span> <span class='ocrx_word' id='word_1_86' title='bbox 842 1331 1060 1382; x_wconf 84' lang='lat' dir='ltr'><strong>inscios:</strong></span> <span class='ocrx_word' id='word_1_87' title='bbox 1119 1340 1175 1382; x_wconf 89' lang='lat' dir='ltr'><strong>at</strong></span> <span class='ocrx_word' id='word_1_88' title='bbox 1211 1348 1333 1382; x_wconf 90' lang='lat' dir='ltr'><strong>num</strong></span> <span class='ocrx_word' id='word_1_89' title='bbox 1362 1333 1627 1384; x_wconf 78' lang='lat' dir='ltr'><strong>custodias</strong></span> <span class='ocrx_word' id='word_1_90' title='bbox 1667 1339 1981 1400; x_wconf 84' lang='lat' dir='ltr'><strong>penetraret,</strong></span> <span class='ocrx_word' id='word_1_91' title='bbox 2017 1348 2129 1382; x_wconf 75' lang='lat' dir='ltr'><strong>num</strong></span> <span class='ocrx_word' id='word_1_92' title='bbox 2160 1331 2386 1383; x_wconf 84' lang='lat' dir='ltr'><strong>cubiculi</strong></span> <span class='ocrx_word' id='word_1_93' title='bbox 2402 1330 2486 1397; x_wconf 88' lang='lat' dir='ltr'><strong>ja-</strong></span> 
     </span>
    </p>
   </div>
   <div class='ocr_carea' id='block_1_5' title="bbox 1215 1474 1574 1496">
    <p class='ocr_par' dir='ltr' id='par_1_6' title="bbox 1215 1474 1574 1496">
     <span class='ocr_line' id='line_1_12' title="bbox 1215 1474 1574 1496; baseline 0 -1"><span class='ocrx_word' id='word_1_94' title='bbox 1215 1474 1509 1496; x_wconf 55' lang='lat' dir='ltr'><strong>&amp;venenet</strong></span> <span class='ocrx_word' id='word_1_95' title='bbox 1515 1475 1541 1495; x_wconf 72' lang='lat'><em>0</em></span> <span class='ocrx_word' id='word_1_96' title='bbox 1547 1476 1574 1495; x_wconf 65' lang='lat' dir='ltr'><em>O</em></span> 
     </span>
    </p>
   </div>
   <div class='ocr_carea' id='block_1_6' title="bbox 282 1552 2515 2405">
    <p class='ocr_par' dir='ltr' id='par_1_7' title="bbox 282 1552 2515 2405">
     <span class='ocr_line' id='line_1_13' title="bbox 350 1552 2496 1622; baseline 0.002 -19"><span class='ocrx_word' id='word_1_97' title='bbox 350 1558 379 1604; x_wconf 93' lang='lat'>1</span> <span class='ocrx_word' id='word_1_98' title='bbox 414 1552 476 1604; x_wconf 82' lang='lat' dir='ltr'><strong>Si</strong></span> <span class='ocrx_word' id='word_1_99' title='bbox 494 1553 638 1604; x_wconf 87' lang='lat' dir='ltr'><strong>abest</strong></span> <span class='ocrx_word' id='word_1_100' title='bbox 664 1570 695 1605; x_wconf 92' lang='lat' dir='ltr'><strong>a</strong></span> <span class='ocrx_word' id='word_1_101' title='bbox 719 1555 845 1606; x_wconf 87' lang='lat' dir='ltr'><strong>Mss.</strong></span> <span class='ocrx_word' id='word_1_102' title='bbox 872 1557 1009 1622; x_wconf 83' lang='lat' dir='ltr'><strong>Reg.</strong></span> <span class='ocrx_word' id='word_1_103' title='bbox 1038 1559 1146 1610; x_wconf 88' lang='lat' dir='ltr'><strong>Jes.</strong></span> <span class='ocrx_word' id='word_1_104' title='bbox 1171 1557 1311 1609; x_wconf 85' lang='lat' dir='ltr'><strong>sedsi</strong></span> <span class='ocrx_word' id='word_1_105' title='bbox 1343 1558 1672 1609; x_wconf 79' lang='lat' dir='ltr'><strong>Budens.—2</strong></span> <span class='ocrx_word' id='word_1_106' title='bbox 1695 1558 1920 1609; x_wconf 75' lang='lat' dir='ltr'><strong>Animum</strong></span> <span class='ocrx_word' id='word_1_107' title='bbox 1954 1554 2237 1608; x_wconf 76' lang='lat' dir='ltr'><strong>insumsisse.</strong></span> <span class='ocrx_word' id='word_1_108' title='bbox 2269 1554 2496 1607; x_wconf 87' lang='lat' dir='ltr'><strong>Brotier.</strong></span> 
     </span>
     <span class='ocr_line' id='line_1_14' title="bbox 284 1619 2497 1687; baseline 0 -19"><span class='ocrx_word' id='word_1_109' title='bbox 284 1619 455 1670; x_wconf 85' lang='lat' dir='ltr'><strong>edidit</strong></span> <span class='ocrx_word' id='word_1_110' title='bbox 482 1635 600 1671; x_wconf 87' lang='lat' dir='ltr'><strong>cum</strong></span> <span class='ocrx_word' id='word_1_111' title='bbox 640 1621 867 1679; x_wconf 83' lang='lat' dir='ltr'><strong>Gronov.</strong></span> <span class='ocrx_word' id='word_1_112' title='bbox 903 1632 959 1673; x_wconf 88' lang='lat' dir='ltr'><strong>et</strong></span> <span class='ocrx_word' id='word_1_113' title='bbox 996 1625 1072 1673; x_wconf 87' lang='lat' dir='ltr'><strong>ita</strong></span> <span class='ocrx_word' id='word_1_114' title='bbox 1112 1624 1230 1674; x_wconf 80' lang='lat' dir='ltr'><strong>libri</strong></span> <span class='ocrx_word' id='word_1_115' title='bbox 1264 1625 1448 1686; x_wconf 85' lang='lat' dir='ltr'><strong>scripti</strong></span> <span class='ocrx_word' id='word_1_116' title='bbox 1484 1632 1539 1674; x_wconf 89' lang='lat' dir='ltr'><strong>et</strong></span> <span class='ocrx_word' id='word_1_117' title='bbox 1562 1624 1690 1675; x_wconf 89' lang='lat' dir='ltr'><strong>editi</strong></span> <span class='ocrx_word' id='word_1_118' title='bbox 1714 1631 1836 1675; x_wconf 86' lang='lat' dir='ltr'><strong>ante</strong></span> <span class='ocrx_word' id='word_1_119' title='bbox 1858 1625 2179 1685; x_wconf 76' lang='lat' dir='ltr'><strong>Rhenanam,</strong></span> <span class='ocrx_word' id='word_1_120' title='bbox 2202 1622 2290 1687; x_wconf 84' lang='lat' dir='ltr'><strong>qui</strong></span> <span class='ocrx_word' id='word_1_121' title='bbox 2329 1620 2497 1670; x_wconf 84' lang='lat' dir='ltr'><strong>edidit</strong></span> 
     </span>
     <span class='ocr_line' id='line_1_15' title="bbox 284 1684 2500 1755; baseline 0.001 -22"><span class='ocrx_word' id='word_1_122' title='bbox 284 1684 522 1735; x_wconf 79' lang='lat' dir='ltr'><strong>sumsisse.</strong></span> <span class='ocrx_word' id='word_1_123' title='bbox 587 1686 817 1750; x_wconf 88' lang='lat' dir='ltr'><strong>Ryckius</strong></span> <span class='ocrx_word' id='word_1_124' title='bbox 838 1694 893 1737; x_wconf 88' lang='lat' dir='ltr'><strong>et</strong></span> <span class='ocrx_word' id='word_1_125' title='bbox 915 1688 1231 1738; x_wconf 74' lang='lat' dir='ltr'><strong>recentiores</strong></span> <span class='ocrx_word' id='word_1_126' title='bbox 1269 1689 1565 1750; x_wconf 79' lang='lat' dir='ltr'><strong>restituere,</strong></span> <span class='ocrx_word' id='word_1_127' title='bbox 1595 1691 1901 1747; x_wconf 75' lang='lat' dir='ltr'><strong>iusumsisse5</strong></span> <span class='ocrx_word' id='word_1_128' title='bbox 1933 1704 2037 1755; x_wconf 91' lang='lat' dir='ltr'><strong>quo</strong></span> <span class='ocrx_word' id='word_1_129' title='bbox 2059 1688 2215 1738; x_wconf 84' lang='lat' dir='ltr'><strong>verbo</strong></span> <span class='ocrx_word' id='word_1_130' title='bbox 2238 1701 2379 1750; x_wconf 84' lang='lat' dir='ltr'><strong>saepe</strong></span> <span class='ocrx_word' id='word_1_131' title='bbox 2400 1686 2500 1736; x_wconf 90' lang='lat' dir='ltr'><strong>uti·</strong></span> 
     </span>
     <span class='ocr_line' id='line_1_16' title="bbox 284 1749 2498 1819; baseline 0.002 -22"><span class='ocrx_word' id='word_1_132' title='bbox 284 1756 373 1798; x_wconf 80' lang='lat' dir='ltr'><strong>t‘ur</strong></span> <span class='ocrx_word' id='word_1_133' title='bbox 394 1749 629 1800; x_wconf 81' lang='lat' dir='ltr'><strong>Tacitus.</strong></span> <span class='ocrx_word' id='word_1_134' title='bbox 661 1752 876 1802; x_wconf 85' lang='lat' dir='ltr'><strong>Brotier.</strong></span> <span class='ocrx_word' id='word_1_135' title='bbox 943 1753 1252 1819; x_wconf 79' lang='lat' dir='ltr'><strong>Insumpsisse</strong></span> <span class='ocrx_word' id='word_1_136' title='bbox 1287 1755 1413 1803; x_wconf 82' lang='lat' dir='ltr'><strong>Mss.</strong></span> <span class='ocrx_word' id='word_1_137' title='bbox 1453 1755 1571 1804; x_wconf 89' lang='lat' dir='ltr'><strong>edd.</strong></span> <span class='ocrx_word' id='word_1_138' title='bbox 1605 1770 1683 1819; x_wconf 81' lang='lat' dir='ltr'><strong>pr.</strong></span> <span class='ocrx_word' id='word_1_139' title='bbox 1721 1756 1928 1805; x_wconf 88' lang='lat' dir='ltr'><strong>Pnteol.</strong></span> <span class='ocrx_word' id='word_1_140' title='bbox 1964 1756 2085 1805; x_wconf 90' lang='lat' dir='ltr'><strong>Ber.</strong></span> <span class='ocrx_word' id='word_1_141' title='bbox 2111 1753 2226 1803; x_wconf 83' lang='lat' dir='ltr'><strong>Alc.</strong></span> <span class='ocrx_word' id='word_1_142' title='bbox 2251 1751 2341 1810; x_wconf 80' lang='lat' dir='ltr'><strong>sed</strong></span> <span class='ocrx_word' id='word_1_143' title='bbox 2361 1750 2498 1801; x_wconf 86' lang='lat' dir='ltr'><strong>Rbe-</strong></span> 
     </span>
     <span class='ocr_line' id='line_1_17' title="bbox 282 1815 2494 1886; baseline 0.002 -24"><span class='ocrx_word' id='word_1_144' title='bbox 282 1828 448 1864; x_wconf 90' lang='lat' dir='ltr'><strong>nanus</strong></span> <span class='ocrx_word' id='word_1_145' title='bbox 471 1815 527 1881; x_wconf 91' lang='lat' dir='ltr'><strong>(e</strong></span> <span class='ocrx_word' id='word_1_146' title='bbox 549 1815 713 1877; x_wconf 90' lang='lat' dir='ltr'><strong>Bud.)</strong></span> <span class='ocrx_word' id='word_1_147' title='bbox 744 1818 973 1868; x_wconf 85' lang='lat' dir='ltr'><strong>correxit</strong></span> <span class='ocrx_word' id='word_1_148' title='bbox 993 1822 1226 1869; x_wconf 74' lang='lat' dir='ltr'><strong>sumsisse.</strong></span> <span class='ocrx_word' id='word_1_149' title='bbox 1294 1819 1460 1869; x_wconf 90' lang='lat' dir='ltr'><strong>Vetus</strong></span> <span class='ocrx_word' id='word_1_150' title='bbox 1497 1821 1724 1870; x_wconf 87' lang='lat' dir='ltr'><strong>restituit</strong></span> <span class='ocrx_word' id='word_1_151' title='bbox 1748 1820 1994 1886; x_wconf 82' lang='lat' dir='ltr'><strong>Ryckius,</strong></span> <span class='ocrx_word' id='word_1_152' title='bbox 2015 1824 2264 1883; x_wconf 83' lang='lat' dir='ltr'><strong>sequente</strong></span> <span class='ocrx_word' id='word_1_153' title='bbox 2286 1817 2337 1868; x_wconf 86' lang='lat' dir='ltr'><strong>J.</strong></span> <span class='ocrx_word' id='word_1_154' title='bbox 2359 1816 2494 1867; x_wconf 85' lang='lat' dir='ltr'><strong>Gro-</strong></span> 
     </span>
     <span class='ocr_line' id='line_1_18' title="bbox 284 1879 2497 1948; baseline 0.001 -20"><span class='ocrx_word' id='word_1_155' title='bbox 284 1879 456 1930; x_wconf 85' lang='lat' dir='ltr'><strong>novio.</strong></span> <span class='ocrx_word' id='word_1_156' title='bbox 524 1881 633 1942; x_wconf 78' lang='lat' dir='ltr'><strong>Ego</strong></span> <span class='ocrx_word' id='word_1_157' title='bbox 657 1896 857 1947; x_wconf 81' lang='lat' dir='ltr'><strong>quoque</strong></span> <span class='ocrx_word' id='word_1_158' title='bbox 877 1891 1106 1933; x_wconf 85' lang='lat' dir='ltr'><strong>veterem</strong></span> <span class='ocrx_word' id='word_1_159' title='bbox 1132 1883 1408 1934; x_wconf 87' lang='lat' dir='ltr'><strong>lectionem</strong></span> <span class='ocrx_word' id='word_1_160' title='bbox 1433 1886 1641 1948; x_wconf 81' lang='lat' dir='ltr'><strong>retinui,</strong></span> <span class='ocrx_word' id='word_1_161' title='bbox 1663 1885 1751 1934; x_wconf 88' lang='lat' dir='ltr'><strong>sed</strong></span> <span class='ocrx_word' id='word_1_162' title='bbox 1777 1900 1975 1948; x_wconf 79' lang='lat' dir='ltr'><strong>vereor,</strong></span> <span class='ocrx_word' id='word_1_163' title='bbox 1988 1900 2053 1934; x_wconf 92' lang='lat' dir='ltr'><strong>ne</strong></span> <span class='ocrx_word' id='word_1_164' title='bbox 2075 1884 2293 1933; x_wconf 75' lang='lat' dir='ltr'><strong>sumsisse</strong></span> <span class='ocrx_word' id='word_1_165' title='bbox 2310 1882 2497 1931; x_wconf 87' lang='lat' dir='ltr'><strong>melius</strong></span> 
     </span>
     <span class='ocr_line' id='line_1_19' title="bbox 287 1944 2498 2015; baseline 0.002 -24"><span class='ocrx_word' id='word_1_166' title='bbox 287 1944 375 1994; x_wconf 88' lang='lat' dir='ltr'><strong>sit.</strong></span> <span class='ocrx_word' id='word_1_167' title='bbox 444 1946 672 2010; x_wconf 84' lang='lat' dir='ltr'><strong>Ryckius</strong></span> <span class='ocrx_word' id='word_1_168' title='bbox 716 1947 778 1995; x_wconf 89' lang='lat' dir='ltr'><strong>ad</strong></span> <span class='ocrx_word' id='word_1_169' title='bbox 818 1948 1038 1998; x_wconf 79' lang='lat' dir='ltr'><strong>Statium</strong></span> <span class='ocrx_word' id='word_1_170' title='bbox 1077 1949 1241 1999; x_wconf 81' lang='lat' dir='ltr'><strong>Theb.</strong></span> <span class='ocrx_word' id='word_1_171' title='bbox 1265 1964 1367 2000; x_wconf 69' lang='grc' dir='ltr'><strong>ιιι.</strong></span> <span class='ocrx_word' id='word_1_172' title='bbox 1389 1955 1504 2001; x_wconf 78' lang='grc'><strong>643.</strong></span> <span class='ocrx_word' id='word_1_173' title='bbox 1529 1959 1813 2015; x_wconf 81' lang='lat' dir='ltr'><strong>provocat:</strong></span> <span class='ocrx_word' id='word_1_174' title='bbox 1864 1952 2035 2013; x_wconf 79' lang='lat' dir='ltr'><strong>dignas</strong></span> <span class='ocrx_word' id='word_1_175' title='bbox 2065 1949 2289 1999; x_wconf 75' lang='lat' dir='ltr'><strong>insumite</strong></span> <span class='ocrx_word' id='word_1_176' title='bbox 2320 1950 2498 1997; x_wconf 75' lang='lat' dir='ltr'><strong>mentes</strong></span> 
     </span>
     <span class='ocr_line' id='line_1_20' title="bbox 292 2008 2501 2079; baseline 0.002 -22"><span class='ocrx_word' id='word_1_177' title='bbox 292 2008 554 2074; x_wconf 80' lang='lat' dir='ltr'><strong>Coeptibus.</strong></span> <span class='ocrx_word' id='word_1_178' title='bbox 620 2011 727 2060; x_wconf 88' lang='lat' dir='ltr'><strong>Sed</strong></span> <span class='ocrx_word' id='word_1_179' title='bbox 750 2012 820 2062; x_wconf 90' lang='lat' dir='ltr'><strong>ibi</strong></span> <span class='ocrx_word' id='word_1_180' title='bbox 841 2014 1066 2077; x_wconf 82' lang='lat' dir='ltr'><strong>coeptibus</strong></span> <span class='ocrx_word' id='word_1_181' title='bbox 1086 2012 1248 2064; x_wconf 83' lang='lat' dir='ltr'><strong>videri</strong></span> <span class='ocrx_word' id='word_1_182' title='bbox 1276 2016 1582 2079; x_wconf 76' lang='lat' dir='ltr'><strong>potestesse</strong></span> <span class='ocrx_word' id='word_1_183' title='bbox 1605 2016 1828 2066; x_wconf 83' lang='lat' dir='ltr'><strong>dativus.</strong></span> <span class='ocrx_word' id='word_1_184' title='bbox 1895 2016 2051 2066; x_wconf 84' lang='lat' dir='ltr'><strong>Aliud</strong></span> <span class='ocrx_word' id='word_1_185' title='bbox 2079 2022 2251 2066; x_wconf 87' lang='lat' dir='ltr'><strong>autem</strong></span> <span class='ocrx_word' id='word_1_186' title='bbox 2274 2018 2354 2062; x_wconf 87' lang='lat' dir='ltr'><strong>est</strong></span> <span class='ocrx_word' id='word_1_187' title='bbox 2372 2026 2501 2062; x_wconf 76' lang='lat' dir='ltr'><strong>men-</strong></span> 
     </span>
     <span class='ocr_line' id='line_1_21' title="bbox 288 2075 2498 2145; baseline 0.001 -22"><span class='ocrx_word' id='word_1_188' title='bbox 288 2079 385 2124; x_wconf 85' lang='lat' dir='ltr'><strong>tem</strong></span> <span class='ocrx_word' id='word_1_189' title='bbox 407 2075 647 2125; x_wconf 72' lang='lat' dir='ltr'><strong>insumere</strong></span> <span class='ocrx_word' id='word_1_190' title='bbox 668 2078 829 2139; x_wconf 65' lang='lat' dir='ltr'><strong>dirui,</strong></span> <span class='ocrx_word' id='word_1_191' title='bbox 849 2080 987 2128; x_wconf 88' lang='lat' dir='ltr'><strong>aliud</strong></span> <span class='ocrx_word' id='word_1_192' title='bbox 1007 2084 1208 2129; x_wconf 78' lang='lat' dir='ltr'><strong>mentem</strong></span> <span class='ocrx_word' id='word_1_193' title='bbox 1240 2080 1475 2130; x_wconf 76' lang='lat' dir='ltr'><strong>insumere</strong></span> <span class='ocrx_word' id='word_1_194' title='bbox 1497 2081 1820 2145; x_wconf 79' lang='lat' dir='ltr'><strong>simpliciter.</strong></span> <span class='ocrx_word' id='word_1_195' title='bbox 1888 2082 1989 2130; x_wconf 86' lang='lat' dir='ltr'><strong>Illa</strong></span> <span class='ocrx_word' id='word_1_196' title='bbox 2009 2080 2175 2130; x_wconf 90' lang='lat' dir='ltr'><strong>forma</strong></span> <span class='ocrx_word' id='word_1_197' title='bbox 2196 2093 2336 2142; x_wconf 84' lang='lat' dir='ltr'><strong>saepe</strong></span> <span class='ocrx_word' id='word_1_198' title='bbox 2359 2076 2498 2140; x_wconf 88' lang='lat' dir='ltr'><strong>apud</strong></span> 
     </span>
     <span class='ocr_line' id='line_1_22' title="bbox 286 2141 2496 2211; baseline 0 -21"><span class='ocrx_word' id='word_1_199' title='bbox 286 2145 526 2190; x_wconf 87' lang='lat' dir='ltr'><strong>nostrum</strong></span> <span class='ocrx_word' id='word_1_200' title='bbox 548 2147 606 2191; x_wconf 92' lang='lat' dir='ltr'><strong>ut</strong></span> <span class='ocrx_word' id='word_1_201' title='bbox 629 2155 716 2190; x_wconf 80' lang='grc' dir='ltr'><strong>ιιι.</strong></span> <span class='ocrx_word' id='word_1_202' title='bbox 738 2147 819 2193; x_wconf 77' lang='grc'><strong>44.</strong></span> <span class='ocrx_word' id='word_1_203' title='bbox 854 2157 968 2193; x_wconf 77' lang='lat' dir='ltr'><strong>xvi.</strong></span> <span class='ocrx_word' id='word_1_204' title='bbox 991 2150 1073 2194; x_wconf 80' lang='lat'><strong>23.</strong></span> <span class='ocrx_word' id='word_1_205' title='bbox 1108 2145 1259 2209; x_wconf 87' lang='lat' dir='ltr'><strong>hujus</strong></span> <span class='ocrx_word' id='word_1_206' title='bbox 1282 2147 1474 2195; x_wconf 87' lang='lat' dir='ltr'><strong>nullum</strong></span> <span class='ocrx_word' id='word_1_207' title='bbox 1513 2148 1807 2211; x_wconf 87' lang='lat' dir='ltr'><strong>exemplum</strong></span> <span class='ocrx_word' id='word_1_208' title='bbox 1846 2147 1987 2209; x_wconf 76' lang='lat' dir='ltr'><strong>mihi,</strong></span> <span class='ocrx_word' id='word_1_209' title='bbox 2011 2147 2144 2211; x_wconf 78' lang='lat' dir='ltr'><strong>quod</strong></span> <span class='ocrx_word' id='word_1_210' title='bbox 2171 2146 2349 2202; x_wconf 86' lang='lat' dir='ltr'><strong>sciam,</strong></span> <span class='ocrx_word' id='word_1_211' title='bbox 2372 2141 2496 2194; x_wconf 87' lang='lat' dir='ltr'><strong>alibi</strong></span> 
     </span>
     <span class='ocr_line' id='line_1_23' title="bbox 287 2206 2501 2276; baseline 0.001 -23"><span class='ocrx_word' id='word_1_212' title='bbox 287 2206 540 2255; x_wconf 79' lang='lat' dir='ltr'><strong>occurrit.</strong></span> <span class='ocrx_word' id='word_1_213' title='bbox 608 2206 670 2255; x_wconf 90' lang='lat' dir='ltr'><strong>In</strong></span> <span class='ocrx_word' id='word_1_214' title='bbox 691 2209 791 2258; x_wconf 88' lang='lat' dir='ltr'><strong>Ms.</strong></span> <span class='ocrx_word' id='word_1_215' title='bbox 815 2208 992 2259; x_wconf 87' lang='lat' dir='ltr'><strong>Guelf.</strong></span> <span class='ocrx_word' id='word_1_216' title='bbox 1016 2210 1212 2274; x_wconf 83' lang='lat' dir='ltr'><strong>syllaba</strong></span> <span class='ocrx_word' id='word_1_217' title='bbox 1243 2211 1295 2260; x_wconf 81' lang='lat' dir='ltr'><strong>in</strong></span> <span class='ocrx_word' id='word_1_218' title='bbox 1328 2219 1409 2261; x_wconf 88' lang='lat' dir='ltr'><strong>est</strong></span> <span class='ocrx_word' id='word_1_219' title='bbox 1447 2211 1500 2260; x_wconf 92' lang='lat' dir='ltr'><strong>in</strong></span> <span class='ocrx_word' id='word_1_220' title='bbox 1533 2211 1708 2271; x_wconf 85' lang='lat' dir='ltr'><strong>litura,</strong></span> <span class='ocrx_word' id='word_1_221' title='bbox 1732 2212 2004 2276; x_wconf 87' lang='lat' dir='ltr'><strong>potuitque</strong></span> <span class='ocrx_word' id='word_1_222' title='bbox 2038 2211 2200 2265; x_wconf 77' lang='lat' dir='ltr'><strong>nasci,</strong></span> <span class='ocrx_word' id='word_1_223' title='bbox 2224 2217 2279 2259; x_wconf 89' lang='lat' dir='ltr'><strong>ut</strong></span> <span class='ocrx_word' id='word_1_224' title='bbox 2302 2207 2444 2266; x_wconf 91' lang='lat' dir='ltr'><strong>alibi,</strong></span> <span class='ocrx_word' id='word_1_225' title='bbox 2469 2220 2501 2256; x_wconf 82' lang='lat' dir='ltr'><strong>e</strong></span> 
     </span>
     <span class='ocr_line' id='line_1_24' title="bbox 288 2269 2515 2340; baseline 0.001 -21"><span class='ocrx_word' id='word_1_226' title='bbox 288 2269 433 2319; x_wconf 84' lang='lat' dir='ltr'><strong>finali</strong></span> <span class='ocrx_word' id='word_1_227' title='bbox 476 2271 626 2320; x_wconf 86' lang='lat' dir='ltr'><strong>litera</strong></span> <span class='ocrx_word' id='word_1_228' title='bbox 648 2273 991 2335; x_wconf 68' lang='lat' dir='ltr'><strong>praecedentis</strong></span> <span class='ocrx_word' id='word_1_229' title='bbox 1014 2276 1174 2325; x_wconf 87' lang='lat' dir='ltr'><strong>verbi.</strong></span> <span class='ocrx_word' id='word_1_230' title='bbox 1213 2278 1408 2326; x_wconf 81' lang='lat' dir='ltr'><strong>Ernest.</strong></span> <span class='ocrx_word' id='word_1_231' title='bbox 1477 2277 1622 2325; x_wconf 85' lang='lat' dir='ltr'><strong>Bene</strong></span> <span class='ocrx_word' id='word_1_232' title='bbox 1645 2277 1859 2339; x_wconf 84' lang='lat' dir='ltr'><strong>Bipont.</strong></span> <span class='ocrx_word' id='word_1_233' title='bbox 1875 2283 2164 2340; x_wconf 90' lang='lat' dir='ltr'><strong>sequuntur</strong></span> <span class='ocrx_word' id='word_1_234' title='bbox 2187 2273 2515 2335; x_wconf 50' lang='lat' dir='ltr'><strong>Budensem„</strong></span> 
     </span>
     <span class='ocr_line' id='line_1_25' title="bbox 294 2334 2504 2405; baseline 0.002 -22"><span class='ocrx_word' id='word_1_235' title='bbox 294 2334 554 2385; x_wconf 55' lang='lat' dir='ltr'><strong>own—s</strong></span> <span class='ocrx_word' id='word_1_236' title='bbox 588 2337 689 2401; x_wconf 60' lang='lat' dir='ltr'><strong>Ma.</strong></span> <span class='ocrx_word' id='word_1_237' title='bbox 713 2338 848 2389; x_wconf 85' lang='lat' dir='ltr'><strong>Flor.</strong></span> <span class='ocrx_word' id='word_1_238' title='bbox 871 2340 1238 2391; x_wconf 75' lang='lat' dir='ltr'><strong>occultavit.-4</strong></span> <span class='ocrx_word' id='word_1_239' title='bbox 1272 2341 1334 2390; x_wconf 91' lang='lat' dir='ltr'><strong>In</strong></span> <span class='ocrx_word' id='word_1_240' title='bbox 1375 2342 1506 2391; x_wconf 84' lang='lat' dir='ltr'><strong>Mss.</strong></span> <span class='ocrx_word' id='word_1_241' title='bbox 1541 2343 1678 2405; x_wconf 66' lang='lat' dir='ltr'><strong>Beg.</strong></span> <span class='ocrx_word' id='word_1_242' title='bbox 1704 2340 1860 2392; x_wconf 83' lang='lat' dir='ltr'><strong>Corb.</strong></span> <span class='ocrx_word' id='word_1_243' title='bbox 1893 2349 1946 2391; x_wconf 86' lang='lat' dir='ltr'><strong>et</strong></span> <span class='ocrx_word' id='word_1_244' title='bbox 1982 2341 2210 2391; x_wconf 81' lang='lat' dir='ltr'><strong>editione</strong></span> <span class='ocrx_word' id='word_1_245' title='bbox 2246 2338 2504 2405; x_wconf 80' lang='lat' dir='ltr'><strong>principe,</strong></span> 
     </span>
    </p>
   </div>
   <div class='ocr_carea' id='block_1_7' title="bbox 1276 2479 1492 2535">
    <p class='ocr_par' dir='ltr' id='par_1_8' title="bbox 1276 2479 1492 2535">
     <span class='ocr_line' id='line_1_26' title="bbox 1276 2479 1492 2535; baseline -0.019 0"><span class='ocrx_word' id='word_1_246' title='bbox 1276 2479 1492 2535; x_wconf 73' lang='lat' dir='ltr'>NOTAE</span> 
     </span>
    </p>
   </div>
   <div class='ocr_carea' id='block_1_8' title="bbox 256 2588 1371 4348">
    <p class='ocr_par' dir='ltr' id='par_1_9' title="bbox 270 2588 1358 2963">
     <span class='ocr_line' id='line_1_27' title="bbox 292 2588 1354 2656; baseline 0.002 -19"><span class='ocrx_word' id='word_1_247' title='bbox 292 2591 349 2637; x_wconf 83' lang='lat' dir='ltr'><strong>et</strong></span> <span class='ocrx_word' id='word_1_248' title='bbox 364 2588 795 2639; x_wconf 84' lang='lat' dir='ltr'><strong>consultationem</strong></span> <span class='ocrx_word' id='word_1_249' title='bbox 810 2604 1057 2640; x_wconf 79' lang='lat' dir='ltr'><strong>revocare</strong></span> <span class='ocrx_word' id='word_1_250' title='bbox 1078 2590 1148 2654; x_wconf 89' lang='lat' dir='ltr'><strong>id,</strong></span> <span class='ocrx_word' id='word_1_251' title='bbox 1165 2590 1298 2656; x_wconf 89' lang='lat' dir='ltr'><strong>quod</strong></span> <span class='ocrx_word' id='word_1_252' title='bbox 1324 2605 1354 2639; x_wconf 92' lang='lat' dir='ltr'><strong>a</strong></span> 
     </span>
     <span class='ocr_line' id='line_1_28' title="bbox 270 2664 1358 2732; baseline 0.003 -18"><span class='ocrx_word' id='word_1_253' title='bbox 270 2664 572 2729; x_wconf 62' lang='lat' dir='ltr'><strong>‘majoribus</strong></span> <span class='ocrx_word' id='word_1_254' title='bbox 609 2666 949 2718; x_wconf 89' lang='lat' dir='ltr'><strong>deliberatum</strong></span> <span class='ocrx_word' id='word_1_255' title='bbox 987 2675 1085 2732; x_wconf 91' lang='lat' dir='ltr'><strong>est,</strong></span> <span class='ocrx_word' id='word_1_256' title='bbox 1109 2670 1358 2719; x_wconf 87' lang='lat' dir='ltr'><strong>rationes-</strong></span> 
     </span>
     <span class='ocr_line' id='line_1_29' title="bbox 294 2745 1356 2808; baseline 0.003 -16"><span class='ocrx_word' id='word_1_257' title='bbox 294 2757 396 2807; x_wconf 78' lang='lat' dir='ltr'><strong>que</strong></span> <span class='ocrx_word' id='word_1_258' title='bbox 429 2750 485 2794; x_wconf 88' lang='lat' dir='ltr'><strong>et</strong></span> <span class='ocrx_word' id='word_1_259' title='bbox 526 2752 828 2808; x_wconf 85' lang='lat' dir='ltr'><strong>argumenta</strong></span> <span class='ocrx_word' id='word_1_260' title='bbox 868 2748 932 2796; x_wconf 85' lang='lat' dir='ltr'><strong>ad</strong></span> <span class='ocrx_word' id='word_1_261' title='bbox 965 2746 1101 2797; x_wconf 89' lang='lat' dir='ltr'><strong>idem</strong></span> <span class='ocrx_word' id='word_1_262' title='bbox 1134 2745 1356 2806; x_wconf 83' lang='lat' dir='ltr'><strong>afferre;</strong></span> 
     </span>
     <span class='ocr_line' id='line_1_30' title="bbox 294 2821 1358 2885; baseline 0.004 -17"><span class='ocrx_word' id='word_1_263' title='bbox 294 2835 411 2885; x_wconf 79' lang='lat' dir='ltr'><strong>quae</strong></span> <span class='ocrx_word' id='word_1_264' title='bbox 448 2821 623 2870; x_wconf 88' lang='lat' dir='ltr'><strong>statim</strong></span> <span class='ocrx_word' id='word_1_265' title='bbox 650 2822 847 2873; x_wconf 83' lang='lat' dir='ltr'><strong>subdit:</strong></span> <span class='ocrx_word' id='word_1_266' title='bbox 887 2829 942 2874; x_wconf 77' lang='lat' dir='ltr'><strong>ut</strong></span> <span class='ocrx_word' id='word_1_267' title='bbox 975 2839 1064 2873; x_wconf 77' lang='lat' dir='ltr'><strong>non</strong></span> <span class='ocrx_word' id='word_1_268' title='bbox 1084 2840 1177 2873; x_wconf 75' lang='lat' dir='ltr'><strong>rox</strong></span> <span class='ocrx_word' id='word_1_269' title='bbox 1195 2825 1358 2872; x_wconf 74' lang='lat' dir='ltr'><strong>minax</strong></span> 
     </span>
     <span class='ocr_line' id='line_1_31' title="bbox 293 2897 1357 2963; baseline 0 -16"><span class='ocrx_word' id='word_1_270' title='bbox 293 2897 552 2961; x_wconf 75' lang='lat' dir='ltr'><strong>excideret,</strong></span> <span class='ocrx_word' id='word_1_271' title='bbox 583 2899 706 2948; x_wconf 61' lang='lat' dir='ltr'><strong>nihil</strong></span> <span class='ocrx_word' id='word_1_272' title='bbox 744 2916 828 2963; x_wconf 80' lang='lat' dir='ltr'><strong>per</strong></span> <span class='ocrx_word' id='word_1_273' title='bbox 859 2901 1173 2952; x_wconf 78' lang='lat' dir='ltr'><strong>temeritatem</strong></span> <span class='ocrx_word' id='word_1_274' title='bbox 1206 2900 1357 2962; x_wconf 80' lang='lat' dir='ltr'><strong>prolo-</strong></span> 
     </span>
    </p>

    <p class='ocr_par' dir='ltr' id='par_1_10' title="bbox 268 2965 1358 3116">
     <span class='ocr_line' id='line_1_32' title="bbox 268 2965 1358 3041; baseline 0.004 -19"><span class='ocrx_word' id='word_1_275' title='bbox 268 2983 269 2988; x_wconf 76' lang='grc'>’</span> <span class='ocrx_word' id='word_1_276' title='bbox 294 2965 522 3038; x_wconf 65' lang='lat' dir='ltr'><strong>queretur</strong></span> <span class='ocrx_word' id='word_1_277' title='bbox 536 2972 561 3023; x_wconf 71' lang='lat'><em>2</em></span> <span class='ocrx_word' id='word_1_278' title='bbox 595 2981 649 3025; x_wconf 91' lang='lat' dir='ltr'><strong>et</strong></span> <span class='ocrx_word' id='word_1_279' title='bbox 669 2991 785 3041; x_wconf 75' lang='lat' dir='ltr'><strong>quae</strong></span> <span class='ocrx_word' id='word_1_280' title='bbox 802 2985 1106 3040; x_wconf 80' lang='lat' dir='ltr'><strong>sequuntur.</strong></span> <span class='ocrx_word' id='word_1_281' title='bbox 1128 2975 1358 3026; x_wconf 71' lang='lat' dir='ltr'><strong>Pichena.</strong></span> 
     </span>
     <span class='ocr_line' id='line_1_33' title="bbox 328 3050 1357 3116; baseline 0.002 -18"><span class='ocrx_word' id='word_1_282' title='bbox 328 3111 333 3116; x_wconf 15' lang='grc' dir='ltr'>ἴ</span> <span class='ocrx_word' id='word_1_283' title='bbox 361 3050 456 3099; x_wconf 86' lang='lat' dir='ltr'><strong>Vir</strong></span> <span class='ocrx_word' id='word_1_284' title='bbox 477 3051 713 3101; x_wconf 87' lang='lat' dir='ltr'><strong>eruditus</strong></span> <span class='ocrx_word' id='word_1_285' title='bbox 737 3053 850 3102; x_wconf 84' lang='lat' dir='ltr'><strong>haec</strong></span> <span class='ocrx_word' id='word_1_286' title='bbox 871 3053 944 3102; x_wconf 88' lang='lat' dir='ltr'><strong>ita</strong></span> <span class='ocrx_word' id='word_1_287' title='bbox 968 3051 1215 3116; x_wconf 73' lang='lat' dir='ltr'><strong>explicat,</strong></span> <span class='ocrx_word' id='word_1_288' title='bbox 1236 3064 1357 3116; x_wconf 89' lang='lat' dir='ltr'><strong>qua-</strong></span> 
     </span>
    </p>

    <p class='ocr_par' dir='ltr' id='par_1_11' title="bbox 266 3125 1363 3656">
     <span class='ocr_line' id='line_1_34' title="bbox 292 3125 1358 3192; baseline 0.001 -15"><span class='ocrx_word' id='word_1_289' title='bbox 292 3128 335 3177; x_wconf 89' lang='lat' dir='ltr'><strong>si</strong></span> <span class='ocrx_word' id='word_1_290' title='bbox 381 3125 604 3177; x_wconf 83' lang='lat' dir='ltr'><strong>affirmet</strong></span> <span class='ocrx_word' id='word_1_291' title='bbox 665 3129 890 3190; x_wconf 83' lang='lat' dir='ltr'><strong>Cassius,</strong></span> <span class='ocrx_word' id='word_1_292' title='bbox 945 3143 1002 3177; x_wconf 85' lang='lat' dir='ltr'><strong>se</strong></span> <span class='ocrx_word' id='word_1_293' title='bbox 1054 3136 1358 3192; x_wconf 82' lang='lat' dir='ltr'><strong>argumenta</strong></span> 
     </span>
     <span class='ocr_line' id='line_1_35' title="bbox 266 3204 1359 3270; baseline 0.001 -17"><span class='ocrx_word' id='word_1_294' title='bbox 266 3206 636 3269; x_wconf 78' lang='lat' dir='ltr'><strong>&#39;promturum,</strong></span> <span class='ocrx_word' id='word_1_295' title='bbox 670 3209 765 3254; x_wconf 67' lang='grc' dir='ltr'><strong>διε.</strong></span> <span class='ocrx_word' id='word_1_296' title='bbox 835 3206 936 3255; x_wconf 85' lang='lat' dir='ltr'><strong>Sed</strong></span> <span class='ocrx_word' id='word_1_297' title='bbox 969 3204 1161 3270; x_wconf 84' lang='lat' dir='ltr'><strong>absque</strong></span> <span class='ocrx_word' id='word_1_298' title='bbox 1185 3205 1359 3266; x_wconf 88' lang='lat' dir='ltr'><strong>dubio,</strong></span> 
     </span>
     <span class='ocr_line' id='line_1_36' title="bbox 294 3279 1358 3346; baseline 0.002 -18"><span class='ocrx_word' id='word_1_299' title='bbox 294 3279 762 3345; x_wconf 83' lang='lat' dir='ltr'><strong>majoriefficacia,</strong></span> <span class='ocrx_word' id='word_1_300' title='bbox 793 3288 847 3332; x_wconf 90' lang='lat' dir='ltr'><strong>et</strong></span> <span class='ocrx_word' id='word_1_301' title='bbox 885 3283 1046 3346; x_wconf 87' lang='lat' dir='ltr'><strong>magis</strong></span> <span class='ocrx_word' id='word_1_302' title='bbox 1078 3282 1358 3333; x_wconf 87' lang='lat' dir='ltr'><strong>secundum</strong></span> 
     </span>
     <span class='ocr_line' id='line_1_37' title="bbox 270 3359 1359 3423; baseline -0.002 -14"><span class='ocrx_word' id='word_1_303' title='bbox 270 3359 524 3412; x_wconf 67' lang='lat' dir='ltr'><strong>smentem</strong></span> <span class='ocrx_word' id='word_1_304' title='bbox 566 3360 795 3409; x_wconf 86' lang='lat' dir='ltr'><strong>auctoris</strong></span> <span class='ocrx_word' id='word_1_305' title='bbox 837 3361 949 3410; x_wconf 78' lang='lat' dir='ltr'><strong>haec</strong></span> <span class='ocrx_word' id='word_1_306' title='bbox 994 3359 1268 3423; x_wconf 88' lang='lat' dir='ltr'><strong>sonabunt,</strong></span> <span class='ocrx_word' id='word_1_307' title='bbox 1297 3360 1359 3422; x_wconf 89' lang='lat' dir='ltr'><strong>si,</strong></span> 
     </span>
     <span class='ocr_line' id='line_1_38' title="bbox 294 3427 1360 3502; baseline -0.003 -14"><span class='ocrx_word' id='word_1_308' title='bbox 294 3427 355 3488; x_wconf 80' lang='lat' dir='ltr'><strong>nt</strong></span> <span class='ocrx_word' id='word_1_309' title='bbox 379 3435 622 3499; x_wconf 81' lang='lat' dir='ltr'><strong>fecimus,</strong></span> <span class='ocrx_word' id='word_1_310' title='bbox 637 3438 1039 3502; x_wconf 81' lang='lat' dir='ltr'><strong>interrogatione</strong></span> <span class='ocrx_word' id='word_1_311' title='bbox 1056 3438 1360 3486; x_wconf 83' lang='lat' dir='ltr'><strong>animentur.</strong></span> 
     </span>
     <span class='ocr_line' id='line_1_39' title="bbox 361 3513 1363 3578; baseline -0.003 -12"><span class='ocrx_word' id='word_1_312' title='bbox 361 3514 527 3566; x_wconf 81' lang='lat' dir='ltr'><strong>Quasi</strong></span> <span class='ocrx_word' id='word_1_313' title='bbox 548 3513 767 3575; x_wconf 86' lang='lat' dir='ltr'><strong>diceret,</strong></span> <span class='ocrx_word' id='word_1_314' title='bbox 790 3515 965 3566; x_wconf 84' lang='lat' dir='ltr'><strong>Quid?</strong></span> <span class='ocrx_word' id='word_1_315' title='bbox 1000 3529 1189 3578; x_wconf 81' lang='lat' dir='ltr'><strong>ergone</strong></span> <span class='ocrx_word' id='word_1_316' title='bbox 1214 3528 1363 3577; x_wconf 87' lang='lat' dir='ltr'><strong>argu-</strong></span> 
     </span>
     <span class='ocr_line' id='line_1_40' title="bbox 294 3591 1360 3656; baseline 0 -16"><span class='ocrx_word' id='word_1_317' title='bbox 294 3598 475 3640; x_wconf 83' lang='lat' dir='ltr'><strong>menta</strong></span> <span class='ocrx_word' id='word_1_318' title='bbox 493 3591 658 3639; x_wconf 83' lang='lat' dir='ltr'><strong>adhuc</strong></span> <span class='ocrx_word' id='word_1_319' title='bbox 674 3591 1028 3656; x_wconf 84' lang='lat' dir='ltr'><strong>conquirenda</strong></span> <span class='ocrx_word' id='word_1_320' title='bbox 1047 3599 1218 3653; x_wconf 85' lang='lat' dir='ltr'><strong>erunt,</strong></span> <span class='ocrx_word' id='word_1_321' title='bbox 1239 3607 1360 3655; x_wconf 87' lang='lat' dir='ltr'><strong>qua-</strong></span> 
     </span>
    </p>

    <p class='ocr_par' dir='ltr' id='par_1_12' title="bbox 260 3665 1371 3962">
     <span class='ocr_line' id='line_1_41' title="bbox 260 3665 1371 3730; baseline -0.002 -13"><span class='ocrx_word' id='word_1_322' title='bbox 260 3668 271 3673; x_wconf 81' lang='grc'><strong>”</strong></span> <span class='ocrx_word' id='word_1_323' title='bbox 296 3668 341 3718; x_wconf 89' lang='lat' dir='ltr'><strong>si</strong></span> <span class='ocrx_word' id='word_1_324' title='bbox 377 3667 431 3716; x_wconf 92' lang='lat' dir='ltr'><strong>in</strong></span> <span class='ocrx_word' id='word_1_325' title='bbox 463 3681 522 3716; x_wconf 89' lang='lat' dir='ltr'><strong>re</strong></span> <span class='ocrx_word' id='word_1_326' title='bbox 558 3667 730 3729; x_wconf 89' lang='lat' dir='ltr'><strong>dubia,</strong></span> <span class='ocrx_word' id='word_1_327' title='bbox 762 3671 862 3717; x_wconf 69' lang='grc' dir='ltr'><strong>ὅτε.</strong></span> <span class='ocrx_word' id='word_1_328' title='bbox 895 3682 1010 3717; x_wconf 86' lang='lat' dir='ltr'><strong>cum</strong></span> <span class='ocrx_word' id='word_1_329' title='bbox 1050 3674 1219 3716; x_wconf 89' lang='lat' dir='ltr'><strong>tamen</strong></span> <span class='ocrx_word' id='word_1_330' title='bbox 1247 3665 1371 3730; x_wconf 58' lang='lat' dir='ltr'><strong>jam,</strong></span> 
     </span>
     <span class='ocr_line' id='line_1_42' title="bbox 264 3744 1358 3811; baseline -0.003 -15"><span class='ocrx_word' id='word_1_331' title='bbox 264 3746 275 3750; x_wconf 73' lang='grc'><strong>’</strong></span> <span class='ocrx_word' id='word_1_332' title='bbox 293 3761 398 3796; x_wconf 92' lang='lat' dir='ltr'><strong>non</strong></span> <span class='ocrx_word' id='word_1_333' title='bbox 423 3758 638 3795; x_wconf 87' lang='lat' dir='ltr'><strong>necesse</strong></span> <span class='ocrx_word' id='word_1_334' title='bbox 660 3745 727 3794; x_wconf 88' lang='lat' dir='ltr'><strong>sit</strong></span> <span class='ocrx_word' id='word_1_335' title='bbox 764 3744 1026 3804; x_wconf 84' lang='lat' dir='ltr'><strong>dubitare,</strong></span> <span class='ocrx_word' id='word_1_336' title='bbox 1060 3745 1263 3811; x_wconf 79' lang='lat' dir='ltr'><strong>quando</strong></span> <span class='ocrx_word' id='word_1_337' title='bbox 1283 3759 1358 3793; x_wconf 80' lang='lat' dir='ltr'><strong>sa-</strong></span> 
     </span>
     <span class='ocr_line' id='line_1_43' title="bbox 290 3821 1365 3886; baseline -0.002 -14"><span class='ocrx_word' id='word_1_338' title='bbox 290 3821 605 3886; x_wconf 69' lang='lat' dir='ltr'><strong>pientioribus</strong></span> <span class='ocrx_word' id='word_1_339' title='bbox 625 3822 929 3871; x_wconf 79' lang='lat' dir='ltr'><strong>deliberatum</strong></span> <span class='ocrx_word' id='word_1_340' title='bbox 948 3828 1034 3872; x_wconf 81' lang='lat' dir='ltr'><strong>est.</strong></span> <span class='ocrx_word' id='word_1_341' title='bbox 1098 3823 1167 3870; x_wconf 90' lang='lat' dir='ltr'><strong>Et</strong></span> <span class='ocrx_word' id='word_1_342' title='bbox 1185 3822 1365 3870; x_wconf 84' lang='lat' dir='ltr'><strong>volunt</strong></span> 
     </span>
     <span class='ocr_line' id='line_1_44' title="bbox 295 3897 1363 3962; baseline -0.001 -14"><span class='ocrx_word' id='word_1_343' title='bbox 295 3899 397 3954; x_wconf 84' lang='lat' dir='ltr'><strong>hoc</strong></span> <span class='ocrx_word' id='word_1_344' title='bbox 424 3897 713 3962; x_wconf 83' lang='lat' dir='ltr'><strong>sequentia,</strong></span> <span class='ocrx_word' id='word_1_345' title='bbox 734 3899 813 3954; x_wconf 81' lang='lat' dir='ltr'><strong>sed</strong></span> <span class='ocrx_word' id='word_1_346' title='bbox 835 3903 882 3946; x_wconf 83' lang='lat' dir='ltr'><strong>et</strong></span> <span class='ocrx_word' id='word_1_347' title='bbox 902 3899 962 3960; x_wconf 85' lang='lat' dir='ltr'><strong>si,</strong></span> <span class='ocrx_word' id='word_1_348' title='bbox 983 3900 1064 3959; x_wconf 58' lang='grc' dir='ltr'><strong>ξε.</strong></span> <span class='ocrx_word' id='word_1_349' title='bbox 1132 3898 1363 3955; x_wconf 75' lang='lat' dir='ltr'><strong>Freinsh-</strong></span> 
     </span>
    </p>

    <p class='ocr_par' dir='ltr' id='par_1_13' title="bbox 256 3973 1369 4348">
     <span class='ocr_line' id='line_1_45' title="bbox 256 3973 1367 4038; baseline -0.001 -13"><span class='ocrx_word' id='word_1_350' title='bbox 256 3983 263 3989; x_wconf 83' lang='lat'>&#39;</span> <span class='ocrx_word' id='word_1_351' title='bbox 357 3973 377 4018; x_wconf 67' lang='lat'>1</span> <span class='ocrx_word' id='word_1_352' title='bbox 416 3977 528 4025; x_wconf 81' lang='lat' dir='ltr'><strong>Non</strong></span> <span class='ocrx_word' id='word_1_353' title='bbox 545 3974 763 4024; x_wconf 81' lang='lat' dir='ltr'><strong>excubias</strong></span> <span class='ocrx_word' id='word_1_354' title='bbox 780 3976 1032 4038; x_wconf 75' lang='lat' dir='ltr'><strong>transiret]</strong></span> <span class='ocrx_word' id='word_1_355' title='bbox 1069 3976 1367 4025; x_wconf 85' lang='lat' dir='ltr'><strong>Nocturnas</strong></span> 
     </span>
     <span class='ocr_line' id='line_1_46' title="bbox 300 4051 1368 4115; baseline 0 -14"><span class='ocrx_word' id='word_1_356' title='bbox 300 4062 426 4115; x_wconf 81' lang='lat' dir='ltr'><strong>ergo</strong></span> <span class='ocrx_word' id='word_1_357' title='bbox 450 4052 516 4100; x_wconf 87' lang='lat' dir='ltr'><strong>ad</strong></span> <span class='ocrx_word' id='word_1_358' title='bbox 539 4051 695 4100; x_wconf 88' lang='lat' dir='ltr'><strong>limen</strong></span> <span class='ocrx_word' id='word_1_359' title='bbox 720 4052 962 4102; x_wconf 87' lang='lat' dir='ltr'><strong>excubias</strong></span> <span class='ocrx_word' id='word_1_360' title='bbox 985 4067 1248 4103; x_wconf 86' lang='lat' dir='ltr'><strong>servorum</strong></span> <span class='ocrx_word' id='word_1_361' title='bbox 1282 4053 1368 4102; x_wconf 86' lang='lat' dir='ltr'><strong>ha-</strong></span> 
     </span>
     <span class='ocr_line' id='line_1_47' title="bbox 299 4130 1144 4194; baseline 0.001 -15"><span class='ocrx_word' id='word_1_362' title='bbox 299 4130 528 4194; x_wconf 78' lang='lat' dir='ltr'><strong>buerunt</strong></span> <span class='ocrx_word' id='word_1_363' title='bbox 572 4130 765 4179; x_wconf 83' lang='lat' dir='ltr'><strong>domini</strong></span> <span class='ocrx_word' id='word_1_364' title='bbox 808 4132 1144 4194; x_wconf 80' lang='lat' dir='ltr'><strong>potentiores.</strong></span> 
     </span>
     <span class='ocr_line' id='line_1_48' title="bbox 258 4197 1366 4276; baseline 0.001 -21"><span class='ocrx_word' id='word_1_365' title='bbox 258 4210 361 4276; x_wconf 71' lang='lat' dir='ltr'><strong>“tu</strong></span> <span class='ocrx_word' id='word_1_366' title='bbox 394 4197 521 4255; x_wconf 84' lang='lat' dir='ltr'><strong>mihi</strong></span> <span class='ocrx_word' id='word_1_367' title='bbox 549 4206 821 4269; x_wconf 83' lang='lat' dir='ltr'><strong>Philologe</strong></span> <span class='ocrx_word' id='word_1_368' title='bbox 858 4206 1094 4257; x_wconf 83' lang='lat' dir='ltr'><strong>observa.</strong></span> <span class='ocrx_word' id='word_1_369' title='bbox 1161 4208 1366 4260; x_wconf 84' lang='lat' dir='ltr'><strong>Quinti-</strong></span> 
     </span>
     <span class='ocr_line' id='line_1_49' title="bbox 301 4282 1369 4348; baseline -0.002 -14"><span class='ocrx_word' id='word_1_370' title='bbox 301 4283 469 4334; x_wconf 81' lang='lat' dir='ltr'><strong>lianus</strong></span> <span class='ocrx_word' id='word_1_371' title='bbox 492 4282 767 4334; x_wconf 87' lang='lat' dir='ltr'><strong>declamat.</strong></span> <span class='ocrx_word' id='word_1_372' title='bbox 787 4296 827 4332; x_wconf 88' lang='lat'><strong>1.</strong></span> <span class='ocrx_word' id='word_1_373' title='bbox 848 4296 943 4348; x_wconf 81' lang='lat' dir='ltr'><strong>pro</strong></span> <span class='ocrx_word' id='word_1_374' title='bbox 966 4283 1151 4335; x_wconf 78' lang='lat' dir='ltr'><strong>Caeco:</strong></span> <span class='ocrx_word' id='word_1_375' title='bbox 1187 4285 1203 4314; x_wconf 81' lang='lat'><strong><em>⁴</em></strong></span> <span class='ocrx_word' id='word_1_376' title='bbox 1224 4282 1369 4344; x_wconf 57' lang='lat' dir='ltr'><strong>⁴Dici-</strong></span> 
     </span>
    </p>
   </div>
   <div class='ocr_carea' id='block_1_9' title="bbox 1213 4126 1423 4186">
    <p class='ocr_par' dir='ltr' id='par_1_14' title="bbox 1213 4126 1423 4186">
     <span class='ocr_line' id='line_1_50' title="bbox 1213 4126 1423 4186; baseline -0.005 -5"><span class='ocrx_word' id='word_1_377' title='bbox 1213 4131 1375 4186; x_wconf 73' lang='lat' dir='ltr'><strong>Quod,</strong></span> <span class='ocrx_word' id='word_1_378' title='bbox 1420 4126 1423 4131; x_wconf 80' lang='grc'><strong><em>’</em></strong></span> 
     </span>
    </p>
   </div>
   <div class='ocr_carea' id='block_1_10' title="bbox 1436 2575 2514 3499">
    <p class='ocr_par' dir='ltr' id='par_1_15' title="bbox 1436 2575 2510 2962">
     <span class='ocr_line' id='line_1_51' title="bbox 1437 2575 2504 2650; baseline -0.004 -11"><span class='ocrx_word' id='word_1_379' title='bbox 1437 2595 1521 2639; x_wconf 90' lang='lat' dir='ltr'><strong>tur</strong></span> <span class='ocrx_word' id='word_1_380' title='bbox 1560 2604 1733 2641; x_wconf 82' lang='lat' dir='ltr'><strong>caecns</strong></span> <span class='ocrx_word' id='word_1_381' title='bbox 1772 2589 1884 2639; x_wconf 88' lang='lat' dir='ltr'><strong>siue</strong></span> <span class='ocrx_word' id='word_1_382' title='bbox 1928 2592 2153 2650; x_wconf 74' lang='lat' dir='ltr'><strong>rectore,</strong></span> <span class='ocrx_word' id='word_1_383' title='bbox 2194 2586 2303 2635; x_wconf 89' lang='lat' dir='ltr'><strong>sine</strong></span> <span class='ocrx_word' id='word_1_384' title='bbox 2348 2575 2504 2648; x_wconf 84' lang='lat' dir='ltr'><strong>duce,</strong></span> 
     </span>
     <span class='ocr_line' id='line_1_52' title="bbox 1436 2661 2508 2730; baseline -0.005 -14"><span class='ocrx_word' id='word_1_385' title='bbox 1436 2682 1529 2730; x_wconf 86' lang='lat' dir='ltr'><strong>per</strong></span> <span class='ocrx_word' id='word_1_386' title='bbox 1562 2667 1715 2717; x_wconf 87' lang='lat' dir='ltr'><strong>inane</strong></span> <span class='ocrx_word' id='word_1_387' title='bbox 1748 2667 1976 2730; x_wconf 85' lang='lat' dir='ltr'><strong>longum,</strong></span> <span class='ocrx_word' id='word_1_388' title='bbox 1997 2678 2091 2729; x_wconf 85' lang='lat' dir='ltr'><strong>per</strong></span> <span class='ocrx_word' id='word_1_389' title='bbox 2123 2669 2202 2713; x_wconf 90' lang='lat' dir='ltr'><strong>tot</strong></span> <span class='ocrx_word' id='word_1_390' title='bbox 2225 2661 2424 2713; x_wconf 81' lang='lat' dir='ltr'><strong>offensa</strong></span> <span class='ocrx_word' id='word_1_391' title='bbox 2446 2662 2508 2711; x_wconf 82' lang='lat' dir='ltr'><strong>li-</strong></span> 
     </span>
     <span class='ocr_line' id='line_1_53' title="bbox 1436 2740 2510 2808; baseline -0.005 -15"><span class='ocrx_word' id='word_1_392' title='bbox 1436 2744 1591 2806; x_wconf 86' lang='lat' dir='ltr'><strong>mina,</strong></span> <span class='ocrx_word' id='word_1_393' title='bbox 1635 2759 1730 2808; x_wconf 88' lang='lat' dir='ltr'><strong>per</strong></span> <span class='ocrx_word' id='word_1_394' title='bbox 1783 2742 2101 2793; x_wconf 84' lang='lat' dir='ltr'><strong>excubantes</strong></span> <span class='ocrx_word' id='word_1_395' title='bbox 2146 2740 2376 2790; x_wconf 87' lang='lat' dir='ltr'><strong>servulos</strong></span> <span class='ocrx_word' id='word_1_396' title='bbox 2425 2754 2510 2796; x_wconf 58' lang='lat' dir='ltr'><strong>erq</strong></span> 
     </span>
     <span class='ocr_line' id='line_1_54' title="bbox 1438 2815 2503 2871; baseline -0.006 -1"><span class='ocrx_word' id='word_1_397' title='bbox 1438 2836 1578 2870; x_wconf 81' lang='lat' dir='ltr'><strong>rasse</strong></span> <span class='ocrx_word' id='word_1_398' title='bbox 1613 2836 1726 2871; x_wconf 86' lang='lat' dir='ltr'><strong>eum</strong></span> <span class='ocrx_word' id='word_1_399' title='bbox 1752 2819 1927 2870; x_wconf 84' lang='lat' dir='ltr'><strong>ferro:</strong></span> <span class='ocrx_word' id='word_1_400' title='bbox 1983 2818 2276 2869; x_wconf 88' lang='lat' dir='ltr'><strong>cubiculum</strong></span> <span class='ocrx_word' id='word_1_401' title='bbox 2310 2815 2503 2867; x_wconf 87' lang='lat' dir='ltr'><strong>deinde</strong></span> 
     </span>
     <span class='ocr_line' id='line_1_55' title="bbox 1436 2895 2258 2962; baseline -0.005 -15"><span class='ocrx_word' id='word_1_402' title='bbox 1436 2897 1603 2962; x_wconf 85' lang='lat' dir='ltr'><strong>patris</strong></span> <span class='ocrx_word' id='word_1_403' title='bbox 1626 2895 1884 2949; x_wconf 85' lang='lat' dir='ltr'><strong>intrasse.&#39;</strong></span> <span class='ocrx_word' id='word_1_404' title='bbox 2249 2897 2258 2908; x_wconf 57' lang='lat'>⁸</span> 
     </span>
    </p>

    <p class='ocr_par' dir='ltr' id='par_1_16' title="bbox 1437 2969 2514 3335">
     <span class='ocr_line' id='line_1_56' title="bbox 1504 2969 2514 3038; baseline -0.006 -13"><span class='ocrx_word' id='word_1_405' title='bbox 1504 2976 1652 3025; x_wconf 85' lang='lat' dir='ltr'><strong>Idem</strong></span> <span class='ocrx_word' id='word_1_406' title='bbox 1676 2976 1950 3025; x_wconf 87' lang='lat' dir='ltr'><strong>declamat.</strong></span> <span class='ocrx_word' id='word_1_407' title='bbox 1972 2978 2021 3024; x_wconf 81' lang='lat'><strong>2.</strong></span> <span class='ocrx_word' id='word_1_408' title='bbox 2044 2987 2139 3038; x_wconf 86' lang='lat' dir='ltr'><strong>pro</strong></span> <span class='ocrx_word' id='word_1_409' title='bbox 2174 2973 2358 3022; x_wconf 83' lang='lat' dir='ltr'><strong>Caeco:</strong></span> <span class='ocrx_word' id='word_1_410' title='bbox 2392 2969 2408 2998; x_wconf 87' lang='lat'>‘</span> <span class='ocrx_word' id='word_1_411' title='bbox 2425 2970 2514 3030; x_wconf 65' lang='lat' dir='ltr'><strong>&#39;I&#39;u¹</strong></span> 
     </span>
     <span class='ocr_line' id='line_1_57' title="bbox 1438 3048 2506 3118; baseline -0.002 -17"><span class='ocrx_word' id='word_1_412' title='bbox 1438 3053 1618 3115; x_wconf 88' lang='lat' dir='ltr'><strong>sentis,</strong></span> <span class='ocrx_word' id='word_1_413' title='bbox 1634 3052 1837 3118; x_wconf 82' lang='lat' dir='ltr'><strong>quando</strong></span> <span class='ocrx_word' id='word_1_414' title='bbox 1857 3065 2033 3100; x_wconf 89' lang='lat' dir='ltr'><strong>senem</strong></span> <span class='ocrx_word' id='word_1_415' title='bbox 2054 3049 2235 3099; x_wconf 82' lang='lat' dir='ltr'><strong>vicerit</strong></span> <span class='ocrx_word' id='word_1_416' title='bbox 2252 3048 2506 3102; x_wconf 81' lang='lat' dir='ltr'><strong>lassitudo</strong></span> 
     </span>
     <span class='ocr_line' id='line_1_58' title="bbox 1437 3126 2507 3193; baseline -0.007 -12"><span class='ocrx_word' id='word_1_417' title='bbox 1437 3145 1692 3181; x_wconf 87' lang='lat' dir='ltr'><strong>curarum.</strong></span> <span class='ocrx_word' id='word_1_418' title='bbox 1756 3130 1867 3179; x_wconf 88' lang='lat' dir='ltr'><strong>Scis</strong></span> <span class='ocrx_word' id='word_1_419' title='bbox 1892 3129 2108 3193; x_wconf 87' lang='lat' dir='ltr'><strong>pariter,</strong></span> <span class='ocrx_word' id='word_1_420' title='bbox 2125 3143 2188 3177; x_wconf 86' lang='lat' dir='ltr'><strong>an</strong></span> <span class='ocrx_word' id='word_1_421' title='bbox 2214 3141 2314 3177; x_wconf 85' lang='lat' dir='ltr'><strong>una</strong></span> <span class='ocrx_word' id='word_1_422' title='bbox 2338 3126 2507 3191; x_wconf 80' lang='lat' dir='ltr'><strong>quies·</strong></span> 
     </span>
     <span class='ocr_line' id='line_1_59' title="bbox 1438 3205 2508 3258; baseline -0.003 -1"><span class='ocrx_word' id='word_1_423' title='bbox 1438 3209 1667 3257; x_wconf 89' lang='lat' dir='ltr'><strong>centium</strong></span> <span class='ocrx_word' id='word_1_424' title='bbox 1689 3206 1826 3258; x_wconf 80' lang='lat' dir='ltr'><strong>fores</strong></span> <span class='ocrx_word' id='word_1_425' title='bbox 1862 3205 2135 3256; x_wconf 87' lang='lat' dir='ltr'><strong>vallaverit</strong></span> <span class='ocrx_word' id='word_1_426' title='bbox 2173 3220 2300 3255; x_wconf 85' lang='lat' dir='ltr'><strong>cura</strong></span> <span class='ocrx_word' id='word_1_427' title='bbox 2331 3219 2508 3254; x_wconf 83' lang='lat' dir='ltr'><strong>servo·</strong></span> 
     </span>
     <span class='ocr_line' id='line_1_60' title="bbox 1439 3284 1589 3335; baseline 0.013 -2"><span class='ocrx_word' id='word_1_428' title='bbox 1439 3284 1589 3335; x_wconf 89' lang='lat' dir='ltr'><strong>rum.’</strong></span> 
     </span>
    </p>

    <p class='ocr_par' dir='ltr' id='par_1_17' title="bbox 1442 3357 2514 3499">
     <span class='ocr_line' id='line_1_61' title="bbox 1505 3357 2509 3423; baseline -0.001 -14"><span class='ocrx_word' id='word_1_429' title='bbox 1505 3359 1754 3423; x_wconf 86' lang='lat' dir='ltr'><strong>Apuleius</strong></span> <span class='ocrx_word' id='word_1_430' title='bbox 1793 3359 1880 3409; x_wconf 83' lang='lat' dir='ltr'><strong>lib.</strong></span> <span class='ocrx_word' id='word_1_431' title='bbox 1924 3373 1962 3409; x_wconf 76' lang='grc' dir='ltr'><strong>ι.</strong></span> <span class='ocrx_word' id='word_1_432' title='bbox 2011 3358 2028 3387; x_wconf 88' lang='lat'>‘</span> <span class='ocrx_word' id='word_1_433' title='bbox 2054 3358 2255 3407; x_wconf 85' lang='lat' dir='ltr'><strong>Pueros</strong></span> <span class='ocrx_word' id='word_1_434' title='bbox 2297 3357 2509 3422; x_wconf 78' lang='lat' dir='ltr'><strong>ablegat</strong></span> 
     </span>
     <span class='ocr_line' id='line_1_62' title="bbox 1442 3433 2514 3499; baseline -0.002 -14"><span class='ocrx_word' id='word_1_435' title='bbox 1442 3435 1656 3485; x_wconf 85' lang='lat' dir='ltr'><strong>arbitrio</strong></span> <span class='ocrx_word' id='word_1_436' title='bbox 1677 3436 1914 3485; x_wconf 88' lang='lat' dir='ltr'><strong>nocturni</strong></span> <span class='ocrx_word' id='word_1_437' title='bbox 1939 3433 2175 3499; x_wconf 80' lang='lat' dir='ltr'><strong>gannitus</strong></span> <span class='ocrx_word' id='word_1_438' title='bbox 2193 3437 2222 3481; x_wconf 71' lang='grc' dir='ltr'><strong>ι’</strong></span> <span class='ocrx_word' id='word_1_439' title='bbox 2274 3433 2362 3497; x_wconf 87' lang='lat' dir='ltr'><strong>qui</strong></span> <span class='ocrx_word' id='word_1_440' title='bbox 2386 3434 2514 3488; x_wconf 52' lang='lat' dir='ltr'><strong>alioq</strong></span> 
     </span>
    </p>
   </div>
   <div class='ocr_carea' id='block_1_11' title="bbox 1443 3509 2580 3576">
    <p class='ocr_par' dir='ltr' id='par_1_18' title="bbox 1443 3509 2580 3576">
     <span class='ocr_line' id='line_1_63' title="bbox 1443 3509 2580 3576; baseline 0.002 -17"><span class='ocrx_word' id='word_1_441' title='bbox 1443 3512 1530 3576; x_wconf 84' lang='lat' dir='ltr'><strong>qui</strong></span> <span class='ocrx_word' id='word_1_442' title='bbox 1550 3511 1615 3560; x_wconf 89' lang='lat' dir='ltr'><strong>de</strong></span> <span class='ocrx_word' id='word_1_443' title='bbox 1637 3527 1780 3560; x_wconf 86' lang='lat' dir='ltr'><strong>more</strong></span> <span class='ocrx_word' id='word_1_444' title='bbox 1807 3510 2189 3575; x_wconf 86' lang='lat' dir='ltr'><strong>procubabant.</strong></span> <span class='ocrx_word' id='word_1_445' title='bbox 2236 3510 2391 3559; x_wconf 85' lang='lat' dir='ltr'><strong>Silius</strong></span> <span class='ocrx_word' id='word_1_446' title='bbox 2416 3509 2520 3561; x_wconf 88' lang='lat' dir='ltr'><strong>lib..</strong></span> <span class='ocrx_word' id='word_1_447' title='bbox 2577 3509 2580 3514; x_wconf 75' lang='grc'><strong>’</strong></span> 
     </span>
    </p>
   </div>
   <div class='ocr_carea' id='block_1_12' title="bbox 1438 3586 2540 4348">
    <p class='ocr_par' dir='ltr' id='par_1_19' title="bbox 1438 3586 2540 4037">
     <span class='ocr_line' id='line_1_64' title="bbox 1440 3586 2520 3652; baseline 0 -14"><span class='ocrx_word' id='word_1_448' title='bbox 1440 3603 1479 3638; x_wconf 88' lang='lat'><strong>1.</strong></span> <span class='ocrx_word' id='word_1_449' title='bbox 1498 3588 1564 3638; x_wconf 88' lang='lat' dir='ltr'><strong>ad</strong></span> <span class='ocrx_word' id='word_1_450' title='bbox 1583 3589 1717 3639; x_wconf 86' lang='lat' dir='ltr'><strong>hunc</strong></span> <span class='ocrx_word' id='word_1_451' title='bbox 1731 3589 1885 3638; x_wconf 89' lang='lat' dir='ltr'><strong>ritum</strong></span> <span class='ocrx_word' id='word_1_452' title='bbox 1902 3589 1966 3638; x_wconf 90' lang='lat' dir='ltr'><strong>de</strong></span> <span class='ocrx_word' id='word_1_453' title='bbox 1990 3586 2249 3637; x_wconf 72' lang='lat' dir='ltr'><strong>Annibale</strong></span> <span class='ocrx_word' id='word_1_454' title='bbox 2273 3603 2284 3635; x_wconf 77' lang='lat' dir='ltr'><strong><em>z</em></strong></span> <span class='ocrx_word' id='word_1_455' title='bbox 2317 3587 2333 3613; x_wconf 90' lang='lat'>‘</span> <span class='ocrx_word' id='word_1_456' title='bbox 2351 3587 2520 3652; x_wconf 68' lang='lat' dir='ltr'><strong>Saepe¹</strong></span> 
     </span>
     <span class='ocr_line' id='line_1_65' title="bbox 1439 3665 2518 3730; baseline -0.001 -15"><span class='ocrx_word' id='word_1_457' title='bbox 1439 3666 1595 3716; x_wconf 87' lang='lat' dir='ltr'><strong>etiam</strong></span> <span class='ocrx_word' id='word_1_458' title='bbox 1620 3665 1793 3715; x_wconf 88' lang='lat' dir='ltr'><strong>famuli</strong></span> <span class='ocrx_word' id='word_1_459' title='bbox 1820 3667 2028 3730; x_wconf 86' lang='lat' dir='ltr'><strong>turbato</strong></span> <span class='ocrx_word' id='word_1_460' title='bbox 2048 3667 2112 3714; x_wconf 79' lang='lat' dir='ltr'><strong>ad</strong></span> <span class='ocrx_word' id='word_1_461' title='bbox 2133 3666 2307 3714; x_wconf 84' lang='lat' dir='ltr'><strong>limina</strong></span> <span class='ocrx_word' id='word_1_462' title='bbox 2330 3674 2518 3724; x_wconf 86' lang='lat' dir='ltr'><strong>somno,</strong></span> 
     </span>
     <span class='ocr_line' id='line_1_66' title="bbox 1438 3741 2540 3807; baseline 0 -15"><span class='ocrx_word' id='word_1_463' title='bbox 1438 3744 1715 3807; x_wconf 61' lang='lat' dir='ltr'><strong>Expavere</strong></span> <span class='ocrx_word' id='word_1_464' title='bbox 1758 3749 1955 3792; x_wconf 88' lang='lat' dir='ltr'><strong>trucem</strong></span> <span class='ocrx_word' id='word_1_465' title='bbox 1999 3757 2089 3806; x_wconf 86' lang='lat' dir='ltr'><strong>per</strong></span> <span class='ocrx_word' id='word_1_466' title='bbox 2127 3750 2271 3790; x_wconf 85' lang='lat' dir='ltr'><strong>vasta</strong></span> <span class='ocrx_word' id='word_1_467' title='bbox 2303 3741 2540 3807; x_wconf 82' lang='lat' dir='ltr'><strong>silentia.</strong></span> 
     </span>
     <span class='ocr_line' id='line_1_67' title="bbox 1444 3816 2513 3884; baseline -0.002 -15"><span class='ocrx_word' id='word_1_468' title='bbox 1444 3819 1661 3869; x_wconf 61' lang='lat' dir='ltr'><strong>vocem?</strong></span> <span class='ocrx_word' id='word_1_469' title='bbox 1696 3879 1700 3884; x_wconf 73' lang='lat'><strong>,</strong></span> <span class='ocrx_word' id='word_1_470' title='bbox 1727 3820 1862 3869; x_wconf 83' lang='lat' dir='ltr'><strong>Vide</strong></span> <span class='ocrx_word' id='word_1_471' title='bbox 1883 3825 1938 3884; x_wconf 83' lang='lat' dir='ltr'><strong>et</strong></span> <span class='ocrx_word' id='word_1_472' title='bbox 1960 3818 2257 3882; x_wconf 83' lang='lat' dir='ltr'><strong>Appianum</strong></span> <span class='ocrx_word' id='word_1_473' title='bbox 2283 3819 2333 3865; x_wconf 91' lang='lat' dir='ltr'><strong>in</strong></span> <span class='ocrx_word' id='word_1_474' title='bbox 2358 3816 2513 3867; x_wconf 83' lang='lat' dir='ltr'><strong>Cato·</strong></span> 
     </span>
     <span class='ocr_line' id='line_1_68' title="bbox 1445 3893 2509 3946; baseline -0.003 -1"><span class='ocrx_word' id='word_1_475' title='bbox 1445 3898 1524 3946; x_wconf 89' lang='lat' dir='ltr'><strong>nis</strong></span> <span class='ocrx_word' id='word_1_476' title='bbox 1566 3904 1734 3945; x_wconf 88' lang='lat' dir='ltr'><strong>morte</strong></span> <span class='ocrx_word' id='word_1_477' title='bbox 1778 3903 1835 3946; x_wconf 89' lang='lat' dir='ltr'><strong>et</strong></span> <span class='ocrx_word' id='word_1_478' title='bbox 1877 3896 2113 3946; x_wconf 88' lang='lat' dir='ltr'><strong>Tacitum</strong></span> <span class='ocrx_word' id='word_1_479' title='bbox 2170 3895 2220 3943; x_wconf 91' lang='lat' dir='ltr'><strong>in</strong></span> <span class='ocrx_word' id='word_1_480' title='bbox 2267 3893 2509 3943; x_wconf 84' lang='lat' dir='ltr'><strong>Othonis.</strong></span> 
     </span>
     <span class='ocr_line' id='line_1_69' title="bbox 1446 3973 2522 4037; baseline -0.002 -14"><span class='ocrx_word' id='word_1_481' title='bbox 1446 3973 1660 4037; x_wconf 76' lang='lat' dir='ltr'><strong>Lipsius.</strong></span> <span class='ocrx_word' id='word_1_482' title='bbox 2113 3983 2118 3992; x_wconf 90' lang='grc'><em>“</em></span> <span class='ocrx_word' id='word_1_483' title='bbox 2517 4013 2522 4016; x_wconf 96' lang='grc'>.</span> 
     </span>
    </p>

    <p class='ocr_par' dir='ltr' id='par_1_20' title="bbox 1444 4042 2526 4348">
     <span class='ocr_line' id='line_1_70' title="bbox 1513 4042 2526 4112; baseline -0.004 -14"><span class='ocrx_word' id='word_1_484' title='bbox 1513 4047 1778 4111; x_wconf 76' lang='lat' dir='ltr'><strong>Excubius]</strong></span> <span class='ocrx_word' id='word_1_485' title='bbox 1836 4048 2069 4112; x_wconf 75' lang='lat' dir='ltr'><strong>insignes</strong></span> <span class='ocrx_word' id='word_1_486' title='bbox 2092 4046 2319 4096; x_wconf 81' lang='lat' dir='ltr'><strong>foetninae</strong></span> <span class='ocrx_word' id='word_1_487' title='bbox 2354 4051 2411 4095; x_wconf 86' lang='lat' dir='ltr'><strong>et</strong></span> <span class='ocrx_word' id='word_1_488' title='bbox 2435 4042 2526 4111; x_wconf 57' lang='lat' dir='ltr'><strong>fb,</strong></span> 
     </span>
     <span class='ocr_line' id='line_1_71' title="bbox 1444 4122 2511 4192; baseline -0.004 -16"><span class='ocrx_word' id='word_1_489' title='bbox 1444 4128 1609 4176; x_wconf 88' lang='lat' dir='ltr'><strong>mulas</strong></span> <span class='ocrx_word' id='word_1_490' title='bbox 1651 4124 1879 4175; x_wconf 91' lang='lat' dir='ltr'><strong>cubiculi</strong></span> <span class='ocrx_word' id='word_1_491' title='bbox 1922 4127 2133 4192; x_wconf 76' lang='lat' dir='ltr'><strong>custodes</strong></span> <span class='ocrx_word' id='word_1_492' title='bbox 2167 4122 2410 4184; x_wconf 84' lang='lat' dir='ltr'><strong>habuere,</strong></span> <span class='ocrx_word' id='word_1_493' title='bbox 2450 4128 2511 4172; x_wconf 90' lang='lat' dir='ltr'><strong>ut</strong></span> 
     </span>
     <span class='ocr_line' id='line_1_72' title="bbox 1446 4195 2511 4268; baseline -0.006 -16"><span class='ocrx_word' id='word_1_494' title='bbox 1446 4209 1598 4268; x_wconf 89' lang='lat' dir='ltr'><strong>patet</strong></span> <span class='ocrx_word' id='word_1_495' title='bbox 1619 4216 1780 4266; x_wconf 86' lang='lat' dir='ltr'><strong>snpra</strong></span> <span class='ocrx_word' id='word_1_496' title='bbox 1810 4200 1875 4249; x_wconf 92' lang='lat' dir='ltr'><strong>de</strong></span> <span class='ocrx_word' id='word_1_497' title='bbox 1915 4199 2135 4249; x_wconf 82' lang='lat' dir='ltr'><strong>Pontia:</strong></span> <span class='ocrx_word' id='word_1_498' title='bbox 2172 4212 2205 4247; x_wconf 91' lang='lat' dir='ltr'><strong>a</strong></span> <span class='ocrx_word' id='word_1_499' title='bbox 2227 4195 2430 4249; x_wconf 82' lang='lat' dir='ltr'><strong>fortiori</strong></span> <span class='ocrx_word' id='word_1_500' title='bbox 2454 4201 2511 4246; x_wconf 88' lang='lat' dir='ltr'><strong>et</strong></span> 
     </span>
     <span class='ocr_line' id='line_1_73' title="bbox 1445 4274 2522 4348; baseline -0.005 -18"><span class='ocrx_word' id='word_1_501' title='bbox 1445 4280 1544 4332; x_wconf 84' lang='lat' dir='ltr'><strong>viri</strong></span> <span class='ocrx_word' id='word_1_502' title='bbox 1573 4279 1789 4344; x_wconf 88' lang='lat' dir='ltr'><strong>nobiles,</strong></span> <span class='ocrx_word' id='word_1_503' title='bbox 1820 4277 1911 4343; x_wconf 90' lang='lat' dir='ltr'><strong>qni</strong></span> <span class='ocrx_word' id='word_1_504' title='bbox 1942 4278 2171 4344; x_wconf 39' lang='lat' dir='ltr'><strong>bonores,</strong></span> <span class='ocrx_word' id='word_1_505' title='bbox 2197 4274 2377 4342; x_wconf 80' lang='lat' dir='ltr'><strong>populi</strong></span> <span class='ocrx_word' id='word_1_506' title='bbox 2409 4275 2522 4348; x_wconf 31' lang='lat'><strong>1312--=</strong></span> 
     </span>
    </p>
   </div>
  </div>
 </body>
</html>
