3063 4952
514 301 691 370 1602

1220 315 1285 363 c.
1335 274 1707 363 cominu
1753 307 2014 381 'morri

2397 312 2492 378 [A.
2513 314 2581 366 U,
2603 320 2704 399 sm³

600 460 711 529 52.
756 459 945 528 Reos
994 478 1082 537 ex
1131 459 1479 543 provincia
1509 455 1767 536 Africa,
1815 456 1931 541 qui
1978 454 2464 521 proconsulare
2514 456 2722 540 impe-

512 564 687 631 rium
733 565 870 630 illic
915 563 1323 639 habuerant‚¹
1373 561 1756 646 Sulpicium
1813 553 2259 623 camerinumi
2304 562 2373 622 et
2425 557 2721 642 Pompo·

515 670 702 733 nium
755 666 1101 731 Silvanum
1118 659 1182 700 ²¹‘
1251 664 1544 728 absolvit
1604 662 1869 728 Caesar:
1937 660 2356 725 Camerinum
2406 659 2726 726 adversus

515 771 815 857 privatos
864 772 933 832 et
982 785 1260 851 pauoeS,
1309 767 1588 831 saevitiae
1643 765 1882 846 magis,
1916 783 2120 848 quam
2149 769 2493 847 captarum
2525 782 2730 847 pecu-

514 873 778 938 niarum
808 871 1083 936 crimina
1114 868 1527 953 objicientes,

1621 866 1966 932 Silvanum
2003 884 2240 959 magna
2292 867 2394 929 vis
2447 884 2726 959 accusa-

585 1032 712 1082 Reos
732 1048 795 1083 ex
826 1032 1069 1097 provincia
1088 1032 1280 1094 Africa,
1311 1048 1417 1081 cum
1448 1031 1551 1081 illic
1578 1031 1947 1094 praecanam-em
1982 1031 2261 1092 potestatem
2297 1025 2587 1103 hqbuisseut,
2629 1027 2723 1076 Ca·

514 1097 750 1147 uterinum
768 1103 816 1148 et
839 1099 1114 1161 Pompeium
1137 1098 1381 1147 Silvanum
1394 1096 1593 1146 absolvit
1604 1096 1848 1160 princeps.-
1867 1093 2150 1156 Sulpicium
2170 1094 2473 1141 Camerinum
2486 1106 2731 1169 oppugua-

516 1161 634 1212 bant
669 1163 851 1227 privati
883 1169 931 1213 et
960 1163 1124 1227 pauci,
1158 1163 1440 1224 objectantes
1470 1161 1521 1211 ei
1555 1161 1715 1226 potius
1749 1158 2064 1219 crudelitatis,
2098 1172 2236 1221 quum
2266 1161 2494 1221 correptoe
2511 1171 2725 1233 pecumoe

501 1228 705 1291 flagitia
720 1246 738 1280 .·
782 1234 835 1280 at
858 1229 1026 1292 ingens
1046 1230 1306 1278 delatorum
1326 1227 1467 1278 turba
1508 1227 1747 1277 invaserat
1768 1225 2032 1288 Silvanum,
2050 1221 2326 1287 petebatque
2348 1228 2549 1287 tempus
2568 1228 2732 1272 citan-

1451 1389 1508 1410 O‘
1512 1387 1809 1411 OOOOOOOOOO

583 1492 610 1537 1
644 1488 733 1539 Its
771 1488 978 1555 Lipsius
1014 1495 1071 1539 et
1115 1489 1448 1540 recentiores.
1514 1488 1579 1539 In
1626 1486 1894 1538 veteribus
1934 1483 2268 1547 editionibus,
2300 1484 2577 1534 habuerunt.
2644 1484 2731 1535 Sic

517 1559 576 1603 et
600 1555 727 1605 Mss.
750 1556 900 1605 Harl.
936 1555 1090 1604 Bodl.
1124 1555 1232 1606 Jes.
1283 1555 1603 1605 Brotier.—2
1635 1552 1724 1602 Itu
1757 1551 1880 1601 libri
1925 1564 2117 1600 omnes.
2183 1549 2333 1600 Unde
2372 1550 2458 1599 hic
2490 1549 2728 1599 Silvanus

517 1617 754 1670 diversus
778 1620 1038 1671 videtura
1059 1620 1287 1686 Silvano,
1326 1634 1449 1671 sene
1487 1618 1670 1683 divite,
1688 1617 1753 1666 de
1788 1631 1888 1682 quo
1923 1614 2061 1665 infra
2094 1615 2234 1667 Hist.
2264 1628 2329 1665 ιι.
2360 1618 2445 1665 86.
2514 1615 2735 1665 Idem.—

1521 1764 1572 1817 N
1580 1761 1736 1815 0¹1·AE

582 1877 596 1910 ¹
621 1879 708 1940 Et,
728 1892 789 1929 ne
809 1878 1045 1942 censibus]
1061 1879 1307 1930 Mutuure
1329 1879 1449 1929 hnic
1469 1878 1588 1929 loco

520 1955 693 2003 lumen
715 1969 746 2004 a
769 1954 836 2005 P.
853 1954 1025 2005 Fubro
1049 1955 1086 2007 l.
1124 1969 1166 2005 1.
1188 1954 1408 2007 Semest.
1431 1969 1482 2007 c.
1503 1959 1589 2006 25.

520 2032 734 2095 Lipsius.

581 2107 599 2150 ³
632 2108 898 2174 Sulpicium
939 2110 1264 2176 Camerinum]
1328 2107 1431 2160 Sed
1469 2120 1591 2158 enn-

517 2186 637 2236 dem
674 2188 829 2252 paulo
856 2194 976 2253 post
1013 2203 1130 2240 cum
1151 2187 1258 2240 filio
1296 2187 1583 2253 interfecit,

520 2268 581 2313 ut
620 2263 783 2315 refert
802 2265 1119 2330 xiphilinus,
1139 2264 1156 2294 ‘
1179 2265 1426 2331 objiciens
1463 2266 1586 2329 illis,

518 2339 660 2405 quod
695 2340 904 2406 Pythici
938 2343 1002 2392 ab
1048 2343 1261 2408 antiquo
1302 2343 1447 2403 dicti,
1481 2357 1585 2394 non

520 2419 846 2470 abstinerent
866 2434 1005 2471 nunc
1027 2434 1093 2471 eo
1126 2421 1452 2487 cognomine,
1490 2421 1586 2472 sed

517 2495 575 2546 in
594 2496 817 2548 Neronis
831 2497 1085 2562 Pythicas
1101 2497 1344 2552 victorias
1363 2513 1431 2549 ex
1447 2498 1585 2551 simi-

513 2574 738 2626 litudine
758 2576 978 2626 nominis
998 2575 1177 2641 injurii
1199 2575 1412 2629 essent?
1478 2576 1583 2630 Qui

516 2651 700 2703 Dionis
716 2652 826 2703 sive
841 2650 1221 2703 abbreviatoris
1237 2651 1351 2718 ejus
1368 2667 1584 2719 eorrup-

519 2733 605 2779 tus
628 2729 793 2791 locus,
833 2728 1127 2794 scriboque,
1169 2727 1246 2778 ὅτι
1286 2729 1494 2780 norw-«mi
1529 2729 1585 2780 ἐκ

518 2803 892 2868 προγόνων,ἅο.
956 2803 1173 2870 Sulpicii
1189 2805 1342 2869 enim,
1361 2820 1463 2857 non
1485 2807 1588 2872 Py-

517 2881 659 2944 thici,
680 2881 772 2932 sed
792 2882 986 2945 Poetici,
1007 2883 1377 2950 cognominati,
1409 2885 1488 2935 uti
1533 2885 1591 2935 li-

521 2972 688 3023 quere
709 2962 885 3023 potest
903 2972 969 3009 ex
991 2959 1183 3009 Fastis.

588 3034 743 3086 Quod
785 3047 1071 3099 cognomen
1092 3035 1158 3085 ad
1180 3035 1421 3101 iujuriam
1442 3050 1590 3090 snam

522 3110 769 3161 trahebat
788 3111 952 3175 Nero,
973 3112 1094 3178 quia
1114 3111 1227 3178 ipse
1245 3114 1386 3164 solus
1404 3115 1591 3179 victor,

519 3188 662 3238 solus
684 3188 957 3254 Pythicus.
1022 3190 1244 3241 Notabit
1265 3205 1390 3256 ergo
1412 3192 1590 3243 Philo-

519 3267 669 3332 logus
693 3266 1081 3318 similitudinem
1097 3267 1320 3334 aliquam
1341 3268 1481 3320 inter
1497 3284 1587 3320 eas

519 3360 693 3409 voces,
713 3346 884 3398 veteri
907 3360 1255 3412 germanaque
1286 3346 1588 3413 pronuntia·

519 3422 661 3473 tione
685 3419 868 3473 fuisse.
921 3422 1133 3488 Lipsius.

464 3515 473 3524 ·
588 3500 787 3550 Recte:
825 3499 916 3549 sed
960 3500 1075 3566 quis
1118 3502 1348 3567 regulam
1387 3508 1588 3554 certam

516 3574 572 3625 in
611 3574 905 3626 nominibus
942 3577 1163 3642 propriis
1197 3580 1334 3643 apud
1373 3580 1589 3631 Graecos

519 3657 763 3704 auctores
787 3651 1062 3704 fundabit?
1110 3657 1364 3707 vocabula
1402 3659 1592 3710 Latina

517 3730 827 3782 subvertunt
868 3731 962 3796 illi,
1004 3733 1088 3783 vel
1142 3734 1590 3798 pronuntiatione,

519 3809 604 3858 vel
628 3808 832 3861 incuria
855 3824 965 3873 sua,
990 3815 1082 3861 aut
1120 3811 1280 3861 etiam
1315 3810 1593 3863 insolentia

520 3885 782 3936 nominum
823 3887 1008 3937 delusi.
1076 3885 1283 3950 Sulpicii
1319 3887 1587 3939 interfecti

521 3978 847 4030 quocumque
884 3970 1182 4030 praetextu„
1198 3971 1253 4015 et
1276 3965 1394 4031 quia
1416 3967 1591 4017 Poetici

520 4040 649 4092 dicti
672 4043 887 4095 Latinis.

586 4121 657 4170 Et
677 4120 800 4186 quia
820 4121 1060 4186 poeticas,
1080 4128 1139 4173 ut
1161 4128 1217 4172 et
1236 4122 1469 4187 Pythicas
1486 4122 1592 4173 vic·

518 4195 681 4248 torius
725 4197 1006 4252 affectabat
1046 4197 1097 4249 N
1101 4213 1210 4265 ero,
1270 4197 1389 4250 binc
1433 4196 1589 4251 facile

1668 1876 1781 1928 haec
1819 1874 2034 1928 confuse
2069 1876 2289 1941 auctori,
2322 1875 2491 1943 quiet
2524 1875 2737 1927 aliunde

1667 1952 1910 2020 mendax,
1951 1958 2007 2003 et
2048 1952 2241 2004 oscitat
2288 1952 2466 2003 multis
2507 1951 2738 2003 Historia

1668 2030 1820 2081 locis.

1736 2105 1891 2159 Quod
1910 2104 1978 2157 de
1999 2105 2421 2173 pronuntiatione
2439 2105 2629 2157 Graecu
2649 2107 2740 2156 sd-

1671 2183 1750 2234 dit
1783 2183 2010 2248 Lipsius,
2050 2189 2199 2249 puto,
2222 2182 2277 2233 id
2310 2182 2466 2247 fallit,
2491 2198 2587 2249 pro
2611 2184 2738 2236 locis

1670 2268 1726 2313 et
1749 2263 2085 2326 temporibus.
2153 2261 2408 2316 Quaedam
2431 2263 2667 2314 nationes
2683 2269 2742 2314 et

1669 2343 1858 2388 aetates
1897 2338 2208 2404 elegantiam
2245 2338 2596 2401 retinuerunt,
2621 2340 2739 2390 aliae

1665 2414 1957 2467 barbariem
1981 2416 2342 2482 ‚admiserunt,
2387 2415 2740 2468 tradiderunt-

1667 2508 1771 2560 que
1794 2494 2036 2558 posteris.
2173 2555 2182 2560 ἱ

1728 2570 2027 2621 Mutavime
2072 2585 2219 2623 snum
2258 2579 2466 2624 cantum
2506 2574 2742 2640 cuculus,

1665 2648 1755 2713 qui
1776 2648 2112 2713 Aristophani
2129 2647 2298 2700 κόκκνς
2315 2649 2509 2700 dicitur
2530 2655 2597 2700 ex
2617 2666 2740 2702 can-

1667 2725 1754 2775 tu?
1787 2732 1849 2776 ut
1886 2725 2017 2776 varii
2058 2725 2307 2777 idiotismi
2344 2727 2609 2778 nationum
2648 2743 2741 2779 seu

1666 2803 2074 2868 provinciarum,
2113 2803 2189 2854 ita
2228 2809 2284 2855 et
2304 2803 2436 2853 varii
2467 2809 2740 2868 accentus,

1664 2881 1744 2931 its
1776 2882 1920 2932 varia
1953 2880 2327 2946 pronuntiatio.
2391 2877 2476 2929 An
2515 2881 2742 2931 mutavit

1666 2958 1734 3017 Bit
1765 2959 1938 3009 ovium
1958 2959 2089 3010 illud
2114 2957 2487 3008 Homericum?
2521 2956 2743 3009 sufficie·

1668 3035 1764 3086 bat
1779 3035 1980 3087 Neroni
2001 3036 2067 3086 ad
2085 3035 2258 3087 caedes
2278 3035 2563 3086 similitudo
2580 3037 2742 3086 nomi·

1670 3127 1811 3176 num,
1830 3113 1911 3162 vel
1936 3113 2297 3163 remotissima.

1732 3188 1758 3223 ¹¹
1794 3191 2103 3254 Pomponium
2145 3190 2415 3255 Silvanum]
2480 3192 2579 3242 Est
2619 3208 2740 3243 cum

1667 3269 1947 3333 Pompeium
1985 3270 2234 3320 Silvanum
2268 3271 2321 3319 in
2356 3270 2545 3322 Tacito
2581 3272 2645 3336 (1.
2678 3285 2743 3323 ιι.

1667 3344 1898 3410 Histor.)
1920 3347 2184 3413 reperias:
2221 3353 2304 3397 est
2328 3362 2444 3399 cum
2463 3349 2740 3413 Poppoeuns.

1666 3423 2014 3474 Librariorum
2036 3438 2101 3473 ea
2128 3424 2351 3475 varietas
2374 3425 2461 3490 sit,
2481 3440 2547 3476 an
2580 3427 2740 3478 bomi-

1671 3516 1811 3566 num,
1829 3500 1956 3551 alibi
1973 3501 2179 3552 videbo.
2249 3502 2465 3567 Lipsius.

1738 3581 1802 3631 In
1836 3581 2062 3632 externis
2082 3580 2371 3632 nominibus
2396 3583 2566 3633 variat
2597 3599 2740 3649 saepe

1669 3657 1904 3718 Tacitus3
1962 3657 2146 3707 scribit
2185 3658 2447 3709 interdum
2494 3661 2742 3724 Vologeses

1671 3735 1756 3785 vel
1805 3735 2086 3798 Vologesias.-
2122 3736 2387 3798 Boudicca,
2424 3742 2479 3788 et
2508 3738 2741 3792 Voadicea

1671 3814 1931 3879 reperitur
1952 3814 2090 3878 apud
2118 3815 2306 3879 ipsum.
2374 3817 2569 3870 Quidni
2601 3817 2737 3869 forte

1672 3897 1728 3940 et
1769 3891 1823 3940 in
1861 3889 2124 3941 vocabulis
2160 3891 2392 3941 Latinis?
2443 3907 2633 3958 nempe
2671 3908 2739 3944 ex-

1671 3968 1923 4019 vurietate
1944 3969 2446 4033 commentariorum,
2463 3973 2545 4021 vel
2562 3976 2738 4026 ancto-

1670 4061 1783 4096 rum
1815 4044 1949 4097 forte
1972 4047 2046 4096 sic
2071 4046 2339 4111 scriptum,
2364 4054 2521 4112 prout
2540 4049 2738 4102 insonu-

1671 4122 1767 4175 but
1789 4138 1893 4175 vox
1917 4123 2128 4176 auribus
2148 4123 2394 4178 Librerii.
