3063 4952
1229 407 1292 457 c.
1338 397 1703 455 coRNnLn
1733 384 2022 457 'melu
2393 401 2581 479 [Ain.
2602 418 2720 470 sos.
2755 360 2759 366 Δ

494 360 682 456 ’1453
714 466 715 469 ¹

502 550 951 631 Britannicae,
1000 556 1068 617 et
1111 544 1441 617 redituros
1486 553 1809 637 paulatim
1825 540 2534 642 ''visus⁷<seusiisque.'
2561 560 2566 567 ’
2612 557 2718 624 At

501 653 918 740 Agrippinae0
957 655 1018 720 is
1043 674 1275 739 pavor,
1307 677 1391 720 ea
1421 658 1868 723 consternatio
1893 658 2155 737 mentis,
2188 662 2499 743 quamvis
2528 663 2719 728 vultu
2751 660 2764 674 ”
2812 649 2823 656 ’

501 763 924 844 premeretur,
956 759 1242 833 emicuit,
1279 763 1370 837 ut,
1418 760 1686 843 perinde
1715 761 2013 841 ignaram
2044 760 2254 825 fuisse
2303 782 2383 828 ac
2425 784 2718 830 sororem

489 860 872 926 ,Britannici
926 859 1334 939 Octaviam,⁸
1393 861 1795 926 constiterit:
1863 865 2115 947 quippe
2163 866 2291 928 sibi
2341 865 2726 951 supremum'

502 962 826 1070 auxilium
885 969 1209 1047 ereptum,
1277 966 1343 1026 et
1409 962 1754 1045 parricidii
1822 966 2201 1061 exemplum
2266 969 2718 1073 intelligebat.d

498 1151 791 1201 meaturum
817 1145 1064 1209 paulatim
1089 1146 1254 1195 visum
1276 1146 1496 1210 aliosque
1514 1146 1952 1197 seusus.me
1975 1148 2258 1212 Agrippinoe
2292 1150 2335 1198 is
2356 1154 2523 1211 metus,
2542 1165 2598 1199 ea
2620 1154 2720 1199 tre-

489 1211 682 1275 pidatio
703 1211 870 1270 animi,
892 1212 1104 1274 quamvis
1127 1212 1297 1267 fronte
1317 1217 1572 1273 tegeretur,
1593 1210 1800 1268 enitui85
1830 1218 1885 1260 at
1917 1219 2200 1276 compertam
2231 1215 2315 1274 sit,
2348 1230 2481 1278 aeqae
2516 1215 2720 1264 insciam

486 1276 648 1336 faisse
701 1276 920 1336 acinoris,
952 1291 1008 1324 ac
1030 1278 1278 1326 Octaviam
1297 1292 1500 1328 sororem
1521 1276 1817 1326 Britannici.
1883 1278 2014 1326 Nam
2047 1278 2120 1326 sic
2160 1279 2460 1341 cog-noscebat
2494 1281 2719 1330 ultimam

495 1341 591 1391 eibi
689 1342 862 1390 sidiam
877 1341 1112 1390 ademtam
1134 1356 1259 1405 esse,
1282 1347 1329 1391 et
1351 1341 1469 1391 hinc
1489 1346 1717 1391 maternoe
1737 1340 1880 1391 caedis
1899 1344 2223 1394 documentum
2240 1344 2574 1409 agnoscebat.
2622 1345 2718 1394 Oc·
2757 1388 2766 1394 γ.

1416 1487 1535 1508 ΟΜ
1537 1488 1776 1508 OOOOOOOO

495 1568 828 1621 Britannicas.
894 1569 1011 1617 Nec
1035 1568 1310 1618 immerito.
1376 1569 1594 1619 Brotie'r.
1598 1573 1695 1618 -7
1730 1569 1859 1618 Cod.
1894 1584 2074 1620 meus.
2105 1585 2263 1621 smus
2289 1573 2541 1636 visasque:
2572 1571 2714 1622 unde

496 1634 727 1685 amiens.
776 1647 937 1682 sensus
969 1635 1203 1697 nisusque.
1271 1635 1504 1699 Ryckius
1510 1639 1623 1683 .--8
1673 1633 1898 1689 Omnino
1937 1635 2182 1700 displicet
2224 1639 2498 1687 Octavian.
2554 1638 2716 1689 Certe

495 1686 797 1777 omisissem,
832 1700 874 1747 si
914 1699 994 1748 vel
1034 1714 1164 1748 unus
1204 1699 1335 1751 liber
1375 1698 1608 1750 favisset.
1677 1699 1811 1750 Haec
1834 1701 2175 1764 munimem..
2181 1703 2546 1753 Britannicas..
2549 1704 2717 1754 .-0eta

492 1764 1123 1828 viam,suntlibra110rum
1147 1764 1517 1815 additamenta.
1588 1765 1868 1814 Octaviam
1889 1767 2180 1817 redundare
2211 1775 2359 1833 patet
2392 1783 2459 1819 ex
2496 1783 2717 1833 sequeu-

492 1829 650 1888 tibus,
678 1826 879 1878 Octavia
891 1844 1093 1904 qaoque.
1126 1829 1224 1879 In
1267 1830 1368 1878 Ms.
1394 1832 1523 1894 Reg.
1560 1838 1615 1879 et
1653 1829 1883 1880 editione
1920 1832 2171 1896 principe,
2208 1833 2483 1884 Britannici
2504 1849 2716 1883 sororem

495 1894 763 1955 Octaviam,
805 1893 990 1944 omissa
1026 1894 1284 1957 particula
1324 1910 1396 1945 ac.
1465 1896 1594 1944 Mss.
1637 1895 1785 1945 Harl.
1822 1896 1935 1947 JeS.
1972 1903 2111 1961 atque
2155 1900 2402 1949 Octaviam
2434 1914 2527 1948 sor.
2570 1899 2710 1948 Brit.

492 1959 790 2009 Ms.130d1.
831 1966 888 2009 et
931 1960 1266 2023 Puteolanus,
1306 1976 1362 2010 ac
1402 1961 1672 2010 Octaviam.
1741 1961 1902 2025 Male,
1923 1977 2041 2011 cum
2079 1979 2134 2012 ac
2172 1972 2379 2023 veteres
2413 1963 2714 2028 Scriptores
2756 2023 2760 2027 .

491 2031 614 2076 ante
635 2025 870 2074 vocalem
890 2039 993 2074 non
1017 2025 1300 2089 posuerint.
1365 2026 1584 2076 Brotier.
1653 2026 1949 2076 Gronovius
1984 2034 2039 2078 et
2078 2028 2311 2097 Ryckins
2342 2029 2538 2080 habent
2563 2030 2712 2079 Octa·

1492 2171 1707 2231 NO'I'AE
1775 2212 1778 2215 ,

488 2298 606 2348 quae
631 2298 788 2335 mensa
806 2301 1069 2350 pomorum,
1091 2300 1182 2336 seu
1202 2288 1413 2337 secandae
1432 2301 1560 2339 men-

487 2366 555 2410 'cae
577 2361 995 2424 appellabantur.

516 2442 531 2447 ”
552 2435 621 2487 In
642 2437 878 2488 convivio
917 2438 1034 2489 Diis
1070 2455 1277 2507 semper
1307 2441 1555 2506 libabant,

1644 2299 1831 2351 moque
1857 2286 2146 2350 praevalidi.
2547 2312 2548 2315 ¹

1704 2368 1726 2394 ⁰
1757 2362 1829 2424 At
1841 2362 2148 2428 Agrippinae]
2180 2363 2310 2414 Sunt
2328 2363 2513 2429 quihic
2532 2380 2708 2430 repre·
2781 2412 2784 2415 ,

1635 2438 1868 2489 hendant
1888 2439 2144 2505 Tacitum,
2166 2441 2314 2506 quasi
2350 2442 2529 2492 statim
2558 2457 2712 2494 aver-,-

483 2514 571 2565 Sic
603 2516 807 2580 Regina
845 2517 984 2582 apud
1019 2518 1325 2583 Virgilium:
1360 2522 1376 2550 ⁴
1400 2522 1557 2573 Dixit
1636 2521 1719 2565 tat
1772 2518 1968 2580 oculos,
2023 2525 2353 2584 mentemque
2408 2519 2619 2574 lectoris
2676 2535 2709 2576 a

484 2600 541 2644 et
566 2594 619 2642 in
641 2608 816 2644 mensa
836 2596 1049 2645 laticum
1071 2596 1254 2647 libavit
1273 2598 1554 2649 honorem.’

483 2669 605 2722 Mos
640 2681 786 2724 certe
808 2671 926 2737 fuit,
947 2680 1005 2724 ut
1040 2689 1106 2723 ex
1132 2683 1315 2739 patera
1335 2677 1440 2726 vini
1463 2678 1574 2726 ali..

481 2748 608 2814 quid
647 2747 1001 2812 diffunderent
1029 2750 1081 2799 in
1121 2767 1366 2815 mensam,
1393 2754 1474 2802 vel
1497 2754 1551 2802 in

481 2829 698 2885 terram,
714 2827 796 2874 vel
822 2826 873 2875 in
896 2841 1055 2890 mare,
1077 2826 1117 2876 si
1145 2842 1292 2877 casus
1317 2829 1486 2879 daret.

547 2898 572 2933 Β
604 2902 704 2949 Per
724 2902 1008 2971 comitialem*
1029 2904 1261 2967 morbum]
1306 2905 1375 2954 *Id
1417 2922 1552 2955 sum-

480 2990 584 3028 111aeb
607 2977 943 3042 impudentiae
981 2982 1035 3030 in
1077 2979 1304 3046 Nerone,
1337 2988 1391 3033 et
1414 2984 1552 3049 quod

479 3054 677 3106 crimen
718 3058 1070 3123 convinceret,

475 3145 622 3182 mare
645 3141 818 3183 coram
844 3140 925 3184 tot
959 3135 1228 3196 ministris,
1257 3143 1440 3201 totque
1464 3151 1550 3186 au·

477 3209 591 3259 licis
613 3211 881 3278 utriusque
899 3227 1069 3277 sexus,
1091 3214 1178 3278 qui
1197 3228 1409 3278 puerum
1430 3229 1547 3278 eog-

474 3294 756 3337 noscerent
779 3303 810 3337 a
833 3289 1044 3353 teneris,
1081 3289 1211 3339 nulli
1239 3289 1417 3339 morbo
1452 3289 1545 3340 tali

476 3361 776 3413 obnoxium.

541 3438 643 3487 Per
661 3439 948 3489 comitialem
965 3439 1199 3504 morbum]
1237 3442 1319 3491 De
1344 3456 1446 3506 quo
1469 3442 1543 3493 sic

474 3513 638 3565 Corn.
676 3516 856 3566 Celsus
892 3530 981 3567 111.
1006 3522 1086 3567 24.
1119 3520 1134 3546 ‘
1162 3518 1310 3568 Inter
1343 3520 1545 3569 notissi-

473 3593 586 3639 inos
604 3591 827 3656 morbos,
845 3600 926 3642 est
947 3594 1104 3644 etiam
1126 3595 1186 3660 is,
1201 3596 1289 3661 qui
1313 3597 1547 3646 comitia-

468 3665 555 3728 lis,
578 3667 664 3717 vel
685 3668 849 3733 major
870 3672 1201 3722 nominatur:
1236 3674 1387 3723 homo
1411 3675 1545 3725 subi-

469 3747 527 3793 to
547 3744 794 3808 concidit,
815 3761 881 3796 ex
903 3761 993 3796 ore
1015 3764 1208 3814 spumae
1232 3759 1537 3814 moventur:

443 3852 446 3856 .
469 3818 668 3869 deinde
700 3821 1009 3887 interposito
1038 3833 1271 3892 tempore
1294 3830 1358 3879 ad
1380 3831 1439 3879 'se
1462 3845 1541 3879 re-

469 3896 568 3961 dit,
589 3904 647 3948 et
668 3913 764 3962 per
786 3914 839 3949 se
863 3901 1034 3963 ipsum
1063 3907 1349 3971 consurgit.
1414 3908 1541 3957 Son-

470 3973 632 4027 ticnm
657 3975 894 4026 morbum
920 3976 1139 4032 dicunt)

531 4050 619 4100 Sic
640 4051 812 4102 dictus
841 4056 1109 4121 conuiualis,
1135 4059 1272 4123 quod
1296 4059 1416 4110 olim
1452 4074 1537 4109 co-

466 4127 619 4182 mitia
653 4130 978 4183 dissolveret.
1046 4135 1187 4185 Huic
1226 4134 1403 4185 morbo
1447 4136 1539 4185 ob·

468 4203 613 4272 noxii
633 4201 779 4257 fuere
800 4209 974 4272 magni
995 4210 1094 4262 viri
1126 4211 1400 4273 Hercules,
1422 4211 1535 4261 Cae-

468 4294 575 4347 sar,
611 4282 952 4354 Mahometes,
988 4292 1047 4339 et
1082 4288 1172 4339 alii
1200 4286 1405 4356 ingenio
1428 4288 1533 4339 ani-

1109 3057 1164 3108 id
1202 3074 1379 3109 ausum
1419 3057 1553 3109 affir-

1635 2595 1850 2645 crimine
1895 2595 2142 2659 Neronis,
2186 2603 2249 2648 ut
2302 2596 2451 2650 nobis
2491 2588 2710 2648 circuni-

1632 2673 1886 2722 stantium
1908 2672 2166 2723 hominnm
2202 2675 2377 2726 vultus
2414 2672 2708 2741 faciemque

1633 2748 1738 2798 aut'
1766 2756 1995 2799 mentem
2040 2750 2347 2801 adumbret:
2394 2766 2584 2816 nempe
2624 2768 2713 2816 arf-

1634 2827 1826 2890 guitur,
1849 2827 1992 2892 quasi
2027 2843 2132 2878 non
2172 2830 2296 2879 satis
2328 2828 2573 2882 defixerit
2595 2829 2706 2884 ani.-

1631 2918 1770 2953 mum
1804 2901 2038 2955 nostrum
2077 2905 2130 2961 in
2166 2906 2472 2957 aestimanda
2505 2906 2705 2971 ponde-

1632 2979 1897 3046 randaque
1957 2983 2235 3046 atrocitate
2289 2982 2553 3046 facinoris,
2608 2982 2705 3038 sed
2765 3025 2768 3028 -

1632 3057 1811 3107 statim
1829 3058 1930 3109 alio
1947 3068 2239 3125 convertat,
2252 3060 2579 3135 abducetque
2594 3060 2704 3113 ani·

1629 3149 1770 3184 mum
1791 3136 2132 3200 legentium.

1691 3210 1717 3245 ‘¹
1775 3212 2041 3262 Parricidii
2080 3215 2342 3278 exemplum
2380 3213 2708 3303 intelligebat]

1625 3285 1718 3338 An
1732 3290 1942 3339 easdem
1965 3296 2102 3340 artes
2126 3305 2157 3339 a
2181 3292 2394 3342 Nerone
2428 3292 2657 3342 relatas
2642 3306 2702 3342 m

1624 3366 1931 3417 Britannico
1955 3369 2209 3432 necando,
2231 3384 2359 3434 quas
2399 3370 2623 3434 ipsamet
2642 3369 2700 3422 iu

1625 3442 1843 3494 Claudio
1869 3443 2212 3495 adhibuerat?
2252 3443 2437 3497 Potius
2462 3445 2702 3499 credide-1·

1622 3522 1719 3571 rim
1743 3522 1971 3573 timuisse
1992 3523 2358 3589 Agrippinam,
2376 3541 2463 3589 ne,
2488 3532 2550 3576 ut
2582 3525 2700 3592 Bri-
2753 3561 2758 3565 -

1624 3599 1887 3649 tannieum
1917 3600 2063 3649 Nero
2085 3602 2378 3667 sustulerat,
2398 3602 2584 3653 eodem
2607 3617 2698 3653 ex-

1624 3680 1796 3743 emplo
1819 3685 2038 3730 matrem
2064 3682 2293 3733 tolleret.
2315 3717 2322 3718 ff
2361 3684 2588 3736 Picheaa.

1637 3762 1642 3766 ’
1688 3754 1931 3824 Priusne
1955 3756 2288 3821 cogitandum
2313 3760 2540 3825 quidem,
2556 3760 2693 3824 adeo

1621 3830 1869 3895 frigidum
1898 3839 1998 3882 est.
2065 3833 2241 3897 Scylla
2275 3835 2465 3887 Ovidio
2503 3838 2539 3887 l.
2560 3849 2690 3888 vm.

1618 3906 1635 3974 ⁴,
1662 3907 1815 3957 Cives
1840 3906 1998 3959 odere
2018 3916 2336 3972 merentem;
2368 3910 2577 3962 finitimi
2600 3928 2693 3966 ειν

1619 3984 1845 4047 emplum
1902 3986 2177 4036 metuunt.'
2252 3988 2455 4037 Seneca
2494 3987 2687 4050 Troad,

1618 4057 1848 4129 ‘Suique
1867 4062 2035 4113 victor
2057 4064 2229 4128 operis
2252 4066 2546 4129 exemplum
2569 4066 2690 4116 hor·

1614 4141 1755 4208 ruit;
1789 4140 2097 4207 Didicitque
2119 4141 2353 4194 Achilles
2376 4148 2432 4194 et
2460 4144 2576 4194 Dea
2597 4157 2686 4194 na

1616 4222 1699 4269 tos
1721 4216 1885 4268 mori-²
1952 4218 2235 4271 Gronovius.

1680 4293 1947 4346 Parricidii
1979 4294 2269 4361 exemplum]
2320 4297 2387 4372 In
2423 4311 2481 4348 se
2514 4271 2690 4412 ipsam
