3063 4952
323 403 623 468 2525ssss

1318 611 1535 662 Nom:
1615 572 1622 579 ⁷

321 760 416 825 sul,
451 774 556 825 qno
589 759 711 811 seiri
743 763 921 824 posset
955 774 1021 811 an
1043 759 1270 810 universi
1293 774 1381 824 pe·

318 836 471 889 dibus
494 837 549 889 in
572 837 887 891 sententiam
910 837 1382 903 ejus,quiprimum

314 922 615 978 censuerat,
649 916 957 969 transirent.
1023 915 1196 967 Cui‘si
1233 931 1385 976 nemo

315 992 661 1056 contradixit,
715 994 796 1042 vel
835 1007 1046 1043 numero
1093 993 1385 1058 pauciores,

308 1083 393 1132 per
413 1068 743 1119 discessionem
761 1065 957 1119 factum
981 1070 1079 1120 SC.
1102 1068 1220 1120 fuit.
1312 1092 1317 1099 ·

374 1145 499 1195 Hoc
525 1146 748 1211 conjicio
771 1162 834 1196 ex
860 1149 894 1196 l.
920 1160 1014 1197 xv.
1038 1146 1174 1200 Anu.
1195 1149 1210 1176 ‘
1235 1148 1385 1200 Post-

310 1234 471 1289 quam
505 1224 875 1274 discessionem
910 1224 1088 1275 consul
1129 1227 1384 1292 permisit,

306 1303 575 1366 pedibas
561 1318 615 1352 ιιι
636 1305 950 1354 sententiam
973 1304 1086 1369 ejas
1104 1306 1243 1370 ἧκες
1258 1318 1385 1371 μιν·

305 1381 383 1430 eis
402 1381 667 1431 exemtis!
744 1380 1007 1448 Addoque
1030 1382 1245 1433 Sueton.
1268 1384 1384 1435 Tib.

308 1461 391 1507 ³1.
417 1459 436 1486 ‘
465 1458 598 1508 Cum
620 1458 721 1510 SC.
745 1475 839 1524 per
862 1460 1225 1512 discessionem
1249 1460 1388 1514 forte

306 1532 485 1599 fieret,
528 1543 883 1588 transeuntem
920 1551 1037 1587 eum
1076 1538 1139 1588 in·
1170 1540 1388 1590 alteram

304 1620 542 1678 partem,
562 1614 615 1664 in
638 1630 739 1681 qua
759 1617 1039 1682 pauciores-
1053 1624 1223 1680 erant,
1240 1630 1387 1668 secu—

308 1696 393 1741 tus
416 1699 505 1742 est
546 1693 733 1744 nemo?
800 1694 886 1744 Ita
917 1696 1085 1745 Varro
1130 1695 1390 1747 intellexit

305 1769 595 1833 scriptum,
631 1768 747 1820 fieri
777 1773 879 1823 SC.
932 1788 1021 1837 per
1048 1773 1389 1840 discessionem,

306 1846 350 1896 si
370 1848 791 1898 consentiretur.

373 1925 515 1976 eum
561 1938 706 1989 vero,
757 1926 1070 1981 discessione
1116 1930 1390 1994 permissa,

305 2001 570 2051 transiret
624 2017 777 2054 nemo
814 2005 867 2054 in
907 2007 1217 2058 sententiam
1255 2008 1391 2058 illius

306 2079 402 2145 qui
427 2081 633 2145 primus
655 2080 925 2145 dixisset,
911 2098 963 2133 ιιι
988 2098 1046 2133 re
1067 2085 1272 2135 scilicet
1295 2085 1386 2135 du

302 2156 418 2220 bia,
462 2158 735 2223 inceptam
760 2175 792 2209 a
815 2162 979 2226 gradu
1000 2163 1260 2212 consulari
1294 2178 1388 2227 per

308 2236 548 2300 singulos
565 2244 836 2289 senatores
854 2241 1138 2290 sententias
1156 2242 1386 2306 exquiri.

307 2319 424 2364 tum
480 2328 612 2365 voce
661 2318 869 2380 prolata
906 2320 1189 2369 assentiens
1224 2321 1389 2385 priori

302 2393 617 2456 sentemiae,
633 2408 730 2444 nec
753 2410 817 2444 ex
838 2396 1033 2461 scripto
1056 2398 1281 2448 recitata
1298 2397 1395 2448 illa

305 2476 414 2534 est,
437 2471 524 2521 vel
564 2488 596 2523 a
634 2473 796 2538 priori
839 2474 1064 2540 diversa,
1102 2476 1264 2528 verbo
1306 2493 1393 2529 ex-

306 2557 529 2615 promta
573 2549 1043 2616 primum,'deinde
1089 2569 1153 2603 ex
1200 2555 1395 2606 tabella

310 2629 497 2679 -relata
518 2639 624 2691 est,
664 2630 743 2680 uti
766 2631 915 2680 licuit
935 2631 996 2681 iis
1023 2632 1106 2697 qui
1120 2633 1207 2698 jus
1220 2633 1395 2684 dicen·-

308 2704 419 2755 das
446 2706 730 2756 sententiae
766 2707 1111 2772 accepissent.
1179 2708 1275 2759 Ait
1306 2710 1392 2760 hic

314 2782 617 2846 Cornelius,
640 2799 742 2848 qaae
761 2786 932 2835 vellent
955 2801 1248 2854 expromere,
1272 2790 1395 2838 rela-

314 2861 583 2927 memque
616 2863 671 2911 in
708 2878 764 2913 ea
798 2866 1073 2928 μήκιστα
1106 2865 1160 2915 id
1203 2872 1301 2928 est,
1333 2861 1396 2916 iis

319 2939 409 3005 qui
444 2938 523 2990 in
516 2946 763 2991 senatum
784 2942 1085 3005 veniebant,
1108 2949 1165 2993 et
1188 2951 1395 2995 senten-

318 3016 406 3067 tiae
438 3018 535 3083 jus
574 3018 1042 3081 liabebant,·licuit
1071 3033 1303 3085 censere,
1334 3029 1397 3072 et

314 3095 448 3146 'alios
470 3102 535 3145 ut
549 3096 661 3160 jam
687 3097 883 3160 placita
905 3097 1215 3161 dividerent,
1250 3105 1308 3148 et
1327 3099 1394 3148 de

322 3172 540 3239 siugulis
598 3173 883 3239 referrent,
928 3191 1029 3241 qua
1072 3175 1395 3241 viderentur,

320 3266 528 3317 rogare.

384 3330 474 3381 nli
493 3335 675 3381 autem
715 3331 803 3396 qui
836 3330 888 3380 in
925 3337 1162 3382 senatum
1187 3332 1395 3398 quidem

316 3408 623 3472 veniebant,
687 3410 777 3458 sed
841 3410 963 3475 quia
1014 3411 1069 3459 in
1125 3412 1398 3476 postremis

316 3486 507 3551 scripti
531 3495 705 3549 erant,
730 3502 830 3537 non
850 3488 1166 3553 rogabantur
1190 3496 1398 3540 senten-

322 3563 442 3628 tias,
480 3570 543 3613 ut
566 3566 602 3615 Ι.
629 3578 717 3613 ιιι.
752 3565 986 3629 Agellius
1007 3565 1188 3628 refert,
1227 3567 1321 3616 sed
1344 3567 1398 3617 in

318 3649 407 3693 'eas
427 3643 845 3707 descendebant,
868 3633 994 3710 quas
1020 3645 1283 3709 principes
1301 3645 1399 3695 viri

316 3720 600 3771 dixissent.
662 3723 848 3773 >Quare
878 3730 937 3773 et
973 3724 1039 3773 ab
1078 3724 1178 3772 illis
1211 3723 1403 3778 disces-

315 3800 469 3850 sione
503 3800 666 3860 fama,
704 3808 762 3850 et
780 3801 848 3850 ab
886 3801 1001 3850 aliis
1035 3800 1123 3866 qui
1147 3801 1260 3865 jam
1281 3814 1403 3850 cen-

314 3878 571 3940 suissent,
591 3877 831 3928 cessione
847 3878 1144 3940 sententiae,
1159 3875 1401 3928 faciendo

320 3955 756 4021 per-relationem
778 3956 918 4006 SCto
939 3955 1189 4005 discessio
1226 3969 1398 4006 neces—

314 4031 605 4095 sariafnit,
631 4034 940 4100 quae-juxta
979 4034 1138 4085 curiae.
1173 4035 1402 4103 discipli-

320 4123 451 4162 nani
466 4118 588 4177 post
608 4113 922 4164 relationem·
932 4113 1230 4180 Augustiin
1249 4114 1402 4165 Ludo

325 4191 545 4242 Senecae
570 4190 647 4240 de·
662 4191 1066 4242 morte-Claudii
1084 4192 1296 4258 legitur.
1374 4211 1379 4218 ·

326 4288 331 4294 ·
364 4289 369 4294 ·
391 4268 479 4320 Ita
496 4268 794 4338 Tuberonis
816 4269 1079 4333 scriptum·
1093 4267 1277 4320 Ateius
1308 4267 1405 4320 Ca-

322 4346 455 4412 pits·
480 4346 719 4415 accepit,-
759 4346 897 4415 qaod
926 4347 1129 4398 nullum
1165 4347 1262 4400 So.
1300 4357 1404 4401 non

1000 391 1407 448 ΜΝΔΊΔΠῙΗ
1458 393 1607 445 un.

1657 393 1836 445 xm.

1461 759 1605 811 sacta
1640 760 1979 825 discessione,
2015 758 2132 812 fieri
2153 764 2361 826 posset:
2396 758 2536 826 apud

1463 838 1693 890 Gellium
1732 839 1769 889 l.
1807 853 1922 890 xiv.
1949 857 1963 869 ·
2020 844 2076 890 et
2120 839 2418 905 exemplum
2457 843 2539 893 eat

1463 916 1606 982 apud
1629 916 1988 980 cecilianum,
2011 918 2045 968 l.
2069 931 2152 967 rx.
2173 932 2257 981 ep.
2278 921 2355 967 1⁸.

1533 994 1604 1044 Et
1642 1008 1820 1059 supra,
1863 1009 1982 1044 cum
2027 996 2247 1044 relatum
2289 1001 2430 1046 esset
2466 992 2538 1045 ad

1466 1070 1659 1121 Patres
1681 1072 1740 1125 de
1767 1087 1906 1135 poena
1927 1070 2233 1132 foeminarum
2247 1086 2353 1136 quoe
2372 1071 2540 1135 seruis,

1463 1151 1548 1213 ⁸5⁶·
1571 1148 1603 1200 1.
1627 1162 1731 1200 xn.
1754 1149 1956 1198 ‘Facto
1978 1149 2077 1199 SC.
2113 1150 2407 1199 Pallantem
2425 1149 2539 1214 ejus

1462 1225 1734 1285 relationis
1778 1227 2102 1291 repertorem
2142 1226 2382 1277 ediderat
2421 1227 2541 1278 Cu-

1458 1303 1583 1367 aar,'
1613 1303 1668 1353 id
1704 1310 1802 1367 est,
1843 1311 2107 1355 auctorem
2144 1305 2262 1369 e'jus
2286 1304 2540 1357 detibcra-

1460 1380 1625 1430 tionis
1647 1387 1704 1431 et
1722 1382 2021 1445 sententia,
2054 1398 2170 1448 qua
2189 1382 2403 1433 tandem
2426 1383 2540 1446 ph>

1460 1458 1575 1507 cito
1592 1466 1805 1520 senatus
1845 1458 2066 1523 probata
2085 1459 2393 1525 firmataque
2415 1459 2538 1511 fluit.

1464 1536 1718 1588 Similiter
1741 1539 1775 1587 l.
1799 1551 1921 1589 xiv.
1956 1542 1971 1566 ‘
1993 1539 2114 1589 Non
2136 1537 2256 1593 idco
2281 1544 2373 1586 ant
2393 1538 2540 1587 Coss.

1464 1620 1741 1664 mutavere
1794 1615 2123 1679 relationem,
2180 1624 2271 1664 aut
2312 1614 2542 1664 Thrasea

1470 1689 1695 1741 decessit
1716 1691 2015 1742 sententia!

1537 1769 1760 1820 Constat
1797 1770 1975 1833 igitur,
2013 1784 2130 1835 qua
2160 1769 2228 1818 sit
2263 1770 2456 1832 relatio,
2487 1773 2546 1819 et

1466 1846 1594 1897 inde
1644 1855 1887 1897 constare
1933 1854 2110 1912 potest
2152 1847 2239 1908 jas
2275 1846 2543 1910 relationis,

1466 1923 1583 1973 aive
1605 1926 1896 1989 sententiae,
1938 1924 2078 1990 quod
2105 1930 2315 1974 senator
2343 1923 2543 1987 habuit,

1466 2008 1531 2051 et
1550 2001 1624 2052 ita
1640 2003 1843 2067 habuit,
1867 2010 1924 2052 ut
1953 2003 2005 2051 in
2026 2007 2290 2067 potestate
2316 2001 2543 2066 principi

1464 2078 1802 2143 conferenda,
1825 2081 2035 2130 solenne
2057 2078 2220 2131 fuerit
2244 2079 2329 2141 jas
2349 2079 2545 2128 relatio-

1464 2160 1544 2208 nis
1564 2159 1814 2222 tribuere,
1848 2175 1951 2224 quo
1971 2159 2193 2222 scilicet,
2234 2165 2293 2209 ut
2312 2163 2546 2223 senator,

1466 2244 1724 2288 uteretur.
1768 2238 2065 2288 Ver-cranius.

1537 2315 1949 2380 Relationemqae]
1983 2314 2107 2364 Non
2125 2312 2308 2363 habuit
2331 2312 2544 2377 propria

1475 2398 1685 2443 senator
1703 2394 1791 2455 Jus
1816 2391 2078 2455 relationis,
2121 2404 2216 2441 nec
2241 2389 2377 2445 forte
2401 2390 2545 2456 priu-

1472 2487 1601 2537 ceps
1623 2472 1754 2538 ipse,
1775 2471 1873 2521 nisi
1891 2486 2011 2521 cum
2034 2469 2216 2520 consul
2241 2476 2399 2525 esset.
2448 2467 2544 2519 80-

1476 2558 1628 2599 nator
1686 2550 1868 2599 habuit
1902 2549 1991 2614 jus
2036 2545 2362 2613 prdponendi
2399 2547 2546 2611 apud

1468 2634 1676 2693 patres,
1709 2627 2010 2677 etiam'enm
2029 2625 2097 2675 de
2121 2624 2223 2675 alia
2245 2639 2303 2675 re
2326 2626 2548 2676 iuterro-

1470 2711 1710 2770 geretur,
1735 2704 1979 2771 quicquid
2004 2719 2035 2753 e
2067 2702 2275 2768 Repab.
2291 2716 2407 2774 esse
2427 2713 2546 2753 σοι·

1469 2791 1633 2847 seret,
1679 2790 1734 2834 et
1769 2783 2077 2836 relationem
2115 2781 2169 2831 in
2214 2794 2326 2830 eam
2371 2793 2481 2834 rent
2517 2794 2550 2829 a

1472 2862 1772 2913 consulibus
1812 2861 2111 2926 postulare:
2164 2859 2303 2924 qaod
2335 2858 2421 2909 hic
2458 2871 2549 2914 ex-

1476 2943 1671 3007 pressit
1711 2941 1962 2992 Tacitus:
2016 2941 2033 2968 ‘
2058 2939 2243 2989 Licere
2286 2937 2551 3004 patribus,

1477 3021 1716 3088 quotiens
1727 3020 1815 3085 jus
1845 3018 2078 3068 dicendae
2103 3016 2376 3067 sententias
2401 3029 2552 3067 aece-

1468 3098 1694 3164 pissent,
1714 3113 1829 3164 qnoe
1851 3097 2050 3147 velient
2072 3109 2401 3160 expromere,
2420 3094 2554 3145 rela-

1476 3177 1778 3242 tionemque
1815 3177 1868 3226 in
1906 3191 1971 3225 ea
2008 3177 2274 3239 postulare
2295 3174 2328 3237 ;'
2361 3180 2550 3238 nempe

1476 3268 1508 3305 a
1530 3255 1843 3317 consulibus,
1864 3254 1920 3303 id
1929 3255 2041 3322 qui
2082 3265 2223 3316 soepe
2249 3251 2552 3301 abnuebant

1468 3332 1702 3397 ¹pessimo
1741 3331 2002 3395 exemplo.
2068 3330 2173 3380 Sed
2211 3330 2263 3379 id
2303 3331 2552 3392 corrupta

1478 3409 1686 3473 Repub.
1745 3424 1847 3474 qua
1902 3408 2025 3458 nihil
2078 3409 2190 3472 §am
2244 3408 2354 3457 fere
2389 3405 2554 3471 prasi

1475 3489 1638 3539 moris.

1548 3566 1654 3616 Hic
1677 3568 1838 3617 multa
1862 3527 2014 3616 addit
2025 3566 2333 3616 Vertranins
2347 3515 2453 3614 de
2431 3561 2552 3629 Jur'e

1479 3644 1655 3694 tertiae
1681 3651 1738 3694 et
1780 3644 1976 3710 quintae
2017 3644 2285 3694 relationis
2325 3643 2377 3693 in
2416 3643 2558 3707 priu-

1484 3722 1627 3786 cipe,
1648 3738 1764 3786 quae
1788 3722 1948 3772 dubia
1977 3729 2098 3773 sunt
2134 3729 2194 3773 et
2228 3724 2463 3773 incerta:
2499 3726 2554 3770 ct

1474 3796 1621 3848 forte
1642 3798 1868 3850 maxime
1905 3805 2064 3863 errat,
2101 3813 2219 3848 cnm
2242 3799 2374 3848 dicit
2411 3798 2464 3846 in
2489 3811 2556 3848 eo

1482 3878 1770 3928 consistere
1788 3879 1914 3928 illud
1927 3878 2017 3944 jus
2039 3878 2210 3928 tertiae
2231 3890 2326 3926 seu
2357 3877 2554 3941 quinte

1482 3957 1769 4021 relationis,
1801 3962 1857 4005 ut
1880 3956 2143 4006 sententia
2168 3953 2420 4018 principis
2463 3953 2557 4003 tri·

1482 4033 1579 4083 bus
1597 4039 1694 4083 *aut
1719 4034 1947 4099 quinque
1971 4043 2265 4083 senatorum
2290 4029 2556 4080 relationi·

1482 4113 1577 4162 bus
1599 4123 1690 4160 seu
1715 4111 1998 4160 sententiis·
2021 4110 2400 4174 aequipolleret.
2525 4115 2538 4158 ’.

1496 4189 1779 4240 Fallitur
1809 4203 1927 4239 cum
1970 4188 2256 4237 sententium
2289 4192 2343 4236 et
2359 4182 2558 4237 relatis·

1484 4279 1604 4318 nem
1619 4265 1925 4330 confundit,
1965 4280 2082 4332 quae
2106 4266 2326 4315 maxime
2350 4263 2558 4314 diversa

1484 4353 1626 4398 sant.
1667 4344 1894 4397 Habuit
1930 4350 2075 4396 certe
2089 4347 2304 4396 senator
2321 4356 2417 4406 aas
2437 4329 2556 4407 pra-
