3063 4952
499 398 689 477 1512.

501 565 736 633 ambos
782 563 1093 629 donavit:
1169 567 1190 597 ‘
1224 560 1481 626 Frisios
1531 559 1846 624 decedere
1891 556 2087 643 agris’
2142 560 2367 646 jussit.
2480 559 2704 646 A'tque

502 670 638 735 illis
696 667 1252 753 aspernantibus:
1310 664 1659 730 auxiliaris
1717 684 1919 746 eques
1989 671 2255 747 repente
2313 662 2705 740 immissus}

501 774 972 838 necessitatem
1017 771 1252 849 attulit,
1284 770 1499 853 captis
1555 768 1863 845 caesisve,
1896 768 2010 851 qui
2055 769 2468 852 pervicacius
2513 768 2730 831 resti--

504 864 769 943 teram
1133 958 1139 962 ,
2270 879 2278 885 ·
2491 880 2496 885 ·

592 980 698 1044 55.
746 972 1036 1043 Eosdem
1067 995 1261 1060 agros
1290 974 1653 1040 Ansibarii¹
1678 981 1699 1009 ⁸
1735 974 2189 1057 occupavere,t
2216 973 2498 1038 validior
2527 990 2711 1055 gem,

1202 419 1268 468 0.
1317 412 1680 466 commun
1727 415 1986 465 TAct'rt
2385 421 2480 488 [A.
2502 423 2571 476 U.
2594 427 2707 477 812.

505 1182 632 1233 eines
653 1181 797 1231 Rom..
810 1195 872 1231 ac
896 1177 1087 1229 Frisios
1111 1177 1253 1227 abire
1269 1177 1497 1241 praecepit
1517 1174 1669 1225 terris
1690 1174 1971 1238 occupatis.
2035 1174 2195 1237 Atque
2215 1173 2469 1237 illis-jussa
2492 1170 2715 1222 Caesaris

504 1246 845 1311 spernentibus,
876 1246 1113 1308 equitatus
1147 1244 1377 1292 meierum
1417 1241 1586 1290 statim
1623 1240 1875 1304 immissus,
1895 1255 1971 1290 eos
1992 1242 2213 1290 decedere
2246 1240 2422 1302 coegit,
2456 1238 2610 1302 captis
2646 1239 2719 1287 vel
2780 1288 2791 1296 ,

505 1313 669 1361 occisis
688 1312 769 1371 iis,
788 1314 867 1374 qui
885 1309 1176 1374 pertinacius
1195 1308 1492 1357 obstiterunt.
1866 1341 1876 1345 -

579 1377 775 1427 Easdem
794 1381 947 1426 terras
958 1373 1205 1425 Amiburii
1229 1373 1440 1423 insedere
1450 1388 1472 1430 ,·
1502 1371 1637 1421 natio
1653 1371 1909 1435 potentior,
1924 1384 2014 1419 non
2032 1370 2177 1420 solum
2194 1383 2278 1419 suu
2295 1368 2619 1432 multitudine,
2633 1368 2716 1419 sed

1435 1535 1519 1554 000
1526 1534 1552 1553 Ι
1558 1533 1671 1552 ‘m
1677 1532 1792 1552 ‘CO‘

506 1662 538 1707 8
572 1658 657 1708 Ita
678 1656 799 1708 libri
838 1670 1031 1706 omues.
1097 1656 1292 1706 Nescio
1330 1669 1424 1704 cur
1457 1654 1568 1704 haec
1593 1652 1824 1703 omiserit
1846 1649 2096 1715 Ryckius.
2162 1649 2226 1698 In
2261 1645 2490 1698 editione
2528 1643 2720 1694 Dubli-

506 1723 649 1774 nensi
671 1723 851 1773 addita
872 1729 993 1771 sunt
1016 1722 1251 1785 margini.
1313 1720 1630 1771 Brutine-9
1664 1719 1771 1768 Ms.
1792 1718 1902 1769 Jes.
1923 1716 2211 1765 resisterent.
2582 1774 2594 1786 ·
2687 1774 2720 1786 ..

576 1793 602 1837 l
638 1788 702 1837 In
724 1789 853 1838 Mss.
874 1787 1049 1835 Vatic.
1073 1794 1132 1835 ut
1168 1787 1218 1835 in
1259 1785 1487 1834 editione
1509 1784 1765 1847 principe,
1786 1781 1941 1832 modo
1964 1779 2231 1840 Ansium-ii,
2248 1776 2400 1826 modo
2428 1777 2721 1851 Ampsivarii

506 1852 716 1918 legitur.
782 1852 1127 1914 Puteolanus,
1147 1859 1205 1901 et
1231 1850 1336 1902 Ms.
1357 1851 1470 1902 Jes.
1490 1849 1766 1914 Ansybarii.
1836 1846 2176 1898 Emendatum
2201 1844 2251 1892 in
2276 1844 2383 1893 Ms.
2404 1841 2554 1891 Harl.
2577 1840 2722 1889 Aust·

1483 2025 1705 2079 NOTAE

508 2174 826 2242 vincialium,
866 2191 985 2227 eum
1023 2175 1078 2226 in
1117 2175 1313 2237 castris,
1334 2175 1576 2225 Romanis

511 2254 773 2319 stipendia
811 2252 1079 2317 fecissent,
1117 2258 1207 2303 aut
1242 2253 1367 2302 alias
1408 2252 1477 2302 de
1516 2265 1576 2300 re

513 2332 746 2381 Romana
765 2331 900 2381 bene
923 2330 1093 2379 meriti
1111 2334 1296 2393 essent.

576 2406 853 2457 Extraneis
874 2408 1028 2457 etiam
1051 2407 1103 2457 id
1126 2407 1287 2457 decus
1308 2405 1576 2469 tributum,

511 2485 804 2549 Germanis,
854 2485 1038 2547 Gallis,
1087 2491 1143 2535 et
1183 2485 1309 2549 ipsis
1366 2484 1575 2533 Parthis

509 2562 833 2627 proceribus,
867 2563 910 2613 si
951 2562 1157 2628 quando
1196 2562 1323 2613 belli
1358 2562 1574 2613 societa-

510 2646 617 2689 tem
669 2638 983 2691 induerent:
1050 2640 1128 2689 ita
1184 2648 1352 2690 tamen
1408 2646 1467 2688 ut
1519 2645 1577 2689 et

508 2716 738 2781 equestri
760 2715 969 2782 fastigio
990 2716 1367 2767 asciscerentur
1389 2715 1441 2764 hi
1464 2730 1578 2779 pro-

509 2805 681 2842 ceres.

574 2874 597 2902 ¹·
630 2871 784 2934 Atque
804 2867 907 2919 iilis
924 2867 1303 2935 aspernantibus]
1354 2867 1476 2919 Non
1497 2880 1577 2916 as-

511 2945 863 3010 pernabantur
883 2946 960 2995 illi
983 2946 1202 3010 praecise
1215 2946 1305 3010 jus
1330 2943 1577 3008 civitatis,

512 3036 604 3073 seu
627 3036 814 3072 nomen
834 3022 1022 3073 civium
1045 3025 1192 3074 Rom.
1214 3037 1320 3073 non
1341 3022 1472 3072 adeo
1497 3037 1579 3072 su-

512 3098 664 3164 perbi
705 3099 971 3150 Germani.
1050 3098 1258 3165 Quippe
1296 3098 1579 3162 Arminius,

509 3176 768 3241 Segestes,
789 3181 846 3226 et
866 3176 955 3226 alii
978 3176 1271 3228 Germania».
1287 3176 1581 3242 Galliaeque

512 3267 754 3318 proceres
798 3252 897 3302 hoc
955 3253 1150 3303 honore
1193 3253 1439 3318 insigniti,
1479 3266 1580 3303 nec

513 3329 952 3395 dedignabantur.

578 3406 699 3457 Hoc
736 3406 849 3457 vult
871 3407 1101 3472 Tacitus,
1133 3408 1334 3473 legatos
1374 3407 1582 3458 ornavit

514 3483 681 3547 Nero,
730 3484 826 3533 scd
874 3485 1022 3533 simul
1076 3485 1269 3535 Frisios
1324 3484 1581 3535 decedere

513 3559 650 3625 agris
677 3560 851 3624 jussit,
888 3560 1024 3625 quod
1049 3561 1122 3610 illi
1145 3562 1412 3624 aspernati
1443 3568 1582 3612 sunt.

514 3636 704 3701 Itaque
744 3637 989 3687 immissae
1032 3639 1129 3687 alut
1173 3638 1443 3701 sociorum,-
1490 3637 1581 3703 qui

458 3721 465 3725 ’
514 3728 604 3764 eos
627 3714 907 3765 abscedere
927 3716 1004 3765 his
1030 3717 1184 3766 terris
1206 3724 1471 3781 cogerent.

578 3790 736 3842 Forte
759 3797 930 3841 tamen
954 3799 1227 3859 utrumque
1241 3795 1392 3844 simul
1408 3809 1582 3859 asper-

514 3870 626 3921 nati
651 3877 786 3920 sunt.
864 3871 1037 3922 Infra:
1072 3874 1087 3900 ‘
1109 3873 1218 3938 Ipsi
1242 3874 1489 3923 Boiocalo
1513 3875 1582 3923 ob

514 3950 811 3999 memoriam
857 3950 1096 4000 amicitiae
1138 3950 1376 4001 daturum
1411 3966 1581 4014 agros,

516 4028 650 4093 quod
684 4029 793 4088 ille,
817 4034 875 4077 ut
911 4028 1218 4092 proditionis
1242 4028 1466 4094 pretium
1505 4043 1583 4078 as·

517 4105 798 4169 pernatt=s‚’
831 4109 928 4155 ecc.

581 4178 832 4230 Attamen
870 4183 1065 4244 legatos
1103 4183 1300 4232 civitate
1321 4183 1460 4233 Rom.
1498 4185 1582 4234 do·

515 4256 650 4304 ”seit
671 4257 815 4307 Nero
837 4274 852 4318 ς
883 4257 1022 4322 quod
1041 4264 1170 4322 puto
1194 4273 1297 4307 non
1318 4272 1584 4322 sprevere.

1656 2173 1733 2224 illi
1754 2173 2018 2238 aspernati
2041 2178 2179 2233 sunt.

1720 2259 1740 2285 ⁸
1770 2250 2042 2314 Ansibarii]
2096 2248 2288 2313 Populi
2321 2244 2619 2299 Germania
2658 2243 2727 2295 ad

1655 2329 1917 2392 Visurgim
1952 2326 2185 2388 fluvium,
2206 2332 2262 2376 et
2302 2324 2390 2374 ubi
2409 2322 2564 2373 hodie
2601 2336 2742 2386 pars.

1655 2406 1997 2471 Episcopatus
2031 2404 2114 2454 vel
2152 2403 2483 2467 principatus
2503 2399 2733 2450 Μωα-

1653 2486 1738 2549 sis,
1760 2492 1815 2533 et
1837 2486 2127 2535 Comitatus
2150 2482 2378 2546 Diepholt
2410 2487 2467 2531 et
2488 2478 2651 2544 Hoye,
2672 2479 2728 2528 in

1656 2561 1850 2612 circulo
1871 2560 2225 2624 westphalioe.
2290 2556 2479 2623 Populi
2503 2556 2731 2606 Ansiba·

1658 2639 1721 2688 rii
1745 2639 1877 2703 pulsi
1915 2655 1946 2688 a
1986 2638 2227 2700 Chaucis,
2249 2635 2337 2701 qui
2359 2649 2538 2684 eorum
2573 2648 2733 2699 agros

1657 2721 2057 2780 occupaverant,
2077 2714 2217 2764 intro
2241 2712 2306 2763 ad
2327 2711 2535 2776 Usipios
2556 2719 2614 2762 et
2631 2711 2736 2761 Tu·

1655 2793 1842 2844 bantes
1879 2799 2266 2853 concesserunt,
2311 2791 2451 2840 circa
2491 2790 2733 2839 Rhenum

1656 2868 1885 2919 fluvium.
1953 2870 2035 2919 Ex
2068 2866 2298 2919 Cluverii
2319 2866 2604 2918 Germania
2635 2880 2732 2919 111.

1659 2949 1738 2998 16.
1808 2946 2052 2998 Rumon.

1723 3026 1742 3058 ⁸
1773 3026 1973 3080 Eosdem
1993 3038 2135 3086 agros
2151 3021 2401 3074 Ansiburii
2427 3019 2734 3087 occupavere]

1659 3102 1992 3152 Marcellinus
2028 3100 2115 3151 lib.
2139 3113 2234 3151 xx.
2272 3099 2339 3149 de
2368 3099 2580 3150 ,Iuliano
2611 3099 2739 3148 (2ae-

1662 3193 1812 3229 sare:
1846 3180 1863 3208 ‘
1883 3178 1948 3228 In
1970 3177 2189 3228 limitem
2214 3176 2510 3228 Germaniae
2548 3189 2735 3226 secun-

1661 3256 1743 3307 dae
1781 3263 1863 3307 est
1896 3269 2152 3319 egressus,
2178 3253 2422 3318 omnique
2453 3258 2739 3317 apparatu,

1662 3348 1816 3399 quem
1868 3331 2143 3397 flagitabat
2197 3332 2399 3381 instans
2445 3330 2736 3394 negotium,

1661 3410 2023 3471 communitus,
2074 3407 2354 3457 Toxandro
2402 3407 2598 3472 oppido
2644 3422 2739 3472 ap-

1662 3485 2059 3551 propinquabat.
2145 3483 2331 3534 Rheno
2355 3484 2548 3534 deinde
2569 3491 2741 3535 trans·

1660 3563 1838 3625 misso,
1856 3563 2118 3626 regionem
2137 3561 2312 3611 subito
2331 3561 2561 3624 pervasit
2575 3562 2739 3611 Fran·

1662 3655 1861 3703 corum,
1880 3656 2011 3706 quos
2033 3638 2318 3690 Ansvarios
2343 3645 2552 3701 vocant,
2570 3639 2738 3688 incer-

1575 3759 1576 3762 ,
1662 3724 1834 3768 torum
1855 3717 2138 3777 hominum,
2162 3715 2405 3766 licentius
2435 3716 2597 3766 etiam
2621 3729 2741 3781 per·

1662 3794 2004 3846 scrutantium
2028 3796 2226 3844 extima
2251 3792 2577 3843 Galliarum!

1724 3874 1897 3922 Vocat
1918 3872 2081 3936 igitur
2104 3872 2192 3921 ille
2224 3871 2505 3935 Amorion,
2542 3870 2599 3920 7.
2641 3884 2738 3936 pro

1662 3951 1728 4001 Β.
1764 3965 1890 4015 quos
1924 3949 2133 4000 Tacitus
2154 3949 2471 4009 Ansibart’os3
2516 3955 2579 3999 ut
2611 3947 2745 3998 hinc:

1665 4028 1887 4077 validum
1911 4041 2058 4078 ,mete
2103 4025 2425 4090 conjecturae
2473 4025 2546 4076 sit
2588 4038 2737 4089 argu.

1663 4110 1894 4154 mentum
1919 4105 2200 4153 Francos-e
2218 4103 2441 4153 Chaucis
2465 4101 2734 4166 prodisse:

1664 4196 1780 4231 nam
1805 4190 1988 4246 aperte
2013 4180 2172 4230 tradit
2213 4182 2308 4229 hoc
2349 4182 2465 4230 loco
2497 4178 2738 4241 Tacitus,

1665 4259 1949 4310 Anathan-ios
1968 4274 2001 4307 a
2023 4258 2227 4308 camis
2244 4259 2417 4322 pathos.

519 4331 593 4406 Et
612 4332 795 4386 Fusio·
815 4331 1033 4390 decedere
1051 4335 1184 4403 agris
1207 4336 1360 4400 ,iussit
1372 4351 1392 4389 .·
1446 4334 1588 4404 quud
1730 4335 1901 4402 Igitur
1924 4335 2169 4401 generale
2190 4335 2511 4387 Francorum
2529 4346 2737 4397 noma,
