3063 4952
296 450 349 502 J.
373 451 437 504 C.
459 450 570 517 δᾶ]

976 444 1390 498 ANNALIUM
1440 448 1588 499 mn.
1636 449 1781 500 XV.

2330 438 2533 506 1971-

295 598 446 672 rat‚¹
480 591 758 660 coerciti
788 597 973 658 suntz
1008 590 1155 676 jam
1187 594 1209 625 ‘
1240 590 1678 676 Spartacum!
1701 600 1768 661 et
1795 599 2015 664 vetera
2061 597 2257 666 mala’
2286 621 2509 667 rumo-

221 741 226 745 -
295 694 528 763 ribus²
556 695 829 763 ferente³
860 695 1137 781 popule,
1167 701 1245 760 ut
1271 700 1373 761 est
1400 715 1724 763 novarum
1749 718 1964 766 rerum
1994 704 2270 786 cupiens
2317 708 2508 790 pavi-

296 797 611 883 dasque.z
697 796 849 866 Nec
880 798 1084 864 multo
1112 804 1269 882 post
1296 798 1522 865 clades
1551 802 1645 866 rei
1670 804 1934 869 navalis
1971 807 2327 891 accipitur:
2373 827 2509 875 non

292 901 510 966 bello:
541 902 807 986 ‘quippe
849 900 1030 966 haud
1080 902 1247 966 alias
1292 908 1428 965 tam
1469 903 1743 969 immota
1768 926 1946 989 pax:
1993 909 2111 973 sed
2142 916 2387 975 certum
2419 914 2507 980 ad

293 1002 492 1083 diem,
526 1007 548 1038 ‘
573 1006 638 1068 in
675 1003 1108 1088 Campaniam
1153 1005 1365 1071 redire
1412 1006 1743 1086 classem‚'
1792 1009 1977 1076 Nero
2011 1012 2327 1097 jusserat,
2375 1035 2508 1079 non

293 1109 602 1192 exceptis
645 1107 847 1174 maris
882 1109 1172 1174 casibus,
1260 1108 1437 1192 Ergo
1481 1112 1974 1193 gubernatoreS,
2025 1118 2330 1199 quamvis
2373 1138 2504 1183 sec.-

288 1274 519 1324 custodioe
538 1277 742 1339 appositi
763 1278 1010 1341 compressi
1037 1283 1176 1328 sunt.-
1193 1278 1304 1340 J'am
1334 1278 1469 1343 plebe
1501 1278 1756 1345 differente
1787 1279 2076 1329 sermonibus
2094 1279 2430 1343 Spartacum,
2453 1289 2508 1332 et

292 1339 496 1404 priscas
523 1342 879 1403 calamitates;
912 1348 964 1391 at
1003 1348 1074 1393 est
1097 1345 1279 1407 vulgus
1316 1360 1537 1396 nouorum
1576 1350 1789 1395 motuum
1826 1359 1990 1394 amans
2028 1350 2339 1409 metuensque.
2409 1348 2512 1396 Nec

289 1406 441 1456 vnulto
458 1412 565 1470 post
586 1408 751 1456 audita
772 1409 924 1456 clades
945 1409 1155 1471 navium,
1171 1425 1263 1459 uon
1283 1411 1458 1470 armis;
1490 1412 1660 1475 quippe
1699 1426 1941 1475 nunquam
1972 1411 2094 1459 alias
2115 1416 2217 1461 tam
2239 1412 2510 1461 inconcussa

287 1485 390 1533 pax
411 1469 545 1531 fuit3
579 1475 660 1523 sed
685 1473 814 1521 Nero
831 1481 1139 1537 praeceperat,
1162 1475 1356 1524 reverti
1378 1477 1596 1525 classem
1620 1477 1671 1525 in
1696 1476 2030 1540 Campaniam
2053 1478 2115 1524 ad
2136 1476 2260 1524 diem
2278 1478 2505 1525 constitu-

290 1540 425 1595 tum‚·
478 1553 624 1602 neque
661 1540 734 1587 vel
770 1540 1032 1590 accidentia
1066 1541 1214 1589 maris
1251 1546 1515 1605 exceperat.
1582 1542 1751 1606 Itaque
1793 1541 2064 1605 trierarchi,
2104 1541 2216 1590 licet
2250 1542 2502 1605 ingruente

1201 1680 1375 1701 “OC“
1382 1682 1587 1722 ΩΕΟΟΟΟΟΟ

356 1785 386 1833 1
424 1782 626 1833 Omnes
651 1781 765 1834 fere
799 1785 918 1834 edd.
941 1786 1135 1837 habent
1153 1788 1353 1837 adesset.
1417 1787 1523 1838 Ms.
1549 1787 1703 1839 Corb.
1725 1789 1922 1838 aderat.-
1954 1786 2094 1852 quod
2129 1801 2245 1836 cum
2278 1786 2496 1850 Bipont.

292 1848 498 1912 recepit
518 1848 854 1900 Oberlin.——2
888 1851 1122 1901 Pessime
1156 1852 1386 1903 Budeus.
1420 1854 1651 1903 malorum
1688 1854 1913 1905 moribus.
1970 1852 2306 1905 cherum—s
2342 1852 2508 1902 Hein-

293 1912 399 1962 sius
421 1913 635 1978 conjicit
657 1921 854 1965 serente.
887 1918 1051 1967 Bene.
1109 1918 1262 1968 Idem.

1292 2032 1508 2084 NO-'rAE

290 2124 466 2187 miles,
487 2126 611 2191 quia
633 2126 783 2177 ludus
805 2128 911 2178 illic
933 2128 1151 2179 celebris
1186 2135 1244 2180 et
1282 2131 1360 2179 in·

294 2216 421 2264 gens
441 2217 683 2253 numerus
715 2205 1057 2267 gladiatorum
1081 2205 1361 2254 exerceba-

293 2286 386 2328 tur
407 2294 471 2330 eo
506 2281 619 2331 loco
652 2282 786 2331 haud
823 2283 1056 2332 dissimili
1078 2283 1363 2345 ergastulo-

292 2371 431 2407 rum.

363 2434 526 2485 Haud
569 2436 725 2486 dubie
768 2436 1085 2501 gladiatores
1137 2435 1361 2488 Neronis

293 2520 485 2562 erantt
522 2529 619 2564 nec
657 2520 831 2564 tamen
867 2530 960 2581 per
999 2530 1053 2564 se
1093 2515 1225 2565 adeo
1256 2529 1363 2565 me·

293 2591 497 2653 tuendi,
552 2593 643 2642 sed
696 2594 857 2657 magis
910 2593 1197 2656 terrebant,
1244 2593 1364 2658 quia

293 2664 931 2734 erumpentes,'ergastula
949 2678 1004 2721 et
1027 2686 1262 2721 carceres
1287 2670 1361 2720 in-

291 2746 609 2811 fringebant,
652 2755 708 2796 et
746 2763 920 2798 servos
960 2764 1171 2815 suaeque
1209 2747 1363 2798 sortis

293 2825 526 2874 homines
549 2825 616 2875 ad
647 2825 944 2875 libertatem
968 2832 1023 2875 et
1046 2840 1188 2875 arma
1212 2840 1368 2875 voca-

294 2900 444 2951 bant.
793 2946 798 2949 .

359 2978 583 3042 Magnus
593 2984 773 3047 §tamen
793 2979 1128 3049 gladiatorum
1151 2985 1259 3030 tum
1273 2995 1366 3030 nu-

290 3067 468 3103 merus
490 3054 610 3117 fuit,
630 3072 758 3120 quos
798 3057 850 3105 in
892 3057 972 3106 sui
1002 3050 1219 3106 tutelam
1240 3072 1362 3107 mox

292 3132 516 3181 armavit
550 3134 702 3183 Otho.
769 3134 942 3182 Etiam
977 3135 1203 3184 minores
1249 3136 1360 3186 Cae-

292 3225 413 3261 aare
451 3211 612 3261 duces
665 3213 790 3261 talia
827 3212 1063 3276 prodigia
1099 3214 1151 3261 in
1188 3221 1360 3263 castra

292 3287 578 3352 ducebant,
610 3304 712 3338 non
746 3291 888 3340 usuri
924 3290 981 3341 ia
1017 3290 1230 3354 praeliis,
1269 3291 1358 3340 sed

294 3362 351 3412 in
376 3365 455 3414 sui
496 3365 779 3415 subsidium
816 3366 1063 3415 adversus
1099 3366 1362 3416 imminen-

213 3430 231 3436 ’
292 3441 374 3490 tia
407 3441 686 3505 stipatores
712 3444 955 3503 habuere,
985 3450 1076 3492 aut
1108 3444 1264 3495 etiam
1296 3444 1368 3498 ad

291 3520 601 3583 spectacula
624 3520 676 3567 in
699 3520 885 3568 castris
907 3520 1215 3570 exhibenda.

361 3593 396 3636 Τ
418 3594 724 3659 Spartacum]
763 3597 859 3645 ‘De
884 3610 984 3660 quo
1007 3597 1145 3663 Flor.
1169 3611 1255 3648 111.
1277 3601 1361 3646 20³.

291 3673 310 3700 ‘
338 3672 639 3737 SpartacuS‚
683 3674 889 3736 Crixus,
946 3673 1242 3737 OEnomaus,
1287 3672 1361 3722 ef·
1397 3706 1404 3713 x

287 3747 466 3799 fracto
491 3750 697 3798 Lentuli
727 3749 869 3812 ludo,
893 3764 1010 3799 cum
1035 3751 1252 3815 triginta
1272 3758 1363 3801 ant

291 3826 517 3890 amplius
541 3826 773 3889 ejusdem
798 3825 1017 3876 fortunae
1040 3829 1159 3878 viris
1179 3844 1362 3894 erupe-

290 3912 417 3951 runt
437 3903 636 3965 Capua,
660 3904 923 3967 servisque
945 3904 1008 3952 ad
1031 3907 1274 3956 vexillum
1308 3914 1364 3956 et

290 3979 362 4029 ad
398 3979 646 4029 auxilium
680 3983 898 4041 vocatis,
936 3996 1052 4030 cum
1076 3985 1248 4033 statim
1274 3984 1363 4034 de·

294 4068 410 4104 cem
430 4056 651 4119 amplius
667 4056 824 4104 millia
842 4058 1067 4106 coissent
1085 4059 1362 4123 hominum,

291 4145 397 4181 non
420 4132 573 4182 modo
591 4131 830 4196 effugisse
853 4135 1103 4193 contenti,
1113 4135 1228 4198 jam
1253 4136 1363 4186 vin-

289 4210 475 4262 dicare
497 4211 779 4261 volebant!

360 4288 505 4337 Hinc
528 4294 790 4353 occupant
818 4296 1044 4338 montem
1067 4290 1365 4353 Vesuvium,

292 4365 422 4416 dein
474 4365 659 4418 Coram
703 4372 973 4435 totamque
1015 4368 1366 4436 Campaniam,

1442 2130 1650 2193 Nolam,
1674 2130 1974 2194 Nuceriam,
2007 2127 2220 2178 Thurios
2260 2133 2316 2177 et
2343 2127 2512 2176 Meta-

1442 2216 1658 2271 pontum
1696 2209 2043 2272 populantur:
2092 2220 2211 2254 mox
2248 2204 2302 2253 in
2339 2203 2513 2267 Apen-

1442 2284 1565 2333 nino
1609 2283 1821 2333 Lentuli
1866 2283 2151 2331 exercitum
2211 2278 2511 2344 profligavit

1443 2360 1746 2422 Spartacus,
1769 2365 1824 2408 et
1856 2359 1996 2423 apud
2027 2356 2282 2408 Mutinam
2307 2357 2366 2406 C.
2388 2357 2510 2406 Cas-

1443 2438 1595 2501 sium,
1617 2438 1799 2504 quibus
1820 2439 1987 2488 elatus
2017 2434 2250 2486 victoriis
2272 2434 2339 2484 de
2370 2433 2509 2484 inva-
2573 2500 2580 2507 ·

1444 2515 1617 2565 denda
1639 2514 1766 2565 urbe
1799 2517 1948 2565 Rom.
1973 2512 2299 2575 deliberavit,
2320 2518 2375 2561 et
2399 2518 2510 2561 tan.-

1443 2592 1565 2641 dem
1585 2607 1615 2642 a
1635 2592 1832 2642 Licinio
1859 2593 2043 2642 Crasso
2066 2592 2242 2657 pulsus
2275 2589 2511 2654 fugatus-

1444 2683 1546 2734 que
1569 2676 1623 2718 et
1646 2669 1848 2718 occisus
1871 2676 1971 2732 est,
1993 2683 2111 2717 cum
2133 2668 2242 2716 sine
2266 2666 2510 2715 missione

1442 2753 1726 2811 pugnatum
1746 2750 1903 2808 esset,
1927 2752 1987 2795 ut
2011 2745 2103 2795 tali
2126 2744 2260 2794 duce
2283 2742 2478 2792 decuit.

1505 2830 1527 2858 ⁸
1562 2822 1769 2890 Cupiens
1783 2823 2095 2887 pavidasque]
2128 2821 2327 2871 Plinius
2345 2821 2409 2870 de
2429 2834 2511 2870 ce-

1442 2899 1575 2951 lebri
1613 2901 1812 2964 pictore
1852 2906 2130 2955 xxxvdo.
2162 2901 2177 2927 ‘
2203 2900 2385 2949 Pinxit
2422 2900 2512 2948 de-

1441 2991 1578 3042 mon,
1591 2976 1670 3043 (id
1689 2986 1789 3043 est,
1806 2978 2100 3042 populum,)
2118 2975 2511 3027 Atheniensium
2526 2995 2534 3001 ·

1442 3061 1749 3119 argumento
1789 3071 1999 3122 quoque
2040 3056 2337 3120 ingenioso:
2376 3053 2514 3102 vole-

1442 3133 1535 3183 bat
1572 3149 1795 3199 namque
1830 3134 2046 3196 varium,
2086 3132 2406 3199 iracundum,
2441 3130 2515 3178 in-

1433 3212 1658 3276 justum,
1723 3212 2126 3271 inconstantem,
2185 3208 2511 3272 eundemque

1441 3288 1778 3350 exorabilem,
1833 3291 2162 3350 clementem,
2223 3285 2511 3334 misericor-

1443 3364 1580 3428 dem,
1604 3366 1884 3422 excelsum,
1917 3364 2215 3427 gloriosum,
2250 3360 2514 3422 humilem,

1441 3440 1671 3493 ferocem
1694 3441 2034 3507 fugacemque
2052 3449 2108 3495 et
2126 3440 2296 3491 omnia
2316 3439 2513 3503 pariter

1441 3520 1760 3571 ostendere!
2008 3577 2013 3582 ⁸

1507 3596 1613 3645 Sed
1637 3612 1738 3661 qua
1762 3603 1895 3658 arte,
1918 3611 2017 3661 qua
2040 3595 2232 3672 specie,
2249 3601 2303 3646 et
2329 3593 2511 3658 quibus

1444 3671 1704 3722 coloribus
1738 3679 1818 3722 tot
1864 3687 1946 3721 res
1982 3672 2131 3720 simul
2168 3685 2272 3721 una
2317 3670 2515 3727 tabella

1446 3756 1551 3798 tam
1575 3750 1803 3801 diversas
1824 3749 2132 3800 adumbrare
2156 3749 2327 3813 pictor
2362 3754 2513 3811 potu·

1445 3828 1567 3890 erit,
1598 3842 1771 3892 operae
1808 3827 2034 3891 pretium
2068 3826 2164 3874 fuit
2196 3826 2327 3874 scire
2349 3830 2404 3873 et
2427 3823 2514 3871 do·

1446 3918 1588 3954 cere.
1655 3907 1815 3968 Puto,
1855 3906 1942 3954 vix
1983 3901 2313 3953 suffecissent
2349 3914 2510 3949 sacrae

1445 3989 1501 4032 et
1524 3988 1744 4032 vetustae
1764 3984 1925 4032 literae
1945 3995 2137 4042 omnes,
2151 3994 2274 4045 quas
2287 3970 2512 4027 habuere

1445 4060 1606 4124 prisci
1626 4060 1878 4124 AEgyptii.
2483 4103 2491 4111 .

1505 4137 1596 4186 Sic
1638 4144 1815 4187 tamen
1849 4136 1967 4199 fuit,
2007 4142 2064 4186 et
2100 4135 2321 4199 populus
2360 4132 2515 4183 Rom.

1444 4214 1614 4263 omnia
1650 4214 1762 4262 haec
1803 4214 1983 4263 habuit
2023 4211 2197 4275 capite
2241 4209 2512 4272 multiplex

1443 4290 1638 4353 bellua,
1666 4291 1803 4356 quod
1827 4291 2107 4354 concipere
2129 4296 2187 4339 et
2209 4288 2513 4339 adumbrare

1444 4370 1618 4420 animo
1639 4384 1750 4436 nos,
1769 4384 1872 4423 non
1894 4369 1996 4420 alia
2011 4367 2208 4419 tabella
2225 4379 2512 4433 possumus.
