3063 4952
348 432 407 486 J.
427 424 496 483 c.
513 428 626 498 aa]
667 437 673 445 ·

1062 416 1474 487 Ariminum
1524 431 1671 481 mn.
1718 428 1850 485 XV.

2386 409 2562 489 186¹?

357 575 711 641 anteissent
727 580 772 639 :⁵
799 572 890 637 'se
916 573 1208 639 annuum
1243 574 1612 639 sexcenties
1656 578 2027 643 sestertium
2070 577 2388 663 Reipubl.
2433 581 2561 646 lar-

358 675 568 759 girissv

444 779 554 842 19.
604 779 1080 844 Percrebuerat
1135 798 1220 844 ea
1262 784 1653 863 tempestate
1692 783 2155 866 pravissimus¹
2200 800 2370 864 mos5
2410 794 2561 851 cum

356 882 753 966 propinquis
783 884 1094 960 comitiis,
1136 889 1247 948 aut
1292 891 1466 949 sorte
1513 887 2027 969 provinciarum,
2073 888 2367 971 plerique
2415 890 2563 955 orbi

343 981 534 1061 ,fictis
563 985 1056 1067 adoptionibus¹
1087 986 1486 1051 asciscerent
1528 988 1757 1065 filioS,ly
1803 988 2276 1076 Praeturasque
2317 999 2384 1056 et
2412 1012 2566 1074 pro·

355 1085 616 1150 ‘vincias
643 1088 808 1151 inter
855 1093 1074 1171 patres
1123 1090 1360 1166 sortiti,
1421 1091 1646 1155 statim
1703 1092 2069 1158 emitterent
2118 1113 2340 1171 manu,
2393 1113 2564 1178 quos

362 1187 866 1272 adoptaverant.

956 1188 1120 1269 Qui2
1151 1210 1394 1273 magua
1441 1211 1593 1256 cum
1635 1193 1890 1259 invidia
1928 1194 2244 1259 Senatum
2275 1197 2570 1274 adeunt‚⁸

358 1337 499 1387 ditus
521 1339 714 1403 egressi
739 1346 943 1399 essent;
980 1356 1033 1390 se
1059 1340 1331 1405 quotannis
1355 1342 1646 1391 sexcenties
1667 1343 1963 1392 sestertium
1990 1344 2139 1408 Reip.
2165 1342 2448 1406 indulgere.

428 1403 705 1453 Inoaluerat
727 1421 778 1454 eo
802 1411 1004 1468 tempore
1025 1422 1123 1455 mos
1155 1407 1404 1469 pessimus,
1426 1422 1513 1469 quo
1553 1408 1837 1457 instantibus
1872 1410 2077 1457 comitiis
2109 1411 2183 1458 cel
2221 1410 2400 1458 diebus
2419 1410 2565 1473 queis

353 1468 615 1531 ‘provineioe
637 1475 760 1519 sorte
782 1473 1076 1532 ducerentur,
1105 1473 1241 1520 multi
1263 1473 1344 1534 qui
1377 1470 1538 1520 liberis
1570 1472 1806 1534 carebant,
1837 1474 2074 1522 simulatis
2098 1474 2425 1535 adoptionibus
2431 1474 2569 1539 filios

358 1540 657 1597 arrogarent,
677 1551 789 1598 quos
817 1538 1161 1600 emanciparent
1198 1537 1362 1586 statim
1383 1541 1523 1599 atque
1559 1540 1720 1586 sortiti
1743 1545 1919 1588 essent
1955 1539 2081 1588 inter
2103 1553 2248 1591 veros
2267 1544 2429 1602 patres
2448 1553 2569 1601 proe-

358 1602 499 1647 turus
518 1603 659 1663 atque
675 1602 959 1664 provincias.
1025 1603 1194 1664 Itaque
1217 1603 1323 1651 veri
1347 1609 1538 1665 patres,
1572 1618 1665 1652 non
1696 1603 1798 1653 sine
1836 1619 2010 1666 »nagan
2046 1605 2373 1667 indignatione
2394 1606 2569 1653 adeunt

1286 1729 1644 1750 “oetatem“

430 1814 455 1859 1
493 1811 557 1860 Iu
580 1812 683 1862 Ms.
706 1811 843 1863 Flor.
879 1813 1205 1877 pravissimos.-
1238 1821 1422 1879 postea
1460 1817 1643 1866 eadem
1683 1831 1835 1866 manu
1866 1815 2216 1878 emendatum,
2243 1827 2572 1878 praensmosf

364 1874 505 1939 quod
573 1880 746 1940 placet

818 1879 873 1931 J.
921 1879 1300 1930 Gronovio.—2
1355 1882 1625 1931 Brotierus
1685 1882 1857 1932 omisit
1897 1882 1995 1946 qui,
2033 1889 2086 1931 et
2119 1882 2193 1930 ita
2258 1880 2385 1929 Mss.
2429 1876 2571 1929 Flo‘r.

360 1939 515 1990 Harl.
540 1943 687 1993 Bodl.
709 1944 818 1995 Jes.
839 1942 970 2009 Reg.
995 1943 1170 1995 Guelf.
1195 1946 1352 1996 Corb.
1373 1947 1531 1997 editio
1566 1948 1809 2012 princeps
1843 1954 1897 1998 et
1920 1947 2254 1997 recentiores.
2319 1944 2567 1994 Puteola-

1358 2072 1582 2123 NOTAE

358 2160 465 2211 trio
488 2176 698 2211 uxorum
734 2164 1142 2231 libertorumque
1176 2166 1303 2216 talia
1340 2181 1425 2228 ge-

359 2238 532 2300 rebat,
594 2248 648 2288 et
695 2240 808 2304 ipso
861 2242 1021 2292 inscio
1077 2244 1425 2293 onerabantur

356 2318 661 2381 vectigalia.
1379 2330 1388 2339 ⁴

427 2400 461 2425 '¹
496 2398 714 2444 Antinum
734 2397 991 2446 sexcenties
1020 2398 1287 2448 sestertium
1311 2398 1424 2448 Rei-

355 2469 490 2534 publ.
515 2472 711 2535 largiri]
733 2474 937 2537 Nempe
962 2475 1229 2538 congiariis
1245 2476 1296 2525 in
1320 2476 1425 2540 ple·

362 2548 480 2598 bem
504 2556 559 2598 et
581 2550 854 2613 largitione
876 2551 926 2599 in
947 2552 1150 2601 Patres.
1192 2553 1207 2579 ‘
1232 2552 1427 2602 Divisis

363 2627 557 2689 populo
590 2627 781 2677 viritim
817 2629 1182 2692 quadringenis
1220 2610 1438 2693 numisf

364 2704 579 2752 Sueten.
604 2705 733 2753 Ner.
762 2710 838 2754 10.
869 2706 1004 2754 Sunt
1026 2706 1242 2769 triginta
1261 2706 1424 2756 libra».

365 2779 668 2843 Largitione
706 2782 755 2829 in
791 2792 1074 2834 senatores.
1117 2785 1263 2834 Suet.
1295 2786 1425 2835 Ner.

347 2860 448 2916 jo.
490 2862 506 2886 ⁶
530 2859 836 2907 Senatorum
870 2859 1184 2910 nobilissimo
1218 2861 1426 2926 cuique,

365 2935 460 2984 sed
507 2951 538 2984 a
573 2949 630 2985 re
675 2935 915 2986 familiari
956 2937 1222 2999 destituto,
1259 2952 1427 2988 annua

366 3012 572 3075 salaria,
606 3020 660 3061 et
694 3014 1008 3077 quibusdam²
1030 3016 1285 3079 quingena
1307 3031 1425 3066 con-

365 3089 577 3138 stituit!
640 3091 772 3140 Sunt
796 3095 971 3141 12500.
994 3092 1255 3154 coronati3
1290 3092 1424 3156 quod

366 3167 612 3231 aeqnabat
658 3173 750 3215 ant
790 3169 944 3217 etiam
988 3168 1271 3231 superabat
1310 3183 1428 3217 cen·

366 3256 478 3291 sum
501 3243 830 3292 senatorium.

433 3318 710 3367 Sexcenties
759 3317 1046 3381 sestertium]
1097 3317 1227 3366 Sunt
1283 3318 1429 3381 quin-

367 3399 525 3459 ‘genta
545 3396 708 3444 millia
734 3403 1114 3457 coronatorum,
1148 3408 1238 3442 seu
1268 3394 1429 3443 millio

363 3485 501 3522 unns
538 3477 595 3521 et
629 3473 838 3537 iusuper
857 3471 1138 3536 quingenta
1170 3470 1331 3519 millia
1370 3470 1428 3518 li-

363 3550 596 3602 brarum.

432 3627 724 3691 Reipublicae
739 3626 936 3690 largiri]
971 3628 1123 3677 Forte
1142 3625 1261 3689 quia
1284 3622 1431 3674 ludos

369 3705 673 3757 celebrabat
691 3711 748 3753 et
771 3704 871 3752 alia
905 3702 1263 3767 impendebat;
1297 3700 1434 3750 forte

364 3781 423 3831 in
456 3783 672 3845 legatos,
704 3782 886 3830 salaria
923 3780 1303 3844 proconsulum,
1341 3785 1433 3828 aut

367 3859 531 3911 etiam
554 3859 606 3907 in
631 3858 820 3907 Patres
840 3859 912 3906 rei
933 3855 1199 3904 familiaris
1221 3855 1429 3917 inopes3

369 3951 487 4003 qua!
509 3952 695 4001 magna
727 3951 793 3985 ex
829 3942 979 4000 parte
1002 3935 1293 3983 debuerunt
1312 3946 1431 3996 sup-

371 4014 601 4080 peditari
644 4030 707 4063 ex
752 4014 935 4064 aerario
979 4014 1156 4077 populi
1197 4011 1434 4072 Romani,

369 4094 553 4158 sicque
577 4107 642 4140 ex
675 4093 965 4155 Republica
985 4094 1134 4152 sumi,
1154 4103 1268 4153 quae
1303 4102 1434 4150 prae-

368 4169 538 4221 bebat
558 4169 702 4219 Nero
723 4184 788 4216 ex
811 4183 902 4216 sua
935 4167 1152 4231 pecunia
1174 4180 1262 4214 seu
1285 4163 1431 4213 fisco.

363 4259 372 4266 ·
438 4253 465 4279 ¹
491 4244 612 4294 Orbi
618 4244 758 4309 fietis
778 4240 1123 4306 adoptionibus]
1145 4242 1276 4293 Quae
1294 4238 1434 4288 fraus

1503 2167 1744 2231 Scipione
1784 2167 1862 2216 his
1902 2167 2097 2217 verbis:
2147 2167 2163 2195 ‘
2186 2164 2249 2214 In
2289 2164 2391 2213 alia
2430 2162 2569 2213 tribu

1501 2254 1721 2311 patrem,
1746 2248 1796 2297 in
1829 2249 1928 2297 alia
1946 2247 2126 2310 filium,
2146 2245 2441 2308 suffragium
2468 2242 2569 2292 fer-

1502 2338 1579 2372 re.
1615 2324 1798 2373 Filium
1818 2324 2115 2386 adoptivum
2134 2329 2238 2372 tam
2262 2320 2568 2385 procedere,

1504 2412 1659 2464 quam
1682 2398 1722 2446 si
1747 2413 1802 2447 se
1826 2404 2001 2447 natum
2024 2397 2244 2447 habeat.'

1573 2475 1877 2539 Quanquam
1909 2489 2114 2535 censeo,
2151 2471 2446 2536 Scipionem
2465 2486 2569 2523 non

1506 2552 1647 2601 'aliud
1701 2551 2036 2614 intellexisse,
2087 2564 2239 2614 qnam
2304 2549 2566 2598 notionem

1509 2629 1832 2688 Censoriam3
1888 2636 1944 2677 et
1984 2642 2097 2677 cum
2145 2626 2181 2674 ii
2226 2625 2570 2689 inquirerent,

1510 2705 1597 2770 qui
1632 2718 1835 2766 uxores,
1856 2704 2043 2768 quique
2074 2703 2261 2753 liberos
2285 2703 2570 2765 baberent3

1504 2782 1642 2830 malo
1665 2782 1887 2846 quodam
1909 2795 2068 2842 more,
2098 2795 2184 2829 eos
2209 2779 2297 2843 qui
2328 2779 2569 2843 adoptas·

1506 2865 1638 2916 sent,
1683 2872 1786 2907 non
1828 2858 2069 2907 habuisse
2111 2871 2206 2921 pro
2247 2856 2570 2919 improlibus.

1506 2936 1661 2987 Adde
1695 2936 1760 2986 ad
1782 2936 1951 2985 Taciti
1973 2936 2139 2984 lucem
2163 2934 2197 2982 l.
2221 2946 2281 2982 u.
2303 2933 2369 2982 de
2391 2939 2566 2983 vacat.

1505 3028 1707 3064 muner.
1771 3012 1980 3076 Lipsius.

1571 3098 1594 3134 5
1630 3090 1801 3153 Filios]
1851 3090 1990 3142 Quia
2024 3102 2210 3153 nempe
2245 3087 2283 3136 ii
2322 3085 2572 3149 praefere-

1506 3165 1713 3225 bantur,
1736 3167 1823 3230 qui
1847 3165 1979 3215 filios
1996 3166 2271 3224 haberent3
2306 3164 2424 3213 binc
2445 3163 2571 3214 ficte

1507 3242 1831 3305 adoptabant
1846 3241 1996 3303 tilios,
2014 3256 2141 3304 quos
2164 3240 2358 3303 statim,
2381 3240 2574 3304 adepta

1509 3318 1786 3382 dignitate,
1807 3316 2215 3381 emancipat-ent.

1509 3419 1516 3424 -
1574 3400 1595 3425 ²
1647 3393 1745 3448 Qui
1786 3407 1959 3453 magna
1994 3407 2098 3440 eum
2141 3391 2324 3440 invidia
2346 3391 2576 3441 Senatum

1508 3468 1708 3530 adeunt]
1756 3467 1991 3518 Observa
2030 3467 2320 3527 relativum,
2340 3467 2438 3529 qui,
2470 3473 2575 3516 non'

1512 3544 1579 3593 ad
1602 3544 1936 3608 proximiores
1960 3541 2163 3605 referri,
2180 3544 2291 3593 scil.
2312 3543 2378 3593 ad
2400 3558 2576 3593 eman·

1511 3623 1732 3687 cipatos,
1756 3622 1847 3671 sed
1883 3622 1947 3672 ad
1974 3611 2159 3672 vocem*
2188 3627 2366 3685 patres,
2402 3621 2456 3671 id
2476 3627 2575 3684 est,

1514 3714 1661 3749 veros
1684 3707 1876 3762 patres,
1895 3699 1981 3762 qui
1999 3699 2253 3763 legitimos
2271 3697 2403 3748 filios
2423 3698 2579 3749 habe-

1515 3774 1659 3825 bant.
1726 3776 1924 3825 Notavi
1965 3775 2121 3824 etiam
2165 3776 2197 3824 l.
2234 3790 2272 3824 1.
2297 3777 2351 3824 in
2383 3775 2576 3841 verbis,

1511 3851 1808 3916 quises-mam
1830 3852 1944 3900 oitoe
1962 3852 2094 3899 iniit.
2159 3851 2406 3901 Picltena.

1580 3928 1789 3991 Invidia]
1824 3929 2024 3990 Nempe
2046 3942 2218 3988 magna
2250 3942 2356 3975 eum
2374 3925 2577 3990 invidia,

1513 4012 1606 4056 'seu
1650 4007 2006 4068 indignatione
2047 4007 2098 4054 iu
2138 4021 2225 4053 eos
2270 4006 2441 4068 orbos,
2481 4006 2574 4071 qul

1511 4084 1648 4132 fictis
1703 4081 2066 4144 adoptionibus
2121 4080 2467 4129 abutebantur
2520 4081 2576 4130 in

1511 4159 1876 4212 contumeliam
1917 4158 2160 4205 bonorum
2191 4164 2412 4222 patrum,
2433 4162 2488 4206 et
2521 4171 2575 4207 e·

1511 4236 1640 4285 tiam
1662 4236 1714 4284 in
1737 4249 1825 4284 eos
1848 4234 1936 4300 qui
1958 4232 2166 4295 talibus,
2183 4233 2376 4302 talique
2399 4232 2575 4286 fraudi

370 4321 500 4374 olim
521 4321 681 4372 etiam
712 4325 974 4386 usurpata,
996 4325 1053 4369 et
1065 4318 1387 4385 reprehensa
1407 4329 1439 4367 a
1516 4312 1966 4377 patrocinarentur
1985 4311 2041 4368 in
2061 4316 2266 4364 senatu.
