3063 4952
460 328 646 440 tim-³

1161 370 1226 434 d.
1271 338 1655 432 &olii-‘timi‘
1688 340 1950 430 ἰιιονκί
1975 338 1995 383 ³

2345 360 2441 457 [A.¹
2453 358 2519 444 ιι
2541 368 2649 447 εἰι.

461 509 724 617 s’ervitii'
737 502 1074 619 Tiridates
1096 526 1442 617 perferret.
1486 546 1618 593 neu
1656 524 1895 593 ferrum
1937 526 2243 609 traderet,
2245 527 2273 567 ¹¹
2321 536 2440 600 aut
2491 532 2663 600 coin-

462 631 687 733 plexu¹
731 616 1135 721 provinciasff
1182 633 1617 717 obtinentium
1665 628 2017 709 arceretur,
2062 612 2401 701 foribusve
2444 655 2666 702 eorum

463 851 740 903 servientis

775 850 1047 913 exhiheret
1080 849 1378 927 Tiridates,
1413 854 1469 899 et
1498 862 1565 898 ne
1600 862 1775 898 ensem
1811 850 2050 910 poneret,
2088 852 2181 897 aut
2202 834 2521 899 salutatione
2540 865 2672 917 pro·

463 918 657 968 vincias
678 918 968 981 regentium
990 905 1387 980 prohiberetur;
1405 919 1497 964 aut
1518 914 1586 963 ad
1606 913 1785 963 limina
1805 926 1981 962 eorum
2003 919 2345 978 expectaret5
2369 908 2669 982 tantumque

1447 1095 1667 1150 No‘rAE

464 1222 562 1275 pus
606 1209 931 1275 traducebat,
982 1217 1043 1260 ut
1084 1211 1198 1261 Rex
1240 1210 1521 1260 Persarum

464 1286 606 1349 olim,
628 1291 763 1337 teste
788 1276 927 1353 Xen.
951 1288 986 1339 l.
1010 1301 1136 1337 vm.
1171 1290 1309 1337 Παιδ.
1329 1289 1345 1316 ⁸
1369 1288 1523 1337 Tem-

461 1364 603 1429 poris
634 1365 1076 1430 hyberniseptem
1113 1381 1316 1415 menses
1354 1365 1523 1428 Baby-

460 1441 600 1507 lpne,
638 1441 790 1513 (haec⁴
818 1443 952 1508 enim
991 1444 1133 1507 regio
1156 1440 1363 1507 calida,)
1401 1456 1522 1492 vere

461 1524 578 1581 tres
590 1535 792 1579 menses
812 1521 970 1585 Susis,
988 1528 1043 1570 et
1064 1522 1169 1581 acri
1186 1527 1369 1575 aestate
1392 1520 1522 1570 duos

461 1609 664 1646 menses
684 1597 965 1647 Ecbatanis
990 1597 1216 1662 agebat.'

529 1672 597 1721 Et
627 1672 665 1723 l.
699 1686 782 1724 111.
820 1673 1045 1723 Anabas.
1098 1672 1218 1723 ‘Ad
1252 1664 1522 1723 Orientem

463 1747 571 1799 fert
589 1765 765 1800 versus
788 1750 919 1800 Susa
936 1757 991 1800 et
1012 1749 1299 1812 Ecbatana,
1321 1749 1412 1800 nbi
1431 1750 1523 1800 ver'

461 1831 520 1875 et
543 1832 777 1876 aestatem
795 1841 951 1891 agere
972 1828 1085 1876 Rex
1107 1825 1330 1878 dicitur.’

529 1900 806 1964 Ecbatanis]
840 1900 1126 1965 Ecbatana,
1171 1902 1295 1952 urbs
1330 1903 1526 1966 Tropa-

463 1980 598 2025 tenae
624 1977 770 2039 regni
806 1978 915 2026 sive
955 1977 1256 2043 provinciae,
1279 1979 1330 2027 in
1354 1974 1526 2028 media

462 2052 674 2119 regione
721 2053 920 2116 imperii
945 2055 1233 2107 Persarum
1271 2057 1356 2106 vel
1396 2057 1525 2106 Par-

460 2128 698 2195 thorum:
735 2130 884 2179 hodie
930 2132 1115 2195 Tauris,
1157 2133 1280 2182 urbs
1319 2132 1525 2199 provin-

462 2204 557 2267 ciae
606 2205 935 2273 Adirbeitzan,
983 2209 1036 2259 in
1090 2224 1251 2274 regno
1305 2200 1524 2261 Persiae.

463 2281 707 2334 Tillemon.

525 2353 551 2391 ¹¹
588 2360 895 2422 Neuferrum
918 2366 1150 2429 traderet]
1183 2365 1360 2425 Persae
1385 2364 1521 2414 enim

460 2442 517 2487 et
570 2436 757 2489 Parthi
797 2455 972 2498 omnes
1018 2457 1224 2510 semper
1270 2442 1348 2492 de
1378 2457 1520 2494 more

460 2505 640 2565 cincti.
706 2516 1061 2572 Ammianusl.
1090 2534 1256 2571 xxm.
1290 2520 1526 2571 ‘Omnes

457 2591 748 2662 promiscue
772 2595 853 2643 vel
877 2595 1018 2646 inter
1044 2598 1223 2660 epulas
1258 2596 1524 2664 festosque

458 2665 573 2723 dies
607 2669 792 2733 gladiis
829 2672 988 2722 cincti
1028 2686 1328 2738 cernuntur,
1369 2690 1524 2763 ιιιιιιιιι

458 2729 765 2796 θιωῖιιοιιιιιι
809 2755 1040 2799 ueterum
1081 2765 1293 2816 morem,
1332 2750 1522 2815 primos

459 2819 715 2884 abjecisse
770 2823 1134 2893 Athenienses,
1187 2828 1523 2894 Thucydides

459 2902 544 2946 est
562 2899 779 2948 auctor-²
822 2900 898 2951 At
920 2903 1004 2954 de
1012 2904 1111 2953 ritu
1136 2895 1362 2969 ponendi
1384 2905 1522 2970 apud

458 2963 801 3039 Magistratus
821 2975 994 3042 ferri,
982 2995 1031 3028 ιιι
1056 2982 1253 3032 Electis
1272 2983 1395 3033 mihi
1418 2984 1524 3034 dic-

461 3055 590 3111 tum,
612 3063 729 3115 cap.
753 3051 818 3103 de
841 3054 1151 3107 Lictoribus.
1184 3056 1390 3122 Lipsius.

523 3125 638 3176 Neu
678 3111 870 3189 ferrura
924 3134 1162 3199 traderet]
1223 3127 1525 3202 Intelligen-

460 3181 637 3280 (jum,
622 3216 732 3269 lpse
754 3203 1019 3260 Tiridates
1044 3203 1343 3264 Corbuloni.
1398 3213 1525 3297 Rhe-¹

451 3296 621 3333 uanus.

463 3405 474 3412 ,
524 3358 666 3410 Puto
688 3355 1081 3434 intelligendum
1104 3353 1170 3416 de
1194 3363 1317 3417 solis
1341 3379 1522 3417 consu·

458 3417 630 3486 libus
618 3453 669 3487 ιιι
693 3439 840 3503 urbe,
863 3449 953 3490 aut
975 3441 1039 3491 de
1056 3431 1480 3512 proconsulibus'
1467 3435 1524 3494 ιιιΙ

459 3514 753 3584 provinciis.
820 3518 978 3568 Forte
1016 3519 1099 3569 hic
1139 3520 1205 3569 de
1240 3522 1349 3571 solo
1380 3522 1520 3588 prin-

458 3591 595 3660 cipe,
632 3593 768 3657 quod
809 3594 983 3660 colligi
1023 3598 1186 3662 possit
1220 3610 1309 3648 ex
1330 3601 1519 3662 Dione.

457 3659 600 3732 Nam
619 3676 729 3719 tum
754 3670 919 3740 affixit
939 3688 1033 3723 rex
1054 3667 1281 3739 gladium
1303 3676 1523 3742 vaginae,

451 3759 562 3820 qe
559 3748 746 3818 tradere
780 3737 1096 3818 cogeretur,
1113 3768 1229 3803 cum
1266 3754 1521 3804 salutaret

456 3809 768 3900 principem.
828 3826 932 3876 Sed
973 3828 1097 3892 quid
1136 3828 1202 3879 de
1243 3831 1520 3898 comitibus

454 3897 632 3970 regis?
684 3916 802 3953 nam
848 3902 941 3953 filii
988 3919 1163 3972 regum
1201 3905 1421 3972 fratrum
1467 3918 1522 3960 et

454 3965 779 4066 hlegistanes
802 3980 1019 4031 aderant
1042 3983 1226 4033 Parthi
1263 3975 1319 4034 et
1340 3967 1521 4052 Arme-

351 4051 354 4052 ⁷
447 4052 562 4118 nii.
598 4070 665 4106 an
699 4057 930 4121 gladium
960 4061 1215 4124 posuere?
1252 4062 1390 4111 Puto
1411 4047 1520 4151 ple·

456 4117 601 4186 beios
624 4139 680 4182 et
702 4133 935 4197 privatos
956 4142 1156 4186 tantum
1190 4138 1266 4206 sic
1285 4139 1517 4208 posuisse

455 4221 648 4279 coram
664 4210 958 4272 consulibus
980 4219 1073 4263 aut
1093 4201 1516 4288 proconsulibus·
1502 4253 1517 4280 ,

455 4296 559 4348 quo
580 4273 749 4339 officio
768 4283 1020 4354 exceptus
1045 4291 1159 4344 Rex
1175 4283 1265 4345 ille
1288 4299 1342 4346 et
1362 4293 1517 4346 comi-

1604 1220 1704 1261 tes.
1771 1210 1876 1261 Sed
1910 1224 2026 1260 cum
2049 1211 2270 1262 accessit
2291 1210 2356 1260 ad
2383 1188 2672 1275 principem

1604 1288 1826 1353 supplex
1850 1295 1905 1339 et
1927 1288 2337 1350 venerabundus,
2359 1295 2470 1338 tum
2495 1288 2689 1337 necea
2737 1303 2740 1306 ⁴

1605 1368 1738 1418 saria
1777 1364 2069 1416 caerimonia
2112 1364 2231 1430 fuit,
2276 1365 2366 1415 sed
2406 1372 2514 1430 qua
2558 1365 2687 1428 ipso.
2748 1401 2752 1405 .

1604 1442 1864 1493 momento
1918 1443 2094 1492 statim
2151 1441 2453 1506 dispensare
2500 1440 2669 1505 potuit

1604 1521 1849 1585 princeps
1873 1519 2087 1569 comiter
2107 1518 2440 1569 occurrendo.

1674 1601 1778 1649 Neu
1790 1596 1981 1660 ferrum
2002 1596 2235 1660 traderet]
2290 1597 2502 1660 Quippe
2524 1580 2668 1661 quasi

1602 1676 1829 1741 signum
1835 1675 2024 1726 fuisset
2056 1675 2224 1724 dediti
2261 1674 2563 1739 captivique
2586 1674 2670 1722 ho

1605 1754 1774 1803 minis.
1842 1748 2019 1803 Caesar
2056 1751 2090 1800 l.
2123 1764 2223 1800 vn.
2259 1750 2326 1801 de
2368 1750 2492 1800 bell.
2531 1748 2673 1800 Gall.

1604 1831 1620 1858 ‘
1643 1828 2071 1892 Versingentorix
2109 1826 2339 1891 deditur,
2374 1840 2517 1875 arma
2555 1839 2679 1889 pro-·

1593 1906 1868 1971 jiciuntur.
1874 1905 1887 1926 '
1986 1907 2056 1955 Et
2092 1903 2220 1956 ibid.
2257 1905 2273 1932 ‘
2296 1902 2450 1953 AEdui
2488 1915 2670 1951 manus

1605 1983 1821 2032 tendere
1852 1988 1909 2033 et
1932 1982 2249 2032 deditionem
2273 1979 2585 2045 significare,
2619 1985 2672 2028 et

1608 2060 1857 2124 projectis
1881 2059 2053 2125 armis,
2076 2065 2296 2124 mortem
2320 2054 2635 2131 deprecari?

1675 2138 1929 2204 Traderet]
1981 2139 2104 2189 Non
2146 2137 2434 2188 Corbuloni
2484 2142 2576 2185 aut
2619 2134 2673 2201 in

1605 2216 1809 2280 castris,
1843 2215 1934 2265 sed
1969 2198 2167 2276 Romae,
2203 2211 2407 2262 eumad
2444 2196 2674 2262 tribunal

1602 2291 1857 2358 principis
1880 2291 2175 2353 accederet,
2213 2290 2410 2354 regium
2435 2288 2673 2338 diadema

1602 2376 1927 2434 recepturus.
1989 2370 2059 2418 Et
2097 2373 2242 2418 certe
2265 2365 2456 2416 nemini
2478 2364 2674 2414 Tirida-

1604 2448 1751 2499 dates
1791 2448 1950 2500 etiam
1982 2448 2162 2498 Romae
2186 2444 2410 2511 gladium
2435 2442 2675 2506 tradidit,

1605 2526 1761 2576 immo
1785 2532 1842 2577 et
1875 2540 1990 2575 eum
2025 2523 2187 2573 clavis
2210 2520 2378 2571 aureis
2404 2520 2579 2570 balteo
2603 2517 2677 2568 af-

1604 2601 1740 2665 fixit,
1783 2608 1920 2653 teste
1965 2601 2155 2664 Dione,
2192 2612 2357 2670 neque
2399 2613 2431 2647 a
2468 2594 2676 2646 fortiori

1605 2678 1743 2745 apud
1796 2678 2149 2743 proconsules,
2203 2677 2324 2726 dum
2378 2673 2677 2741 provincias

1604 2759 1754 2822 Rom.
1779 2761 2104 2827 peragraret,
2148 2768 2317 2818 neque
2353 2751 2510 2801 etiam
2534 2750 2674 2816 apud

1602 2836 1730 2886 alios
1750 2834 2088 2898 magistratus
2111 2831 2354 2881 minares.

1666 2910 1783 2963 ¹Aut
1800 2907 2061 2975 complexu]
2096 2897 2311 2971 Duplex
2337 2906 2483 2955 ritus.
2521 2904 2672 2956 Prio

1600 3003 1708 3038 rem
1725 2989 1966 3038 illustroe
1985 2983 2246 3050 Spartiani
2259 2981 2473 3043 Severo,
2487 2980 2553 3030 de
2571 2996 2670 3045 quo

1601 3069 1776 3132 legato
1800 3063 2029 3113 Africae.
2015 3080 2028 3091 ·
2048 3062 2063 3089 ‘
2086 3062 2149 3111 In
2170 3075 2234 3110 ea
2255 3058 2536 3123 legatione,
2554 3072 2669 3107 cum

1604 3157 1721 3204 eum
1748 3139 1955 3208 quidam
1977 3138 2295 3201 municipum
2316 3150 2520 3185 suornm
2541 3134 2672 3197 Lep-

1606 3220 1819 3284 titanus,
1870 3214 2292 3288 praecedentibus
2334 3211 2582 3275 fascibus,
2616 3217 2672 3259 ut

1607 3295 1879 3361 antiquum
1935 3290 2353 3342 contubernalem
2406 3288 2523 3352 ipse
2565 3284 2670 3351 ple·

1602 3372 1751 3426 belus
1788 3369 2058 3435 amplexus
2094 3374 2249 3429 esset,
2281 3364 2509 3415 fustibus
2554 3377 2667 3412 eum

1604 3441 1698 3498 sub
1713 3447 1879 3512 elogio
1899 3437 2160 3510 praeconis
2179 3442 2398 3493 cecidit:
2421 3442 2671 3518 Legatum

1603 3526 1783 3591 populi
1822 3513 1974 3574 Rom.
2014 3513 2164 3572 horno
2202 3519 2436 3584 plebeius
2475 3524 2669 3568 temere

1603 3602 1851 3672 amplecti
1876 3599 2018 3651 noli.'
2084 3595 2364 3648 Interdicti
2391 3608 2519 3657 ergo
2557 3591 2669 3658 proi

1601 3679 1849 3729 vinciales
1869 3675 2160 3739 complexu.

1668 3756 1771 3807 Sed
1793 3769 1889 3804 nec
1919 3754 1972 3802 in
2009 3750 2144 3801 fores
2163 3750 2339 3799 statim
2362 3748 2462 3797 illis
2483 3747 2671 3811 aditus,

1604 3834 1682 3885 uti
1702 3823 1968 3898 eleganter
2005 3819 2272 3879 Salvianus
2296 3827 2331 3877 l.
2355 3841 2442 3877 111.
2467 3826 2533 3875 de
2565 3823 2669 3875 Gu'·

1604 3903 1809 3961 bernat.
1845 3910 1860 3937 ‘
1887 3907 2036 3957 Intra
2050 3906 2237 3970 januas
2276 3905 2380 3953 non
2418 3902 2573 3970 modo
2612 3900 2670 3950 il·

1603 3986 1842 4038 lustrium
1866 3988 2208 4049 potestatum,
2231 3978 2324 4030 sed
2357 3978 2518 4029 etiam
2544 3991 2669 4042 prae-¹

1604 4063 1773 4113 sidum
1791 4067 1882 4112 aut
1913 4056 2334 4124 praepositorum,
2367 4070 2471 4105 non
2495 4057 2669 4104 omnes

1604 4140 1792 4204 passim
1816 4137 2012 4186 intrare
2034 4137 2371 4210 praesumunt,
2407 4131 2510 4181 nisi
2544 4139 2668 4196 quos

1602 4221 1696 4267 aut
1723 4215 1890 4280 judex
1934 4211 2226 4299 vocaverit,
2267 4205 2357 4259 aut
2402 4208 2668 4274 negotium

1554 4332 1562 4339 .
1601 4290 1841 4358 traxerit,
1862 4283 1954 4341 aut
1976 4287 2090 4353 ipsa
2110 4279 2321 4339 honoris
2339 4285 2540 4352 proprii
2563 4283 2672 4347 dig·
