3063 4952
464 414 665 501 [524⁸

1174 445 1239 499 G.
1288 443 1651 498 CORNELII
1698 445 1952 497 'PAcl’rl

2356 451 2449 517 [A.
2472 450 2541 504 v.
2565 431 2690 505 sio.
2719 491 2722 496 .

459 598 741 661 ferrent:
803 594 1021 660 medio
1070 596 1392 679 temporis
1459 601 1690 661 contra
1754 594 1970 659 dicere
2020 593 2279 676 liceret3
2335 595 2549 681 deque
2595 616 2678 664 eo

463 699 791 765 Consules
839 689 1235 763 statuerent?

1324 696 1639 763 Cohibita
1686 698 1932 763 arctius
1972 703 2037 763 et
2083 697 2407 763 AEdilium
2455 705 2677 784 potes-

469 811 598 882 ωε,
622 807 1089 888 statutumque,
1122 806 1144 835 ‘
1169 808 1486 886 quantum
1507 802 1817 881 curules,g
1833 806 2150 886 quantum
2168 800 2413 887 plebeih
2441 801 2677 887 pigno-

461 980 717 1031 tradicere
749 981 959 1044 liceret3
995 986 1154 1047 atque
1194 980 1261 1030 de
1295 996 1360 1031 ea
1391 995 1446 1030 re
1470 982 1707 1030 consules
1721 978 2038 1044 judicarent.
2109 978 2277 1030 Etiam
2297 981 2554 1032 constricta
2568 995 2673 1032 arc-

457 1061 556 1110 tius
576 1062 833 1113 auctoritas
850 1063 1078 1127 (edilium,
1098 1064 1434 1126 sancitamque,
1474 1067 1722 1127 quantum
1756 1060 1977 1125 curules,
2018 1065 2268 1125 quantum
2307 1061 2521 1128 plebeii,
2563 1062 2678 1131 pig·

1458 1190 1673 1243 NOTAE

451 1311 942 1378 prosequendosque
975 1317 1302 1377 suppeteret,
1345 1311 1517 1362 aerari-

444 1404 535 1437 «um
575 1389 796 1441 militare
826 1405 948 1456 ¹cum
985 1389 1328 1456 vectigalibus
1369 1388 1513 1439 novis

452 1464 714 1515 instituit!

478 1557 482 1562 ·
515 1542 706 1593 AErarii
725 1543 1022 1608 quoestorem]
1071 1546 1157 1595 De
1180 1544 1346 1608 prima
1369 1542 1511 1593 insti-

450 1620 653 1669 tutione
702 1627 1022 1685 quaestorum
1060 1622 1252 1685 aerarii,
1304 1621 1378 1672 sic
1419 1622 1512 1670 Ul-

446 1698 587 1761 pian.
612 1698 669 1749 ff.
688 1699 723 1749 l.
746 1713 786 1748 1.
808 1698 921 1749 Tit.
948 1704 1027 1751 13.
1067 1701 1083 1727 ‘
1108 1699 1272 1765 Origo
1291 1707 1513 1766 quaesto-

444 1776 585 1825 ribus
634 1776 875 1826 creandis
916 1777 1274 1842 antiquissima
1315 1785 1417 1841 est,
1460 1784 1516 1827 et

444 1861 737 1915 paeneante
754 1868 930 1904 omues
950 1855 1300 1918 magistratus.
1320 1857 1356 1907 J
1361 1855 1510 1906 unius

445 1930 784 1979 Gracchanus
800 1929 891 1980 lib.
909 1945 1011 1981 vn.
1041 1932 1123 1981 De
1141 1931 1510 1995 potestatibus,

444 2007 609 2058 refert
629 2008 785 2058 etiam
814 2008 983 2073 ipsum
1024 2010 1298 2060 Romulum
1321 2016 1378 2060 et
1401 2010 1510 2061 Nu-

445 2100 582 2133 mam
606 2085 923 2149 Pompilium
946 2086 1096 2136 binos
1120 2093 1404 2152 quaestores
1425 2087 1513 2136 ba-

443 2163 634 2225 buisse,
671 2179 800 2228 quos
824 2164 924 2229 ipsi
954 2179 1057 2215 non
1094 2180 1190 2214 sua
1227 2179 1378 2230 voce,
1416 2165 1508 2214 sed

443 2241 622 2303 populi
645 2239 890 2305 suffragio
913 2248 1172 2291 crearent.
1228 2241 1330 2291 Sed
1357 2241 1510 2293 sicuti

442 2315 655 2367 dubium
699 2324 798 2380 est,
846 2333 932 2380 an,
972 2318 1193 2369 Romulo
1237 2325 1293 2368 et
1335 2320 1507 2369 Numa

440 2395 705 2460 Pompilio
735 2395 1094 2460 regnantibus,
1129 2403 1359 2461 quaestor
1395 2394 1510 2445 fue-

437 2473 525 2536 rit,
547 2472 642 2537 ita‚
673 2474 818 2524 Tullo
854 2472 1079 2524 Hostilio
1103 2488 1248 2538 rege,
1280 2476 1504 2538 quaesto-

435 2566 519 2600 res
539 2549 700 2602 fuisse
738 2558 940 2603 certum
979 2557 1094 2603 est:
1142 2558 1198 2601 et
1230 2564 1357 2600 sane
1390 2566 1506 2601 cre-

433 2626 575 2678 brior
603 2628 742 2693 apud
781 2635 984 2679 veteres
1027 2628 1204 2692 opinio
1243 2633 1324 2677 est
1365 2628 1499 2676 Tull.

435 2703 712 2754 Hostilium
753 2705 974 2769 primum
1011 2705 1064 2755 in
1105 2705 1368 2769 Rempub.
1409 2719 1499 2754 eos

432 2779 712 2831 induxisse.
803 2783 875 2831 Et
915 2796 946 2830 a
993 2795 1185 2844 genere
1233 2780 1498 2846 quaerendi

433 2862 718 2919 quaestores
782 2857 931 2907 initio
977 2856 1167 2921 dictos,
1207 2857 1397 2910 Junius
1443 2864 1499 2908 et

431 2932 702 2982 Trebatius
726 2939 780 2983 et
804 2934 1101 2984 Fenestella
1122 2933 1390 2984 scribunt.'

499 3007 522 3040 f
548 3010 610 3059 In
649 3010 862 3074 publicas
896 3011 1104 3075 tabulas]
1173 3012 1335 3073 Puto,
1379 3011 1511 3076 quia

430 3100 532 3135 non
571 3086 906 3137 solvebantur
942 3089 1172 3149 mulctae,
1211 3088 1386 3138 statim
1423 3092 1500 3137 at-

431 3171 532 3226 q'ue
555 3162 770 3214 indictae
813 3171 988 3214 essent
1026 3181 1057 3214 a
1095 3166 1350 3227 tribunis;
1402 3165 1497 3215 sed

432 3245 560 3302 tum,
605 3256 724 3291 cum
769 3256 800 3289 a
844 3241 1188 3306 quaestoribus
1234 3242 1405 3291 aerarii
1444 3243 1494 3291 in

428 3318 665 3381 publicas
700 3319 903 3369 tabulas
943 3320 1124 3370 relatae
1148 3326 1355 3380 essent3
1397 3319 1496 3370 ita-

427 3408 530 3458 que
592 3397 953 3446 conceduntur
1009 3402 1232 3460 quatuor
1290 3411 1490 3446 menses

422 3479 548 3535 post
567 3474 785 3523 mulctas
824 3473 1010 3536 dictas,
1039 3475 1179 3522 intra
1202 3474 1338 3538 quod
1360 3482 1488 3525 tem-

424 3558 521 3610 pus
546 3550 902 3600 contradicere
925 3550 1081 3600 liceat
1100 3551 1336 3602 tribunis.

454 3630 457 3633 '
489 3632 516 3668 8
551 3626 794 3681 Quantum
827 3628 1028 3691 curules]
1082 3629 1170 3678 Sic
1204 3629 1333 3679 dicti
1366 3630 1488 3694 quia

422 3701 536 3749 sella
569 3702 720 3752 curuli
753 3710 1061 3766 uterentur3
1112 3721 1240 3770 quos
1282 3707 1488 3756 Plutar-

425 3779 549 3828 chus
568 3777 621 3827 in
645 3780 816 3830 Mario
835 3781 1033 3842 mqy'ores
1052 3784 1213 3832 «ediles
1238 3786 1487 3849 appellat,

420 3855 475 3903 ni
499 3854 812 3906 creabantur
845 3873 911 3907 ex
949 3859 1201 3922 patriciis».
1254 3860 1430 3910 Livius
1451 3862 1486 3911 l.

422 3945 500 3981 vr.
548 3932 564 3994 f
589 3933 719 3982 Cum
743 3935 1022 3984 concordia
1044 3936 1182 3985 inter
1203 3936 1409 4000 plebem
1432 3944 1487 3988 et

420 4014 594 4072 patres
638 4009 787 4075 inita,
829 4019 1038 4062 senatus
1078 4013 1231 4063 ludos
1278 4014 1332 4063 in
1371 4015 1485 4079 ejus

420 4085 667 4136 honorem
691 4089 1030 4153 decrevisset,
1046 4097 1101 4140 et
1122 4090 1297 4142 aediles
1317 4093 1485 4156 plebis

419 4177 475 4212 se
511 4178 601 4213 eos
635 4164 863 4216 facturos
902 4177 1246 4233 recusassent,
1282 4172 1485 4220 concla-

420 4244 629 4289 marunt
669 4243 880 4306 patricii
911 4245 1158 4308 juvenes,
1211 4263 1268 4298 se
1305 4248 1357 4297 id
1396 4249 1484 4299 ho-

418 4315 559 4366 noris
601 4316 773 4369 Deum
812 4319 1173 4373 immortalium
1226 4338 1385 4377 causa
1427 4326 1487 4377 li·

1596 1310 1786 1360 benter
1830 1314 2060 1371 acturos,
2103 1313 2163 1358 ut
2225 1305 2405 1359 aediles
2462 1306 2669 1363 fierent.

1598 1386 1800 1440 Quibus
1818 1400 1935 1436 cum
1958 1386 2023 1436 ab
2046 1385 2302 1435 universis
2325 1386 2508 1450 gratiae
2532 1395 2669 1441 actae

1596 1469 1786 1525 essent,
1808 1462 2007 1513 factum
2045 1465 2571 1530 senatusconsultum,
2605 1472 2670 1517 ut

1594 1540 1723 1590 duos
1740 1540 1877 1591 viros
1900 1539 2077 1589 aediles
2096 1555 2163 1590 ex
2181 1539 2417 1604 patribus
2437 1540 2671 1594 dictator

1594 1617 1839 1682 populum
1862 1615 2111 1681 rogaret!

1658 1695 1851 1744 Munus
1875 1695 2080 1744 illorum
2102 1693 2203 1744 fuit
2234 1694 2385 1745 ludos
2416 1709 2585 1748 sacros
2608 1705 2666 1750 et

1593 1771 1831 1820 solennes
1850 1770 2125 1822 instituere
2144 1778 2199 1822 et
2222 1784 2523 1837 procurare,
2542 1774 2671 1826 aedi·

1594 1864 1679 1898 um
1718 1862 1980 1900 sacrarum
2020 1853 2076 1898 et
2118 1848 2436 1913 privatarum
2481 1864 2662 1918 curram

1590 1927 1799 1978 babere.

1658 2006 1770 2055 Cic.
1806 2003 1861 2053 in
1896 2004 2151 2053 Verrem:
2202 2002 2219 2031 ‘
2241 2004 2396 2054 Nunc
2429 2018 2539 2054 sum
2575 2006 2664 2057 de-

1585 2080 1822 2146 signatus
1844 2080 2032 2145 aedilis,
2051 2081 2216 2132 habeo
2239 2082 2516 2147 rationem,
2530 2085 2660 2151 quid

1585 2174 1617 2208 a
1639 2160 1833 2223 populo
1857 2159 2007 2209 Rom.
2032 2159 2342 2225 acceperim,
2358 2161 2482 2212 mihi
2505 2161 2656 2214 ludos

1585 2236 1935 2286 sanctissimos
1957 2236 2187 2286 maxima
2202 2251 2319 2287 cum
2337 2252 2462 2288 cura
2478 2245 2535 2288 et
2553 2254 2658 2289 cae-

1582 2313 1799 2364 rimonia
1845 2313 2044 2375 Cereri,
2086 2314 2300 2377 Libero,
2343 2314 2674 2382 Liberaeque*

1582 2390 1881 2441 faciendos:
1933 2390 2058 2440 mihi
2093 2391 2301 2441 Floram
2326 2399 2544 2443 matrem
2567 2408 2660 2457 po-

1585 2467 1707 2533 pulo
1731 2467 1972 2534 plebique
1995 2467 2151 2518 Rom.
2173 2468 2411 2519 ludorum
2442 2469 2659 2522 celebri-

1585 2551 1694 2597 tate
1742 2545 2047 2611 placandam
2068 2563 2081 2595 :
2156 2547 2279 2596 mibi
2327 2548 2479 2599 ludos
2524 2550 2662 2600 anti-

1585 2625 1873 2690 quissimos,
1893 2623 1982 2688 qui
2008 2624 2161 2688 primi
2182 2626 2402 2675 Romani
2425 2632 2548 2677 suut
2568 2641 2658 2678 no·

1581 2702 1784 2765 minati,
1807 2700 2032 2753 maxima
2056 2715 2174 2751 cum
2213 2702 2470 2767 dignitate
2491 2719 2553 2756 ac
2576 2720 2661 2756 re·¹

1581 2777 1771 2841 ligione
1826 2776 1968 2839 Jovi,
2019 2776 2234 2843 Juuoni,
2293 2780 2656 2848 Minervaeque

1539 2878 1544 2883 ·
1579 2869 1693 2906 esse
1727 2854 2030 2905 faciendos:
2086 2857 2212 2906 mihi
2246 2872 2509 2909 sacrarum
2533 2861 2657 2911 aedi·

1578 2941 1662 2982 um
1683 2932 2118 2998 procurationem,
2136 2935 2262 2984 mihi
2287 2942 2447 2985 totam
2467 2936 2652 2988 urbem

1577 3009 1826 3060 tuendam
1872 3023 1985 3063 esse
2031 3012 2370 3064 commissam.
2440 3014 2528 3064 Ob
2565 3029 2653 3065 ea·

1579 3104 1690 3138 rum
1723 3102 1895 3138 rerum
1932 3090 2162 3140 laborem
2184 3097 2242 3140 et
2265 3092 2647 3143 solicitudinem

1578 3164 1781 3216 fructus
1798 3165 1913 3215 illos
1934 3165 2103 3231 datos,
2124 3166 2466 3232 antiquiorem
2491 3168 2543 3217 in
2565 3182 2648 3219 se-

1579 3250 1705 3293 natu
1748 3243 2021 3294 senteutiae
2059 3243 2296 3295 dicendae
2335 3246 2525 3309 locum,
2567 3253 2648 3297 to-

1578 3336 1695 3385 gam
1735 3327 2066 3386 praetextam,
2089 3322 2267 3371 sellam
2302 3322 2650 3389 curulem,jus

1574 3398 1812 3463 imaginis
1833 3398 1899 3448 ad
1922 3399 2220 3448 memoriam
2254 3401 2647 3464 posteritatem·

1571 3489 1673 3539 que
1698 3474 2058 3539 prodendam!
2130 3475 2315 3526 Sacros
2352 3474 2469 3528 illos
2493 3478 2643 3529 ludos

1570 3567 1667 3617 pro
1718 3552 1871 3602 modo
1918 3552 2216 3616 patrimonii
2272 3561 2329 3605 et
2369 3555 2644 3620 dignitatis

1569 3644 1676 3679 suae
1702 3629 2069 3693 procurabant.

1634 3704 1659 3739 ¹¹
1696 3707 1940 3762 Quantam
1995 3707 2173 3771 plebei]
2238 3707 2433 3758 AEdiles
2477 3658 2646 3774 plebis

1571 3783 1720 3848 dicti,
1766 3785 1903 3849 quod
1946 3798 1977 3833 e
2023 3786 2177 3850 plebe
2222 3794 2540 3852 crearentur,
2584 3794 2642 3840 et

1570 3863 1735 3925 plebis
1796 3864 1994 3927 proprii
2059 3864 2387 3926 magistratus
2448 3871 2639 3916 essent.

1570 3941 1842 4005 Originem
1900 3957 2079 3992 eorum
2130 3942 2378 3992 describit
2413 3943 2641 4010 Dionys.

1567 4019 1744 4069 Halic.
1765 4019 1855 4069 lib.
1880 4033 1957 4068 vr.
2010 4020 2027 4048 ‘
2049 4021 2178 4069 Cum
2213 4020 2345 4069 inita
2367 4021 2508 4069 inter
2547 4035 2642 4086 pa·
2693 4050 2698 4053 -

1568 4103 1674 4146 tres
1709 4102 1765 4146 et
1785 4096 1987 4160 plebem
2013 4096 2311 4161 concordia,
2343 4097 2492 4161 plebs
2516 4109 2648 4163 quae-

1567 4175 1621 4223 in
1642 4181 1872 4224 montem
1912 4188 2113 4223 sacrum
2153 4175 2528 4239 secesserat,-iu
2552 4190 2637 4226 ur-

1566 4250 1685 4300 bem
1706 4251 1966 4313 rediisset,
1990 4257 2045 4300 et
2082 4251 2419 4316 impetrasset
2437 4267 2469 4302 a
2490 4266 2639 4304 sena·

1566 4334 1641 4395 tu,
1665 4334 1724 4380 ut
1741 4328 1931 4380 liceret
1947 4328 2047 4380 sibi
2065 4328 2343 4394 quotannis
2361 4343 2394 4381 e
2409 4345 2504 4384 suo
2519 4344 2642 4383 cer·
