3063 4952
426 3358 435 3363 ‘
517 3345 606 3395 Sic
640 3345 764 3394 duos
805 3345 1078 3394 Messallas
1104 3344 1237 3392 vidit
1275 3343 1444 3392 Roma
1470 3360 1591 3395 con-

409 3766 421 3773 .
517 3723 679 3785 vitm,
711 3724 786 3773 sic
821 3722 1077 3786 Ulpianus
1114 3725 1169 3773 in
1202 3730 1431 3776 tractatu
1452 3728 1593 3778 Pan-

497 415 673 493 '1494
1215 442 1688 544 c.connnt.r1
1736 442 1989 491 ‘mom
2386 447 2482 513 [Α.
2504 440 2577 499 ιι.
2597 434 2724 500 sil).

500 590 699 655 domi
711 590 1024 671 lascivia3
1071 593 1219 674 q'ua
1236 589 1421 654 Nero
1450 590 1685 654 itinera
1709 585 1895 653 urbis
1919 586 1993 652 et
2021 588 2375 671 lupanaria
2400 590 2472 654 et
2500 587 2723 655 diver-

502 695 728 771 ticula,
778 697 966 757 veste
1027 694 1253 757 servili
1305 693 1374 756 in
1430 692 2027 756 dissimulationem
2082 692 2190 755 sui
2242 693 2692 774 compositum,
2697 690 2723 727 '³

503 796 901 880 pererrabat,
934 797 1434 873 comitantibuS,
1467 796 1585 881 qui
1613 798 1924 877 raperent
1951 792 2343 858 venditioni²
2375 796 2723 877 exposita,

505 903 572 972 et
618 899 837 962 obviis
863 900 1139 963 vulnera
1182 899 1513 976 inferrent,
1547 899 1861 961 adversus
1903 898 2168 980 >ignaros
2217 896 2413 976 aden,
2442 893 2521 961 ut
2570 898 2727 980 ipse

506 1020 770 1085 quoque
815 1004 1173 1086 exciperet³
1227 1003 1426 1080 ictuS,
1458 1007 1536 1066 *et
1581 1007 1726 1065 ore4
1770 999 2157 1084 praeferret.c
2262 1000 2555 1079 Deinde,
2604 998 2732 1120 ubi

508 1205 599 1266 tia,
619 1216 711 1268 qua
745 1201 875 1254 Nero
903 1205 1194 1282 palabundas
1231 1205 1420 1257 errabat
1453 1220 1543 1269 per
1575 1204 1699 1254 eicos
1729 1202 1959 1266 civitatis,
1980 1217 2036 1252 ac
2070 1217 2160 1267 per
2193 1202 2441 1265 lupanaria
2475 1206 2524 1251 et
2563 1210 2735 1249 aversa
2811 1252 2829 1267 ⁶

507 1271 626 1330 loca,
646 1269 811 1320 habitu.
841 1272 1022 1329 servili,
1045 1272 1117 1320 sic
1136 1287 1185 1320 se
1207 1277 1386 1333 tegens,
1405 1286 1471 1320 ne
1496 1277 1896 1333 agnosceretur,
1928 1283 2032 1317 eum
2066 1267 2369 1330 stipantibus,
2391 1267 2473 1330 qai
2495 1266 2545 1314 vi
2567 1264 2734 1324 aufer-

505 1339 613 1382 rent
632 1349 709 1383 res
728 1335 780 1383 ia
810 1335 1048 1398 publicum
1069 1337 1326 1399 expositas,
1349 1341 1398 1385 et
1426 1333 1775 1385 occurrentibus
1810 1334 1934 1383 ictas
1966 1332 2259 1396 infligerent,
2296 1333 2521 1380 adversas
2560 1331 2738 1379 inscios

505 1402 642 1462 adeo,
663 1404 717 1448 at
738 1400 835 1464 ipse
858 1402 1002 1450 etiam
1016 1402 1187 1465 plagas
1207 1402 1465 1465 exciperet,
1487 1405 1534 1449 et
1546 1400 1678 1461 facie
1698 1398 1956 1449 exhiberet.
2021 1401 2092 1447 At
2109 1402 2355 1461 postquam
2373 1397 2620 1458 cognitum
2638 1399 2733 1458 est,

1435 1509 1792 1548 “O“‘ubllb

508 1616 610 1670 His
633 1619 931 1670 consulibus
957 1621 1135 1670 Romae
1158 1619 1418 1668 hominem
1443 1618 1712 1683 peperisse
1735 1617 1976 1668 observat
1998 1616 2256 1677 Phlegon,
2280 1614 2348 1664 de
2383 1612 2545 1664 rebus
2574 1612 2736 1663 mira·

506 1682 659 1733 bilib.
686 1699 733 1733 c.
756 1689 818 1733 27
827 1690 939 1732 .-2
971 1687 1054 1734 Aa
1093 1685 1405 1734 venditionem
1446 1684 1674 1734 Brotier.
1714 1685 1810 1731 Et
1848 1683 1923 1731 sic
1960 1682 2300 1740 Puteolanus,
2322 1686 2378 1729 et
2413 1679 2739 1729 recentiores

511 1762 705 1797 omnes.
769 1750 850 1797 Ad
873 1749 1023 1798 abest
1048 1764 1078 1796 a
1105 1750 1205 1798 Ms.
1231 1750 1370 1798 Flor.
1397 1750 1535 1798 unde
1565 1748 1856 1798 Gronovius
1890 1745 2226 1812 conjiciebat,
2260 1760 2446 1794 tenum.
2515 1744 2581 1793 In
2623 1744 2738 1792 edi

513 1813 658 1861 tione
680 1814 941 1877 principe,
963 1814 1237 1864 venditioni.
1243 1819 1337 1863 -3
1377 1815 1460 1863 [ta
1482 1814 1612 1864 Mss.
1636 1813 1889 1874 editiones
1914 1817 2144 1876 vetereS,
2160 1811 2215 1861 J.
2237 1809 2539 1874 Gronovius
2555 1815 2621 1859 et
2655 1822 2739 1857 re·

1504 1943 1729 1997 NOTAE
1785 1989 1790 1992 .

509 2040 769 2103 sidebant,
785 2058 911 2106 ,cum
936 2043 1177 2107 princeps
1200 2044 1408 2093 adesset
1426 2042 1576 2093 ludis.
1721 2041 1809 2092 Sic
1830 2040 2102 2103 Suetonius
2121 2039 2137 2069 ⁴
2153 2038 2493 2100 domesticam
2517 2036 2742 2088 vestem'

512 2119 723 2182 Nempe
748 2120 931 2168 cohors
953 2120 1217 2170 excubans
1240 2121 1462 2186 principi
1484 2135 1578 2184 pro
1658 2118 1793 2168 dixit
1834 2118 1886 2167 in
1929 2116 2065 2181 Aug.
2106 2109 2190 2166 73.
2240 2122 2296 2165 et
2340 2116 2393 2165 in
2449 2114 2639 2164 viteli.
2689 2118 2743 2163 8.

508 2208 674 2258 more,
697 2201 753 2245 et
787 2193 970 2246 cohors
1005 2196 1236 2246 assidens
1273 2198 1424 2263 ludis,
1461 2212 1579 2262 quae
1660 2198 1880 2259 Seneca,
1911 2196 1926 2222 ‘
1949 2195 2137 2245 Placet
2159 2192 2451 2244 domestica
2473 2192 2659 2253 vestis,
2683 2197 2742 2239 et

510 2272 656 2335 vulgi
679 2273 1057 2322 immodestiam
1083 2274 1366 2324 coerceret.
1661 2273 1774 2322 vilis
1790 2276 1819 2321 :’
1884 2287 1915 2321 a
1967 2272 2221 2321 Cicerone
2277 2283 2484 2336 quoque
2543 2268 2743 2317 dicitur

587 2353 611 2379 ⁸
657 2348 864 2412 Volusio,
906 2350 972 2399 P.
1014 2349 1253 2414 Scipione]
1280 2341 1300 2367 Γ
1346 2349 1435 2399 Ita
1475 2350 1579 2399 mei
1660 2349 1857 2398 ‘vestis
1895 2346 2214 2398 domestica!
2282 2347 2433 2395 Idem
2458 2344 2746 2395 Suetonius

519 2423 663 2488 libri,
683 2424 837 2490 idque
860 2426 1005 2475 Fasti
1027 2428 1388 2492 comprobant.
1420 2427 1579 2492 Lapis
1648 2425 1867 2489 forensia
1889 2439 2091 2491 quoque
2116 2424 2306 2489 plurali
2335 2437 2556 2472 numero
2588 2436 2755 2471 voca·

513 2501 768 2566 Neapoli:
805 2503 933 2570 (vid.
971 2504 1127 2554 Varr.
1159 2506 1317 2555 lecct.
1360 2505 1413 2553 in
1455 2519 1579 2568 pag.
1661 2507 1741 2556 vit
1765 2512 1984 2569 vestem,
2009 2520 2159 2569 quam
2200 2505 2255 2553 in
2294 2502 2430 2565 foro,
2466 2517 2571 2553 non
2611 2502 2746 2552 foris

513 2579 773 2646 praeced.)
793 2582 1022 2631 nominat
1044 2589 1099 2632 et
1118 2582 1374 2645 Phlegon,
1405 2582 1460 2630 in
1475 2581 1583 2630 Ad·
1667 2582 1943 2651 gestabant
1968 2580 2188 2644 antiqui,
2221 2580 2276 2628 in
2298 2578 2438 2642 Aug.
2461 2583 2547 2630 73.
2592 2587 2649 2628 et
2688 2578 2747 2627 in

513 2656 782 2721 mirandis,
830 2660 897 2711 Q.
953 2660 1225 2717 Volusium
1277 2660 1344 2710 P.
1388 2659 1585 2723 Scipio·

514 2746 634 2783 nem
671 2735 814 2786 Coss.
870 2737 1080 2801 Lipsius.

584 2811 645 2866 Q.
672 2812 874 2876 Volusio]
927 2815 1032 2865 Hic
1048 2814 1190 2865 filius
1215 2813 1319 2864 fuit
1342 2815 1403 2865 L.
1424 2815 1583 2864 Volu-

517 2886 580 2936 sii
602 2886 668 2936 de
690 2903 790 2952 qno
813 2891 887 2940 sic
912 2892 1050 2944 Plin.
1083 2895 1098 2921 ‘
1120 2895 1315 2942 Notum
1339 2898 1441 2954 est,
1459 2893 1585 2940 Cor-

512 2964 666 3014 neliae
696 2966 995 3030 Scipionum
1017 2969 1187 3032 gentis
1208 2956 1475 3018 Volusium
1495 2968 1585 3018 S'a·

514 3042 799 3105 turninum,
839 3045 928 3108 qui
973 3046 1151 3109 consul
1197 3043 1314 3104 fuit,
1356 3044 1587 3106 genitum

516 3110 642 3183 post
663 3121 744 3168 62.
778 3119 996 3169 annum!
1061 3118 1192 3168 Ideo
1228 3110 1348 3167 hui'c
1388 3120 1590 3184 collega

518 3186 674 3242 datur
696 3195 832 3244 Pub.
856 3193 1054 3257 Scipio,
1092 3200 1150 3243 ut
1174 3201 1317 3242 esset
1349 3200 1458 3242 tum
1495 3196 1589 3245 du·

1667 2660 1836 2724 Calig.
1860 2663 1941 2708 17.
2008 2658 2289 2708 Nostrates
2329 2658 2514 2704 restent*
2542 2669 2749 2713 canieroe

1657 2737 1947 2799 appellant.

1731 2814 1850 2863 Qua
1869 2810 2115 2877 loquendi
2137 2809 2306 2861 forma
2328 2824 2451 2860 usus
2478 2809 2674 2859 Cicero
2697 2813 2751 2860 2.
2773 2874 2782 2881 ,

1664 2888 1733 2938 de
1753 2887 1900 2938 finib.
1966 2887 2144 2937 Vestis
2184 2901 2392 2952 quoque
2431 2886 2694 2935 coenato-iia
2719 2898 2754 2934 a

1663 2962 1961 3028 'Capitolino
1984 2970 2066 3013 est
2100 2963 2383 3027 appellata,
2407 2969 2463 3010 et
2502 2977 2533 3010 a
2567 2962 2754 3010 Dione

1666 3040 1719 3090 in
1745 3033 2035 3102 Hadriano,
2072 3045 2129 3087 et
2152 3037 2447 3101 Capitolino
2482 3037 2537 3086 in
2573 3037 2756 3086 Maxi-

1666 3116 1818 3166 minis
1841 3115 2060 3179 duobus,
2091 3129 2246 3180 quam
2270 3115 2412 3165 inter
2433 3114 2755 3165 coenandum

1665 3197 1950 3256 portamus.

1734 3270 1975 3331 Pinguem
1994 3271 2194 3317 vestem
2218 3272 2373 3317 vocat
2396 3265 2680 3316 Suetonius
2698 3266 2760 3315 in

1668 3345 1807 3410 Aug.
1831 3350 1913 3395 82.
1952 3343 2258 3408 hybernam,
2290 3334 2347 3394 et
2386 3344 2620 3393 arcendo
2661 3341 2762 3392 fri-

1671 3436 1784 3486 gon
1805 3421 2059 3470 idoneam
2090 3420 2362 3469 Tacitusl.
2385 3432 2558 3470 xvnr.
2580 3416 2761 3469 ‘Nam

1671 3497 1865 3546 Valens
1906 3496 2080 3545 servili
2105 3501 2272 3555 veste
2310 3495 2451 3560 apud
2494 3494 2766 3546 Decurio-

1672 3586 1790 3621 nem
1815 3572 2046 3636 equitum
2069 3571 2382 3634 tegebatur?

1744 3647 1921 3737 Togam
1947 3646 2298 3710 praesidiariam
2318 3652 2480 3697 vocat
2519 3642 2765 3713 Spania·
2796 3674 2800 3678 ·

1674 3741 1769 3776 nus
1800 3723 1853 3774 in
1877 3725 2089 3796 Severe,
2129 3739 2232 3790 qua
2262 3725 2498 3788 praesides
2535 3726 2769 3797 uteban-

1676 3810 1780 3852 tur.
1813 3800 2052 3864 Lupanus.
2750 3799 2762 3818 '

1695 3878 1700 3881 ’
1740 3886 1763 3911 ⁰
1797 3877 1868 3926 Et
1912 3892 1991 3926 ore
2023 3872 2295 3940 preferret]
2377 3876 2569 3927 Voluit
2614 3878 2766 3930 clare

517 3269 645 3332 plex
677 3269 978 3333 Scipionum
1003 3283 1187 3316 nomen
1215 3268 1268 3315 in
1301 3270 1589 3320 consulatu.

519 3422 660 3473 sules
703 3422 796 3470 sub
827 3422 1055 3485 Tiberio,
1079 3428 1134 3471 et
1175 3421 1303 3470 duos
1341 3421 1590 3474 Geminos

510 3497 679 3548 'etiam
704 3498 844 3547 Coss.
869 3496 1103 3559 ejusdem
1126 3497 1361 3547 nominis-

589 3570 613 3604 ὓ
654 3573 790 3622 Veste
809 3573 972 3622 servili
993 3573 1044 3622 in
1063 3575 1482 3625 dissimulationem
1513 3578 1590 3626 sui

519 3648 825 3712 compositus]
876 3648 952 3696 Ut
973 3647 1056 3696 hic
1079 3649 1292 3698 Tacitus
1308 3655 1477 3699 vestem
1493 3667 1592 3701 ser-

522 3792 800 3849 d'ectarum
834 3798 899 3848 de
937 3800 1158 3866 injuriis,
1197 3802 1470 3854 ancillarent
1508 3821 1595 3855 vo-

516 3881 633 3937 cat,
655 3883 808 3942 atque
840 3877 1176 3941 meretriciam,
1207 3893 1309 3945 qua
1340 3883 1482 3942 serti,
1511 3898 1596 3930 an-

522 3951 671 4013 cillae,
738 3952 1009 4002 meretrices
1069 3961 1360 4004 uterentur.
1457 3959 1596 4008 Nam

514 4022 841 4097 quandoque
888 4034 1054 4078 vestes
1102 4044 1290 4081 nomen
1334 4030 1599 4097 accipiunt

526 4100 597 4152 ab
632 4102 728 4165 his,
765 4103 855 4170 qui
892 4118 979 4153 eas
1012 4112 1237 4170 gestant.
1304 4106 1594 4172 Aliquando

502 4192 505 4195 ·
526 4190 658 4226 vero
679 4192 869 4229 nomen
890 4179 1083 4273 habent
1103 4197 1134 4233 a
1154 4182 1292 4248 loco,
1322 4182 1373 4232 iu
1397 4198 1499 4248 quo
1518 4184 1596 4234 his

527 4252 740 4306 utimur.

1675 3953 1936 4016 Tacitus,
1951 3955 2222 4017 excepisse
2269 3968 2387 4003 eum
2434 3946 2502 4003 ab
2561 3952 2770 4018 ignaris

1674 4028 1832 4092 ictus,
1856 4037 1910 4080 et
1931 4031 2051 4079 laesa
2073 4028 2206 4081 facie
2230 4031 2566 4094 praetulisse.
2621 4026 2771 4082 Plin.

1675 4108 1712 4156 l.
1737 4118 1880 4169 Axur.
1919 4105 1986 4154 de
2029 4105 2282 4168 Thapsia:
2340 4106 2532 4155 ‘Nero
2580 4106 2770 4156 Caesar

1673 4180 1970 4232 claritatem
2013 4181 2064 4228 ei
2118 4181 2273 4230 deditv
2320 4181 2474 4232 initio
2529 4183 2773 4246 imperii,

1676 4255 1942 4310 nocturnis
1997 4257 2428 4326 grassationibus,
2472 4261 2771 4312 converbe-
