3063 4952
496 358 669 432 153:ss

493 520 981 607 mancipiorum
1053 522 1426 600 remissum,

1138 351 1143 354 ’
1210 371 1276 424 o.
1322 368 1684 424 conuunn
1732 369 1987 422 'mci->m

2391 377 2484 446 [Α.
2503 378 2574 432 υ.
2598 365 2716 433 sn'.

1499 521 1730 604 specie
1776 521 2015 605 magis,
2061 526 2278 606 quam
2321 495 2458 589 *vir*
2485 524 2706 608 ²·qffia,

495 645 651 690 cum
682 623 975 691 venditor
1004 625 1288 710 pendere
1325 625 1694 710 juberetur,
1723 627 1793 690 in
1821 632 2078 711 partem
2106 626 2302 711 pretii
2343 628 2709 693 emtoribus

488 825 723 877 vicesimoe
754 828 920 894 partis
951 829 1105 892 pretii
1137 844 1393 889 servarunt,
1413 829 1494 894 qui
1525 833 1855 892 venderentur,
1890 829 2072 879 nomine
2102 829 2273 892 nug-ie,
2297 845 2436 893 quam
2455 843 2511 879 re
2524 844 2545 887 ,·

2575 827 2707 892 Μ

474 908 593 967 ⁴cum
616 894 677 958 is,
697 894 779 958 qui
799 894 1093 946 venundabat
1126 910 1349 960 servum,
1371 898 1544 947 solvere
1577 896 1630 946 id
1666 896 1889 961 vectigal
1920 901 2182 960 cogeretur,
2229 895 2511 946 tantundem
2557 910 2708 958 mage·

1491 1061 1712 1112 NOTAE

500 1202 840 1267 lnm‚censeo,
857 1203 1077 1269 amplius
1093 1219 1154 1255 eo
1175 1203 1313 1270 quod
1337 1217 1368 1251 e
1402 1203 1566 1252 servis

427 1290 430 1294 ’
476 1279 808 1345 libertisque.
881 1281 1015 1331 Rem
1037 1296 1152 1332 eam
1176 1283 1330 1346 paulo
1355 1281 1563 1331 uberius

491 1371 521 1405 a
558 1357 732 1420 capite
767 1357 888 1407 mihi
933 1359 1205 1424 tractanti,
1243 1364 1335 1446 aut
1372 1357 1564 1421 gratia,

492 1439 583 1483 aut
604 1434 760 1483 venia
775 1440 911 1484 esto.

540 1510 985 1576 Antiquissimum
1024 1511 1252 1576 vectigal
1315 1511 1565 1562 Vicesimae

488 1589 714 1652 reperio,
752 1603 869 1654 quae
894 1589 959 1638 ad
979 1585 1195 1639 libertos
1215 1606 1245 1649 3⁷
1265 1588 1564 1638 institutum

394 1720 411 1732 ο
490 1681 626 1717 mino
645 1667 800 1716 Urbis
825 1672 939 1717 397.
966 1669 1024 1718 C.
1049 1667 1275 1728 Marcio,
1293 1668 1392 1718 Cn.
1416 1667 1563 1716 Man·

492 1737 560 1793 lio
603 1745 748 1794 Coss.
789 1744 966 1794 Livius
1006 1744 1097 1794 lib.
1126 1757 1222 1795 vu.
1246 1745 1262 1772 ‘
1285 1741 1372 1793 Ab
1396 1744 1562 1792 altero

491 1820 720 1870 consule’
737 1819 862 1886 (Cn.
876 1819 1103 1882 Manlio)
1123 1821 1138 1848 ‘
1160 1820 1287 1869 nihil
1309 1832 1561 1868 memora-

486 1898 591 1947 bile
610 1903 833 1962 gestum,
852 1898 949 1946 nisi
968 1897 1105 1962 quod
1129 1898 1294 1960 legem
1315 1910 1448 1946 novo
1471 1912 1560 1945 ex-

486 1974 657 2038 emplo
679 1973 745 2023 ad
765 1973 993 2023 Sutrium
1017 1974 1069 2022 in
1094 1973 1276 2022 castris
1301 1972 1557 2035 tributim,

486 2051 554 2101 de
570 2049 817 2101 vicesima
836 2065 1012 2100 eorum
1031 2051 1120 2116 qui
1137 2050 1560 2100 manumitteren-

485 2137 591 2193 tur,
615 2130 775 2180 tulin·
824 2130 1033 2189 Patres,
1057 2128 1178 2193 quia
1204 2143 1264 2177 ea
1283 2128 1402 2192 lege
1420 2126 1556 2177 liaud

485 2215 700 2270 parvum
712 2207 934 2270 vectigal
953 2205 1096 2270 inopi
1117 2206 1299 2255 aerario
1320 2197 1558 2254 additum¹

485 2289 642 2349 esset,
655 2291 904 2333 ‘auctores
932 2282 1180 2334 fuerunt!

518 2371 523 2376 “
551 2362 629 2412 Ea
670 2362 891 2412 vicesima
935 2362 1140 2426 semp'er
1179 2361 1365 2411 exhinc
1408 2375 1555 2410 exer-

481 2442 605 2507 cita,
637 2440 704 2491 ad
743 2447 980 2507 tempora
1013 2440 1307 2506 principum
1345 2436 1583 2508 inferio-1

481 2532 612 2571 rum.
680 2515 868 2585 Itaque
899 2534 1001 2570 non
1034 2518 1334 2584 infrequens
1357 2530 1551 2606 memo·

481 2599 571 2648 rin
581 2598 631 2648 in
656 2596 820 2647 libris.
996 2606 999 2611 '

546 2675 628 2725 Ab
650 2674 747 2724 bac
767 2686 938 2724 aurum
967 2672 1313 2723 uicesimarium
1345 2671 1556 2734 derivo,

478 2752 616 2818 quod
663 2751 718 2801 in
764 2751 1021 2801 sanctiore
1061 2750 1276 2799 aerario:
1335 2749 1401 2797 de
1446 2763 1550 2813 quo

480 2829 656 2879 Livius
677 2829 769 2879 lib.
792 2843 974 2879 xxvn.
997 2828 1015 2857 ‘
1039 2827 1347 2879 Consulibus
1366 2841 1549 2876 aurum

477 2906 882 2975 vicesimarium,
900 2904 1037 2971 quod
1058 2906 1112 2954 in
1131 2903 1394 2953 sanctiore
1419 2918 1549 2953 aera·

479 2984 556 3032 rio
574 2982 647 3032 ad
657 2983 1036 3033 ultimos‘casus
1051 2986 1366 3045 servaretur,
1381 2981 1547 3046 promi

480 3061 713 3126 placuit!
778 3062 988 3127 Lipsius.

488 3158 495 3165 ·
551 3140 770 3203 Vectigal
800 3144 976 3205 quoque
999 3140 1175 3204 quintoe
1206 3145 1253 3190 et
1275 3137 1549 3204 m‘ces‘t'mae]

476 3220 559 3270 Ex
604 3217 982 3282 mancipiorum
1020 3216 1248 3266 emtione
1294 3217 1450 3266 unum
1489 3215 1546 3263 in

475 3296 684 3359 singula
736 3298 871 3344 xxv.
941 3292 1239 3345 solvebatur
1307 3293 1541 3358 populo:

476 3375 611 3440 quod
646 3375 955 3424 translatum
988 3374 1040 3423 in
1077 3372 1422 3435 venditorem,
1455 3373 1546 3421 ha-'

476 3453 591 3503 buit
639 3452 868 3517 speciem
906 3460 1149 3516 tanquam
1187 3450 1231 3500 si
1274 3450 1542 3501 remissum

472 3536 632 3579 esset.
698 3528 802 3578 Sed
847 3542 963 3577 cum
1010 3528 1306 3578 venditores
1368 3527 1541 3576 carius

472 3600 822 3667 licitare'ntur,
845 3605 899 3653 in
939 3609 1137 3655 emtore
1159 3603 1384 3667 vectigal
1417 3618 1539 3652 con·

470 3681 721 3731 sistebat:
758 3688 874 3731 erat
893 3681 1028 3732 enim
1050 3697 1168 3746 pars
1193 3681 1369 3746 pretii.
1424 3679 1544 3730 Fer-

468 3763 638 3809 renus.

539 3836 735 3892 Quinta·
768 3839 816 3885 et
856 3836 1111 3900 vicesimae]
1158 3834 1356 3886 Nostro
1394 3849 1537 3884 more

468 3918 671 3978 quatuor
685 3929 772 3978 pro
793 3919 995 3964 centum.
1482 3908 1485 3913 ⁴

540 3990 807 4057 Vicesimae]
848 3986 1102 4042 Ad‘hanc
1137 3986 1433 4040 vicesimam
1459 3984 1533 4039 fa·

468 4068 776 4119 cit-Arriani
810 4070 970 4121 locus
996 4070 1278 4119 Dissertat.
1303 4062 1534 4132 Epicteti

467 4161 586 4210 cap.
605 4150 687 4196 26.
709 4147 930 4195 ‘Servus
954 4146 1132 4196 statim
1156 4152 1306 4209 optat
1341 4144 1533 4195 dimitti

464 4223 630 4271 liber:
683 4237 842 4288 quare
878 4219 961 4270 id?
1005 4237 1072 4271 an
1113 4216 1232 4286 quia
1271 4212 1531 4272 vicesimae

466 4298 795 4350 exactoribus
858 4296 994 4350 vult
1012 4291 1183 4350 dere
1202 4298 1480 4365 pecuniam
1504 4299 1533 4347 ἢ

1648 1202 1767 1253 Non
1790 1217 1803 1251 ι
1841 1201 1929 1252 sed
1956 1201 2075 1267 quia
2099 1200 2379 1265 opinatur,'
2402 1204 2503 1251 ἀρ.

1709 1281 1854 1331 Idem
1893 1280 2144 1330 Arrianus
2187 1294 2251 1329 ιι.
2291 1283 2337 1330 1.
2382 1279 2555 1329 ‘Cum
2606 1276 2724 1343 quis

1644 1373 1848 1409 servum
1889 1374 2035 1408 suum
2076 1357 2300 1408 verterit
2343 1356 2482 1421 apud
2528 1361 2726 1419 praeto·

1641 1451 1769 1499 rem,
1792 1436 1992 1485 nihilne
2018 1434 2175 1485 fecit?
2213 1433 2361 1486 Quid
2383 1432 2574 1498 egit?
2585 1433 2721 1483 Vei·-

1645 1514 1709 1563 tit
1749 1528 1893 1562 suum
1939 1525 2162 1562 servum.
2248 1512 2387 1562 Num
2435 1509 2562 1575 quid
2599 1523 2717 1560 am-

1645 1590 1814 1655 plius?
1878 1590 2062 1639 Certe:
2110 1594 2165 1638 et
2203 1585 2493 1637 vicesimam
2535 1584 2719 1651 ipsius’

1644 1665 1849 1733 (pretii)
1867 1668 1882 1695 ‘
1905 1664 2101 1715 debet.'
2757 1670 2762 1674 ’

1709 1744 1896 1795 Cicero
1938 1743 2025 1793 lib.
2049 1757 2112 1793 ιι.
2152 1742 2215 1791 ad
2241 1740 2407 1792 Attin.
2435 1741 2605 1816 Epist.
2633 1743 2718 1791 16.

1643 1822 1659 1850 ‘
1682 1821 1948 1871 Portoriis
1972 1821 2144 1870 Italiae
2168 1818 2405 1884 sublatis,
2438 1819 2578 1885 quod
2598 1833 2719 1869 vec-

1643 1899 1770 1962 tigal
1826 1903 2065 1963 superest
2122 1896 2463 1947 domesticum
2519 1895 2719 1972 praeter‘·

1640 1975 1992 2025 vicesimam?'
2047 1974 2191 2025 *Haec
2217 1973 2281 2023 de
2304 1973 2645 2031 manumissis.
2701 1991 2708 1998 ⁴

1702 2052 1779 2103 At
1802 2053 1868 2103 de
1890 2055 2048 2103 servis
2083 2061 2372 2117 receptum,
2403 2059 2465 2102 ut
2508 2047 2716 2117 quoties

1638 2132 1894 2195 venirent,
1933 2132 2157 2196 vectigal
2182 2146 2277 2196 pro
2299 2132 2367 2182 iis
2399 2136 2568 2180 emtor
2591 2125 2718 2195 peu‘-

1638 2209 1811 2259 deret.
1878 2209 1941 2259 Id
1966 2209 2176 2259 Tacitus
2199 2208 2276 2258 ait
2310 2208 2471 2258 fuisse
2496 2207 2717 2273 quintam

1636 2290 1684 2336 et
1724 2285 2008 2349 vicesimum,
2050 2286 2203 2335 modo
2251 2285 2409 2336 lectio
2456 2299 2517 2335 ea
2564 2287 2716 2335 certa

1638 2364 1722 2415 sit.
1810 2364 1987 2414 Possit
2032 2364 2169 2413 enim
2217 2359 2427 2426 ambigi,
2466 2359 2714 2427 quoniam

1638 2442 1702 2493 de
1721 2443 1815 2495 liae
1836 2443 2065 2507 vigesima
2079 2442 2244 2507 quinta
2259 2441 2382 2493 nihil
2405 2435 2525 2492 alibi
2543 2439 2712 2519 scrip·
2691 2455 2730 2479 ··‘

1633 2528 1758 2573 tum.

1694 2600 1860 2650 Immo
1895 2604 2080 2650 contra
2113 2597 2376 2664 reperitur
2409 2588 2710 2661 scriptum}

1628 2677 1940 2753 Augustum,
1978 2691 2093 2727 cum
2140 2675 2366 2740 pecunia
2404 2674 2469 2725 ad
2509 2668 2710 2725 bennui

1633 2762 1687 2806 et
1740 2750 2019 2806 nocturnos
2059 2750 2244 2817 vigiles
2284 2754 2414 2817 opu's
2470 2753 2730 2837 haberet,

1632 2832 1918 2882 instituisse
1963 2830 2397 2896 quinquagesimam
2444 2821 2709 2880 venalium*

1629 2908 2014 2973 mancipiorum.
2056 2908 2160 2958 Dio
2183 2908 2275 2958 lib.
2306 2922 2393 2958 nv.
2422 2907 2487 2956 ad
2514 2894 2707 2956 annuui

1628 2991 1739 3036 760.
1774 2985 2095 3036 ‘Tributum
2148 2976 2592 3050 quinquagesimae
2650 2984 2716 3033 iu'

1628 3062 1921 3113 venditione
1944 3062 2319 3126 mancipiorum
2341 3054 2702 3111 introduxit?

1691 3142 1762 3190 Et
1804 3147 1947 3190 certe
1970 3140 2049 3189 uti
2073 3140 2326 3189 centesima
2348 3132 2447 3186 fuit
2480 3130 2712 3191 aliarum

1626 3230 1798 3268 rerum
1831 3219 2086 3280 venalium,
2124 3219 2198 3268 ita
2223 3214 2294 3268 'et
2314 3206 2722 3283 quinquagesimu-

1624 3297 1979 3362 mancipiorum.
2044 3297 2150 3347 Sed
2191 3311 2309 3346 mox
2351 3290 2404 3344 id
2437 3294 2705 3365 immutari

1627 3380 1681 3425 et
1706 3374 1985 3439 temperari
2009 3374 2182 3438 potuit
2220 3372 2315 3441 sub
2357 3354 2701 3445 sequentibus

1626 3448 1967 3516 principibus,
2000 3449 2073 3500 ita
2110 3456 2176 3499 ut
2202 3463 2232 3498 a
2266 3444 2730 3514 quinquagesima'

1622 3527 1687 3578 ad
1716 3528 2009 3577 vicesimam
2034 3526 2263 3592 quintam
2289 3539 2371 3574 res
2405 3524 2632 3574 veniret.

1669 3612 1711 3637 ¹¹
1742 3605 1908 3669 Specie
1940 3605 2111 3667 magis,
2132 3618 2272 3668 quam
2311 3601 2384 3666 vi]
2424 3601 2579 3667 Saepe
2617 3591 2718 3679 sid?

1619 3683 1783 3732 multa
1797 3683 2065 3746 jactantur
2086 3682 2140 3730 in
2163 3680 2363 3744 vulgus,
2385 3692 2502 3746 quae
2527 3672 2700 3745 primu
2723 3669 2728 3675 ’

1619 3757 1796 3811 fronte
1812 3757 2041 3823 speciem
2061 3757 2347 3822 ingentem,
2359 3750 2503 3821 velut
2522 3759 2697 3808 ostent

1620 3838 1716 3901 tui,
1738 3836 2045 3902 praeferunt,
2067 3851 2181 3901 quae
2217 3828 2392 3907 statim
2417 3836 2600 3885 multo
2606 3828 2699 3886 ru*

1615 3930 1757 3985 more
1783 3920 1839 3964 et
1869 3913 2040 3978 gratia
2074 3911 2242 3979 plebis
2282 3904 2614 3981 differuntur,
2632 3900 2727 4005 et<

1558 3993 1573 4005 ³
1615 4006 1732 4058 quoe
1770 3998 1943 4042 tamen
1968 4005 2088 4041 mox
2113 4000 2169 4040 re
2209 3989 2394 4038 inania
2401 3996 2480 4039 et
2493 3948 2698 4041 infrnc-
2724 3999 2730 4004 ’

1616 4076 1766 4121 tuosa
1800 4076 1938 4119 sunt.
2004 4068 2167 4118 Plebs
2202 4067 2269 4117 ad
2308 4074 2516 4139 tempus
2549 4057 2698 4120 vauri
2737 4072 2741 4079 ’

1615 4161 1710 4210 spe
1752 4147 2004 4196 lactatur:
2042 4137 2156 4194 baec
2188 4142 2359 4193 initiis
2384 4144 2544 4207 acria,
2590 4145 2690 4201 sed
2715 4207 2734 4219 ἱ

1614 4238 1729 4288 quae
1767 4223 1943 4274 statim
1967 4220 2153 4319 irrita,
2173 4226 2253 4297 ‘et
2283 4213 2474 4314 inania
2498 4222 2696 4315 van'esss

1613 4306 1758 4363 cum»
1964 4312 1974 4317 ’
