3063 4952
514 411 689 493 iseo

1224 433 1292 488 c:
1340 427 1705 487 'confinem
1754 430 2015 486 ’mern

2400 435 2493 506 [A.
2512 432 2585 496 U.
2609 436 2751 498 sis..

518 587 736 673 pretio
783 583 951 651 nihil
995 584 1291 651 additum
1338 590 1464 663 est,
1516 584 1826 668 quamvis
1874 582 2193 648 ducentas
2239 583 2442 650 ferme
2492 600 2720 667 πανὸς,

514 695 709 775 portu
738 691 806 754 in
832 689 1009 773 ipso,
1040 689 1363 754 violentia
1392 689 1831 772 tempestatiS,
1856 692 1924 752 et
1947 692 2208 751 centum
2245 689 2437 766 aliaS,
2470 689 2725 755 Tiberi³

516 794 898 870 subvectas,
926 793 1235 857 fortuitus
1261 793 1438 876 ignis
1467 788 1962 856 absumsisset.⁴
2043 790 2212 854 Tres
2260 791 2410 856 dein
2467 793 2727 858 Consu-

499 896 746 973 -lares‚·¹
773 895 854 960 L.
871 895 1206 973 Pisonem,
1239 895 1665 959 Ducennium
1687 893 2066 972 Geminum,
2090 894 2488 977 Pompeium
2518 895 2729 959 Paul-

511 997 719 1061 linum
776 997 1215 1080 vectigalibus
1266 998 1560 1081 publicis
1620 991 2011 1082 praeposuit,
2072 1008 2224 1061 cum
2278 999 2723 1063 insectatione

512 1101 804 1184 priorum
833 1099 1281 1185 Principum:
1306 1096 1326 1135 '‘
1357 1104 1471 1186 qui
1501 1102 1824 1185 gravitate
1863 1094 2194 1166 sumtuum
2206 1100 2440 1185 justos
2471 1101 2729 1164 reditus

513 1266 945 1380 groceuarnmsere
963 1270 1161 1317 ducenta
1183 1268 1379 1330 navigia
1402 1269 1576 1332 inipso
1597 1272 1737 1332 portu
1767 1266 2145 1328 submersisset,
2166 1273 2214 1315 et
2236 1272 2419 1318 ceritum
2440 1267 2541 1315 alia
2568 1265 2739 1316 Tiberi

557 1332 726 1382 umine
748 1334 925 1394 delata,
939 1332 1203 1393 fortuitum
1223 1334 1486 1382 incendium
1520 1335 1744 1382 vorasset.
1798 1334 1936 1383 .Mox
1959 1333 2157 1381 tributis
2174 1332 2377 1395 publicis
2394 1331 2614 1395 proefecit
2635 1336 2739 1379 tres

516 1395 656 1446 viros
691 1400 969 1461 consulares,
1005 1398 1065 1446 L.
1106 1399 1341 1459 Pisonem,
1364 1399 1666 1448 Due-ennium
1701 1398 1974 1459 Geminum,
2013 1397 2290 1461 Pompeium
2328 1397 2605 1458 Paulinum,
2642 1410 2742 1445 noa

517 1461 618 1512 sine
635 1463 914 1513 contumelia
934 1462 1226 1527 superiorum
1250 1466 1512 1527 Caesarum,
1552 1470 1605 1513 ut
1630 1463 1718 1528 qui
1755 1462 2062 1513 enormitate
2096 1463 2345 1527 impensae
2365 1462 2631 1526 legitimos
2655 1475 2743 1511 re·

1440 1598 1646 1618 “600“
1651 1598 1763 1617 Oete
1771 1598 1797 1616 O
1896 1606 1899 1609 ·

519 1681 761 1731 volebant
784 1680 953 1729 Faber
989 1687 1046 1730 et
1087 1681 1353 1732 Heinsius,
1418 1682 1625 1747 Lipsius
1657 1682 1851 1732 frhstra
1886 1683 2138 1745 obtrudit,
2158 1680 2470 1731 sistentaret!
2517 1680 2741 1731 Scribe:

519 1748 589 1795 sic
609 1751 895 1795 ostentaret.-
931 1760 1046 1794 nam
1068 1753 1331 1797 stastentare
1351 1748 1607 1806 aliennm;
1636 1750 1887 1798 sistentur-e
1908 1749 2122 1798 verbum
2155 1748 2317 1797 nihili.
2353 1747 2564 1799 Gronov.
2632 1746 2744 1796 Sed

519 1811 577 1859 τὸ
596 1811 665 1859 sic
684 1809 862 1873 friget,
885 1818 940 1859 et
963 1810 1097 1860 inest
1128 1812 1240 1875 jam
1263 1812 1317 1861 in
1338 1829 1444 1876 quo.
1511 1814 1697 1877 Itaque
1735 1814 1911 1863 malim
1951 1814 2258 1877 simpliciter
2292 1817 2573 1873 ostentaret,
2613 1818 2675 1860 ut
2714 1825 2747 1861 e

518 1868 625 1925 Ms.
659 1874 786 1937 Agr.
812 1874 959 1925 dedit
982 1875 1234 1940 Ryckius,
1252 1884 1307 1926 et
1332 1878 1544 1928 volebat
1565 1878 1828 1928 Heinsius.
1869 1880 2063 1929 Emest.
2116 1879 2254 1943 Lips.
2278 1879 2395 1927 olim
2421 1875 2747 1939 conjiciebat

524 1956 624 1990 suae
647 1944 919 1989 ostentaret.
953 1942 1071 2003 Bip.
1092 1940 1150 1989 τὸ
1170 1947 1454 1992 sustentaret
1492 1951 1760 2006 exponunt
1800 1959 1895 2007 per
1927 1942 2155 1993 fulciret.
2190 1944 2323 1992 Lall.
2361 1943 2565 2005 recepit
2587 1946 2747 1990 osten-

523 2010 669 2066 taret,
688 2004 824 2069 quod
848 2008 902 2053 et
923 2006 1045 2053 mihi
1068 2008 1218 2056 unice
1241 2008 1432 2070 placet.
1471 2008 1783 2057 Uberum—3
1821 2009 1988 2059 Codd.
2030 2010 2169 2058 Flor.
2204 2015 2260 2057 et
2286 2008 2466 2057 Meus:
2508 2006 2747 2056 Tiberim.

523 2068 866 2133 Ryckius.-4
900 2071 1190 2121 assumsisset
1212 2072 1539 2123 Budens.—-5
1575 2074 1819 2123 auxissent
1839 2075 2053 2139 Bipont.
2076 2074 2311 2123 mallent.

1449 2255 1454 2261 -
1515 2214 1737 2272 NOTAE

521 2313 759 2378 poenitet.
793 2315 938 2366 Libri
973 2331 1168 2381 omnes,
1188 2321 1488 2367 sustentaret.
1522 2317 1587 2366 P.

523 2389 713 2454 Faber,
736 2397 1015 2444 ostentaret.
1080 2394 1328 2458 Suspicor
1361 2394 1588 2459 antiquis

522 2475 824 2533 usurpatum
872 2470 1140 2535 sistentare,
1184 2487 1277 2536 pro
1320 2478 1589 2533 ostentare,-

522 2552 826 2608 argumento
846 2547 1003 2597 etiam
1024 2547 1256 2598 Plautini
1268 2563 1447 2599 versus
1474 2551 1489 2579 ‘
1510 2551 1587 2599 Tu

520 2635 647 2671 vero
687 2623 948 2673 Clurinum
989 2639 1151 2688 pecus
1178 2625 1452 2677 Advenisti
1486 2628 1588 2677 huc

522 2697 854 2750 sistentatum
895 2716 1012 2751 cum
1055 2703 1320 2752 exornatis
1355 2703 1588 2754 ossibus!

520 2774 609 2824 Sic
632 2776 768 2826 enim
793 2776 895 2826 duo
912 2779 1254 2843 manuscripti
1273 2778 1324 2827 in
1342 2781 1587 2830 vatican.

526 2852 735 2915 tertius,
776 2859 1109 2906 sustentatum.
1199 2858 1271 2906 Et
1312 2858 1365 2906 in
1403 2858 1590 2907 eodem

523 2929 684 2994 poeta
721 2931 864 2995 alibi,
898 2937 1212 2996 extentatam,
1244 2936 1465 2998 reperio.
1533 2935 1589 2984 Si

524 3005 640 3070 quis
679 3013 850 3057 tamen
884 3014 1167 3059 sustentaret
1207 3018 1401 3075 servat,
1424 3013 1597 3076 possit

519 3084 872 3149 interpretari,
883 3093 1224 3138 sustentatam
1236 3098 1598 3155 ser-vatemque

524 3175 588 3210 ea
622 3161 820 3213 ratione
865 3165 1031 3228 ipsam
1082 3166 1379 3228 opinionem
1429 3167 1597 3231 copiae

525 3237 898 3304 frumentariae,
923 3258 1037 3292 cum
1077 3251 1133 3292 et
1171 3244 1224 3292 in
1249 3244 1484 3293 Tiberim
1507 3245 1596 3294 ab·

514 3314 710 3379 jieeret
728 3317 917 3367 leviter
940 3319 1261 3384 corruptum.
1328 3320 1539 3384 Lipsius.
1572 3361 1584 3372 .

590 3391 805 3442 Annam
826 3395 1136 3459 sustentaret]
1169 3397 1351 3461 Injicit
1380 3413 1594 3461 scrupu-

526 3467 631 3516 lum
657 3469 983 3521 doctissimus
1007 3472 1102 3533 vir,
1120 3473 1243 3521 dum
1262 3473 1409 3536 dicit,
1433 3475 1595 3535 Nero,

517 3543 665 3607 jacto
687 3544 740 3592 in
761 3546 987 3595 Tiberim
1005 3547 1288 3612 frumento,
1305 3550 1490 3600 minuit
1506 3567 1596 3614 po·

529 3619 648 3684 tius,
670 3635 821 3686 quam
858 3629 1119 3673 sustentat
1152 3631 1367 3676 annonoe
1405 3628 1595 3676 securi-

531 3701 720 3745 tatem:
757 3698 850 3747 sed
885 3700 939 3747 id
975 3701 1230 3764 ejusmodi
1257 3702 1498 3765 nonfuit,
1534 3711 1594 3754 ut

529 3773 853 3837 opprimeret
874 3776 926 3823 in
966 3776 1184 3827 articulo
1221 3780 1352 3843 ipso.
1419 3781 1597 3843 Popu-

528 3847 609 3896 lus
632 3849 888 3914 talijaetu
914 3852 1130 3915 conjicit
1158 3855 1352 3906 habere
1374 3857 1595 3921 impera-

532 3931 718 3988 torem,
741 3927 874 3975 unde
897 3929 1086 3991 largius
1110 3931 1275 3979 aleret
1301 3932 1594 3983 civitatem:

419 4009 432 4014 “
529 4005 644 4069 quis
689 4007 827 4055 enim
871 4007 998 4055 alias
1043 4009 1291 4072 abjiceret
1334 4026 1446 4060 eam
1489 4010 1596 4060 fru-

530 4081 694 4132 menti
713 4082 837 4144 vim,
853 4085 1090 4147 quamvis
1114 4088 1444 4149 corruptam?

598 4157 737 4208 Hinc
771 4168 939 4209 ortum
980 4169 1062 4211 est
1099 4162 1441 4212 Romanorum
1470 4170 1600 4212 stra-

533 4238 741 4297 tegema
765 4236 997 4286 Frontin.
1021 4245 1236 4303 strateg.
1257 4253 1346 4289 m.
1367 4245 1447 4290 15.
1465 4240 1481 4267 ‘
1496 4241 1601 4288 Ro-

533 4310 671 4360 mani
711 4324 832 4362 cum
867 4327 899 4363 a
931 4312 1097 4365 Gallis
1129 4315 1443 4381 Capitolium
1464 4315 1603 4366 obsi-

1669 2317 1906 2379 deretur,
1924 2317 1975 2367 in
1996 2324 2233 2367 extrema
2256 2316 2370 2381 jam
2390 2315 2530 2366 fame
2556 2316 2749 2380 panem

1670 2395 1721 2443 in
1779 2395 1987 2444 hostem
2041 2395 2394 2459 jactaverunt,
2452 2395 2751 2460 consecuti,

1669 2478 1728 2520 ut
1771 2470 2038 2522 abundare
2080 2471 2458 2522 commeatibus
2506 2471 2750 2523 videren-

1670 2552 1789 2598 tur.’
1859 2549 2001 2599 Hinc
2024 2548 2371 2599 obsidentium
2396 2538 2520 2598 vota
2540 2563 2750 2600 moran-

1669 2631 1755 2675 tur
1768 2624 1982 2677 obsessi.
2007 2626 2141 2677 Caes.
2158 2626 2293 2676 Bell.
2314 2627 2427 2677 Civ.
2447 2628 2480 2675 1.
2495 2640 2584 2678 ur.
2606 2629 2621 2654 ‘
2637 2628 2752 2677 vul-

1670 2721 1735 2770 go
1777 2706 1830 2755 in
1877 2721 1965 2755 eos
1993 2705 2281 2771 jaciebant,
2304 2711 2363 2754 ut
2387 2719 2533 2768 spem
2565 2720 2748 2755 eornm

1667 2782 1994 2832 minuerent!
2030 2782 2313 2832 Salium-ius.

1734 2866 1759 2891 ¹²
1794 2861 2097 2924 Consulares]
2131 2859 2286 2910 Quod
2316 2871 2503 2907 novum
2528 2864 2584 2907 et
2606 2857 2754 2908 inau-

1675 2935 1839 2986 ditum
1862 2937 2140 2986 hactenus:
2193 2935 2281 2985 sed
2322 2935 2440 2998 ejus
2472 2934 2751 2997 dignitatis

1674 3014 1795 3076 viri,
1826 3013 1971 3078 qnasi
2009 3013 2237 3062 melioris
2269 3010 2395 3060 fidei
2431 3017 2593 3075 atque
2616 3010 2755 3059 inte*-

1677 3091 1902 3154 gruans,
1945 3089 2287 3152 vectigalibus
2332 3087 2565 3151 impositi
2607 3090 2754 3147 sunt,

1678 3166 2013 3231 abdicatique
2054 3165 2259 3228 equites
2293 3165 2442 3214 Rom.
2483 3163 2574 3226 qui
2613 3163 2752 3212 tales

1678 3243 1959 3294 societates
1980 3242 2102 3292 olim
2127 3240 2582 3302 administrabant,
2605 3254 2753 3302 para-

1674 3318 1906 3383 bantque
1945 3319 2070 3382 opes
2096 3318 2391 3378 immensas,
2425 3317 2564 3364 unde
2597 3318 2752 3380 splen-

1673 3396 1779 3445 didi
1802 3402 1859 3445 et
1880 3396 2091 3445 illustres
2121 3400 2289 3456 erant,
2326 3393 2752 3458 appellabantur-

1675 3485 1775 3536 que
1819 3478 1930 3522 toto
1962 3473 2086 3523 orbe
2122 3473 2403 3531 Roman03·
2436 3470 2753 3535 plebemque

1676 3557 1732 3599 et
1768 3550 1932 3599 socios
1969 3550 2117 3599 nimis
2160 3548 2483 3613 premebant,
2511 3562 2653 3612 saepe
2676 3555 2755 3596 at-·

1676 3626 1942 3677 terebant.

1739 3711 1762 3736 v
1790 3704 2014 3753 Priorum
2037 3702 2339 3766 Principum]
2364 3703 2484 3752 Non
2504 3701 2755 3767 Augusti,

1675 3788 1768 3830 ant
1804 3781 2016 3844 Tiberii,
2049 3781 2138 3829 sed
2165 3780 2415 3844 Caligulae
2437 3789 2494 3828 et
2518 3779 2752 3829 Claudii.

1674 3858 1822 3906 Suet.
1863 3859 1973 3907 Cal.
2016 3860 2098 3905 40.
2130 3855 2145 3883 ⁴
2168 3856 2467 3919 Vectigalia
2502 3867 2644 3905 nova
2680 3863 2755 3905 at-

1677 3949 1779 3999 que
1801 3934 2039 3984 inaudita
2070 3935 2290 3998 primum
2316 3948 2409 3997 per
2425 3933 2753 3996 publicanos,

1677 4010 1891 4076 deinde,
1913 4012 2037 4075 quia
2058 4011 2256 4060 lucrum
2277 4011 2621 4072 exuberabat,
2658 4023 2754 4073 per

1677 4089 2006 4135 centuriones
2029 4088 2367 4151 tribunosque
2389 4093 2446 4134 et
2485 4086 2755 4150 praetoria⁴

1676 4176 1769 4212 nos
1792 4164 2043 4226 exercuit,
2069 4164 2210 4212 nullo
2246 4178 2419 4212 rerum
2459 4169 2555 4213 aut
2592 4162 2753 4212 bomi-

1679 4254 1804 4289 num
1838 4254 2030 4306 genere
2067 4242 2271 4304 omisso,
2298 4241 2385 4289 cui
2418 4253 2524 4290 non
2555 4238 2750 4305 aliquid

1681 4315 1869 4369 tributi
1907 4317 2238 4384 imponeret.’
2315 4318 2569 4370 Claudius
2612 4316 2748 4368 arbi·
