3063 4952
252 418 260 427 ,
349 391 403 444 J.
425 385 488 438 C.
504 380 623 450 62.)

2396 362 2571 429 1739

351 527 614 614 praeda⁶
643 532 709 592 et
738 527 1039 591 aliorumc
1069 534 1356 606 segnes,⁷
1383 526 1720 608 petebant.
1792 524 1887 588 At
1918 522 2338 607 septuaginta
2363 526 2572 590 millia

350 637 630 703 civium‘¹
676 641 744 700 et
792 635 1147 710 sociorum,
1205 633 1292 695 iis
1337 651 1494 715 quae
1557 633 1916 696 memoravi
1967 633 2160 713 lociS‚
2220 630 2568 699 cecidisse⁸

350 740 679 804 constitit.
790 737 1031 820 Neque
1090 736 1262 799 enim
1320 754 1585 818 capere,
1640 742 1754 799 aut
1812 737 2241 814 venundare‚⁹
2300 735 2568 801 aliudve

348 841 538 925 quod
561 844 722 906 belli
755 841 1246 917 commercium,
1272 839 1391 902 sed
1425 839 1670 916 caedeS,
1695 840 2021 923 patibula,
2046 841 2256 923 ignes,
2289 844 2571 915 cruces,e

347 950 670 1028 tanquam
696 943 1068 1021 reddituri¹0
1093 937 1550 1026 supplicium}
1591 961 1671 1005 ac
1727 947 2107 1026 praerepta¹¹
2159 943 2420 1007 interim
2469 940 2569 1006 ul-

349 1049 557 1125 tione,
595 1049 1014 1112 festinabant.

1048 378 1257 427 ANNA
1272 378 1461 427 LIUM
1510 378 1658 426 mn.
1717 378 1882 427 xlv.

354 1195 660 1260 compertum
682 1203 768 1262 est,
788 1197 982 1261 periisse
1002 1196 1053 1245 in
1076 1195 1139 1243 iis
1160 1211 1263 1258 quoe
1280 1194 1387 1245 dixi
1417 1195 1622 1259 oppidis,
1662 1197 1963 1258 septuaginta
1972 1196 2130 1256 ferme
2158 1196 2309 1245 millia
2326 1196 2498 1245 civium
2520 1202 2574 1246 et

350 1263 680 1313 auxiliarium
749 1264 934 1326 Quippe
953 1278 1036 1310 nec
1053 1263 1265 1324 captivos
1280 1261 1483 1323 trahae,
1514 1267 1599 1310 aut
1635 1265 1851 1324 vendere,
1879 1268 1964 1310 aid
1984 1265 2105 1325 qaod
2142 1262 2274 1311 aliud
2304 1262 2413 1311 belli
2447 1277 2569 1311 com·

352 1328 580 1377 merciam
614 1333 927 1391 usurpavere
964 1327 1191 1386 barbari,
1226 1329 1306 1376 aed
1330 1327 1645 1404 properabant
1682 1342 1831 1388 neces,
1870 1343 2045 1387 cruces,
2067 1326 2308 1391 flammas,
2336 1328 2571 1389 patibula,

354 1408 491 1507 gig-ast
528 1394 728 1444 inanem
744 1409 909 1458 peenas
929 1361 1208 1455 exsolantur-i,
1230 1397 1277 1440 et
1301 1392 1441 1441 velut
1481 1391 1673 1440 interim
1696 1363 1954 1442 vindictam
1969 1393 2304 1457 proevenirent,
2325 1406 2569 1457 propera-

1282 1551 1640 1572 OOOOOOOOOOOO

357 1637 483 1689 Mss.
500 1639 649 1688 Flor.
675 1640 826 1690 Corb.
852 1641 1011 1690 editio
1035 1640 1276 1704 princeps
1301 1644 1355 1688 et
1377 1639 1714 1689 recentiores.
1783 1641 1846 1688 In
1869 1639 2000 1689 Mss.
2038 1637 2186 1688 Harl.
2208 1637 2360 1688 Bodl.
2384 1643 2440 1687 et
2463 1637 2568 1687 Pu-

357 1704 613 1768 teolanus,
655 1705 916 1765 deferentes
954 1707 1005 1754 in
1044 1711 1200 1754 tutum
1236 1705 1338 1754 loeti
1371 1707 1572 1767 praedas.
1611 1704 1836 1754 Brotier.
1903 1704 2114 1753 Amicus
2152 1703 2290 1768 apud
2313 1702 2569 1767 Ryckium

351 1772 548 1832 proedoe.
554 1775 647 1819 -7
690 1771 777 1819 Sic
819 1771 1017 1834 optime
1056 1770 1222 1819 adhuc
1267 1770 1553 1819 Mercerus.
1623 1771 1836 1820 Frustra
1875 1770 2099 1834 Lipsius,
2141 1769 2348 1818 laborum
2384 1782 2570 1829 segnes.

355 1834 557 1883 Vitiose
581 1835 631 1883 in
656 1836 784 1884 Mss.
806 1847 857 1885 et
883 1836 1197 1885 editionibus
1222 1835 1500 1895 veterib11S‚
1518 1836 1716 1885 aliorum
1741 1837 1964 1897 insignes.
2027 1835 2198 1884 Tacit
2218 1833 2354 1883 infra
2377 1832 2568 1882 Annal.

356 1910 470 1949 xvr.
498 1904 578 1949 14.
630 1901 645 1926 ‘
672 1902 997 1950 occasionum
1020 1916 1118 1950 non
1142 1898 1346 1963 segnis!
1432 1901 1644 1949 Brotier.
1647 1905 1744 1949 -8
1783 1902 1867 1950 Ita
1910 1900 2039 1949 Mss.
2065 1901 2201 1949 Flor.
2241 1899 2389 1948 Harl.
2416 1898 2569 1947 Bodl.

351 1963 460 2014 Jes.
501 1964 681 2015 Guelf.
721 1966 877 2016 Corb.
919 1966 1077 2016 editio
1116 1967 1359 2029 princeps
1399 1973 1456 2014 et
1486 1967 1823 2015 recentiores.
1890 1967 2234 2025 puteolanae,
2261 1965 2571 2014 occidisse.-

350 2031 382 2076 9
417 2030 696 2079 Brotierus
727 2046 841 2079 cum
870 2032 1095 2080 Homero
1117 2033 1413 2080 venumdare.
1419 2036 1552 2079 -10
1586 2032 1801 2080 Frustra
1829 2032 2056 2095 Lipsius,
2075 2031 2351 2080 reddituris.
2414 2029 2571 2078 Hein-

351 2094 752 2157 sius‚redditum.
818 2092 1099 2155 Eleganter
1136 2097 1351 2158 dictum,
1382 2097 1635 2145 reddituri.
1692 2097 1917 2146 Brotier.
1920 2100 2046 2145 —11
2083 2097 2146 2145 Iu
2190 2096 2289 2145 Ms.
2312 2095 2421 2146 Jes.
2446 2108 2568 2156 prce·

348 2162 505 2223 cepta,
547 2168 606 2208 ut
644 2161 857 2211 volebat
893 2162 1158 2211 Heinsius.
1227 2162 1290 2209 In
1333 2161 1434 2209 Ms.
1477 2161 1636 2211 Corb.
1659 2166 1913 2224 pheteia-ta
1978 2161 2040 2208 Io
2076 2161 2181 2210 Ms.
2206 2160 2381 2210 Vatic.
2418 2162 2565 2210 1864.

344 2229 598 2285 proelenta.
665 2227 947 2290 Vulgarum
990 2228 1106 2276 loco
1147 2227 1316 2290 aptius
1364 2225 1589 2276 videtur.
1648 2227 1800 2276 Idem.
1876 2225 2088 2289 Bipont.
2129 2224 2419 2289 conjiciunt
2463 2225 2567 2286 legs

343 2288 523 2351 promti
545 2291 740 2340 interim
757 2292 945 2342 ultioni.

1627 2344 1654 2365 D·

1348 2399 1398 2450 N
1403 2398 1568 2449 01*AE

348 2506 355 2512 ·
411 2500 433 2526 ⁶
468 2493 712 2558 Aliorum]
779 2497 910 2548 Quae
966 2497 1090 2546 satis
1143 2495 1418 2557 indicavit,

348 2575 463 2618 cnm
491 2570 645 2634 dixit,
669 2573 850 2621 omissis
869 2575 1073 2622 castellis
1096 2573 1420 2638 proesidiisqne

351 2648 653 2709 militarium,
695 2651 774 2711 5⁴⁶·
846 2651 978 2701 dicit
1020 2651 1321 2713 militarium,
1363 2658 1418 2701 et

348 2724 504 2782 hosce
529 2726 747 2790 opponit
768 2728 1198 2791 negotiatoribus,
1219 2729 1418 2792 agrico-

347 2801 428 2864 lis,
452 2809 510 2852 et
545 2803 658 2852 aliis
694 2806 925 2868 paganis,
949 2821 1077 2872 quos
1116 2821 1418 2870 expugnare

348 2876 503 2927 facile
528 2886 609 2927 est
632 2886 684 2927 et
707 2881 960 2943 spoliare:
996 2895 1098 2930 non
1134 2883 1258 2931 item
1283 2883 1418 2932 viros

348 2953 602 3015 militares,
658 2957 949 3018 praesertim
1020 2959 1270 3021 praesidiis
1325 2972 1416 3010 seu

347 3033 576 3086 castellis
588 3024 716 3082 ⁴sese
739 3032 1098 3087 defendentes.

270 3103 273 3106 ’
418 3109 561 3165 Quod
593 3109 879 3161 uberrimum
911 3112 1130 3175 spoliant,
1152 3117 1234 3177 ὅγε.
1265 3115 1413 3165 intel-

344 3185 433 3247 ligi
457 3194 634 3249 potest
656 3187 721 3236 de
745 3188 872 3251 ipsis
898 3190 1041 3252 locis,
1064 3191 1151 3254 qui
1175 3191 1331 3240 intuti
1356 3198 1413 3241 et

345 3261 616 3322 uberrimi,
640 3269 687 3313 et
720 3265 938 3327 aliorum,
958 3265 1012 3313 id
1046 3273 1146 3326 est,
1177 3268 1410 3316 castello-

347 3356 460 3391 rum
497 3348 552 3391 et
590 3342 946 3405 praesidiorum
987 3342 1283 3391 militarium
1324 3358 1414 3406 op-

345 3420 671 3483 pugnatione
697 3435 902 3483 segnes,
925 3428 983 3469 ut
1006 3420 1095 3484 qui
1119 3435 1184 3469 ea
1214 3420 1416 3470 omitte-

346 3505 488 3559 rent,
511 3498 620 3546 laeti
662 3499 842 3561 praeda
886 3506 941 3547 et
975 3498 1180 3562 opibus,
1203 3512 1328 3561 quas
1359 3498 1417 3546 il·

347 3573 467 3622 laesi
488 3573 817 3636 diripiebant.

411 3648 438 3684 ἃ
459 3649 777 3712 Septuaginta
800 3651 950 3700 millia
969 3651 1169 3714 citriam]
1195 3651 1267 3700 At
1287 3651 1417 3713 Dio,

346 3725 401 3774 in
429 3726 680 3789 pleraque
712 3726 809 3775 hac
832 3727 1046 3775 historia
1067 3727 1232 3777 Taciti
1272 3729 1417 3777 velut

345 3801 644 3865 Interpres,
664 3803 880 3866 periisse
919 3805 1011 3864 ait,
1042 3804 1264 3868 μυριάδας
1295 3805 1417 3853 ὀκτὼ

348 3882 448 3927 τῶν
466 3898 522 3928 τε
543 3879 773 3940 Ῥωμαίων
811 3880 890 3929 καὶ
920 3883 1016 3929 τῶν
1045 3879 1305 3943 συμμάχων
1337 3883 1417 3930 at·-

341 3958 464 4007 τῶν.
535 3957 609 4006 Ut
652 3956 733 4005 hic
774 3971 947 4007 Lxxx.
987 3957 1207 4010 fortasse
1247 3960 1416 4008 verior

332 4034 616 4097 'scriptura
636 4034 719 4083 sit.
776 4034 1013 4098 Lipsiuss

350 4133 356 4138 ·
414 4113 619 4160 Vanum
661 4110 825 4160 fuerit
863 4112 1124 4175 corrigere
1174 4114 1416 4162 Tacitum

350 4187 795 4252 perGraeculum
821 4195 1100 4252 auctorem,
1141 4191 1228 4255 qui
1262 4205 1414 4239 vanae

349 4262 494 4329 fidei,
526 4264 571 4313 si
612 4265 726 4329 quis
762 4279 1007 4330 unquam,
1049 4267 1339 4331 praesertim
1362 4268 1415 4315 in

1500 2496 1657 2546 rebus
1679 2497 1944 2547 Romanis.
2552 2529 2557 2534 -

1566 2578 1589 2604 θ
1621 2573 1869 2636 Patibala,
1914 2573 2069 2636 ignes,
2110 2572 2290 2636 cruces]
2344 2573 2569 2626 Diversa

1496 2649 1613 2698 haec
1647 2649 1821 2712 igitur,
1853 2651 2072 2714 patibula
2108 2657 2163 2699 et
2202 2649 2400 2702 cruces?
2444 2665 2568 2717 quo-

1500 2725 1622 2776 dam
1646 2742 1800 2777 sensu
1841 2727 2145 2778 Patibulum
2168 2728 2307 2778 enim
2338 2728 2566 2793 proprie,

1497 2803 1552 2851 in
1602 2819 1704 2868 quo
1759 2802 1972 2855 suffixus
2025 2805 2177 2855 homo
2233 2805 2569 2869 expanditur,

1499 2886 1799 2932 transverso
1818 2890 1993 2933 tamen
2017 2882 2177 2947 ligno.

1565 2959 1710 3008 Crux
1749 2973 1873 3008 vero
1917 2960 2095 3019 etiam,
2139 2974 2254 3008 cum
2295 2958 2338 3008 is
2385 2964 2566 3008 erecto

1497 3034 1822 3102 simplicique
1845 3035 2013 3099 stipiti
2045 3034 2294 3099 affigitur,
2324 3035 2432 3085 sive
2456 3033 2568 3083 infi-
2629 3071 2630 3074 η

1496 3113 1673 3176 gitur:
1708 3113 1928 3163 diximus
1965 3113 2172 3164 abunde
2197 3114 2248 3163 in
2283 3112 2473 3163 libellis
2507 3114 2567 3162 de

1497 3191 1667 3239 Cruce.
1737 3190 1958 3254 Lipsius.

1549 3262 1579 3298 -f
1606 3267 1845 3327 Tanquam
1865 3266 2103 3315 reddituri
2122 3264 2428 3328 supplicium]
2463 3264 2567 3314 Po-

1496 3339 1616 3401 tius,
1635 3341 1912 3390 reddituris.
1978 3341 2206 3404 Lipsius.

1564 3415 1803 3479 Tanquam
1821 3415 2082 3477 reddituri]
2121 3415 2267 3474 Mihi,
2309 3413 2566 3478 reddituri,

1497 3492 1660 3554 magis
1685 3492 1951 3556 probatur,
1975 3499 2033 3540 ut
2070 3491 2208 3540 idem
2248 3492 2335 3554 sit,
2356 3494 2567 3554 reddere,

1500 3568 1638 3631 quod
1674 3569 1991 3632 persolvere.
2061 3570 2197 3617 Nam
2231 3577 2284 3617 et
2310 3570 2350 3617 si
2374 3571 2567 3619 reddere

1494 3646 1798 3708 supplicium,
1823 3644 1904 3693 vel
1937 3660 2116 3708 penas,
2159 3644 2459 3712 plerumque
2480 3661 2565 3695 ac-

1497 3721 1605 3784 cipi
1642 3723 1776 3771 solet
1825 3735 1921 3784 pro
1956 3722 2189 3786 ‘punire3
2248 3730 2418 3770 tamen
2461 3736 2565 3772 non

1497 3799 1669 3860 video,
1707 3814 1802 3849 cur
1840 3814 1942 3848 non
1973 3801 2150 3863 ,possit
2193 3802 2348 3848 etiam
2386 3813 2565 3849 sensus

1494 3877 1750 3940 converti,
1773 3876 2056 3927 secundum
2096 3877 2412 3941 propositam
2452 3888 2567 3925 nar-

1497 3956 1774 4005 rationem.

1565 4032 1635 4080 Et
1677 4047 1794 4080 cum
1838 4040 1983 4080 recte
2031 4031 2252 4092 dicatur,
2293 4031 2567 4094 dependere,

1497 4111 1580 4158 vel
1617 4111 1879 4172 persolvere
1916 4122 2092 4169 poenas,
2130 4121 2225 4155 cur
2269 4120 2369 4155 non
2403 4104 2563 4170 idem,

1494 4189 1689 4236 reddere
1727 4182 1924 4248 poenas?
1979 4183 2146 4232 Sicuti
2193 4184 2455 4245 persolvens
2496 4198 2564 4235 «u

1495 4267 1720 4330 ahenum,
1742 4271 1799 4316 et
1814 4266 2011 4315 reddere
2029 4278 2097 4314 m
2116 4264 2338 4315 alienum.
