3063 4952
328 420 387 481 δέ
405 427 467 482 0·
490 425 604 492 8⁷]

1022 417 1455 474 ANNAMUM‘
1486 425 1633 472 1218·
1666 422 1841 474 xm.

2360 397 2536 478 1515'

327 575 488 632 “cum
510 566 910 649 dignitatem
941 565 1246 630 ordinum
1280 566 1662 646 dividerent,
1707 567 2076 634 libertatem
2104 567 2172 634 in
2201 569 2532 634 communi

322 671 694 753 posuisse!
783 668 964 749 Quin
989 679 1056 734 et
1087 671 1587 736 manumittendi
1635 671 1805 736 duas
1841 673 2135 757 speciesq
2171 673 2531 751 institutas,

314 853 648 919 fingaerent,
664 854 963 906 libertatem
1003 857 1059 906 ln
1095 857 1269 907 medio
1306 857 1608 922 reliquisse;
1641 857 1797 908 immo
1836 863 1893 907 et
1929 856 2034 908 duo
2078 870 2270 922 genera
2307 853 2533 907 donandi

1324 1039 1537 1090 NOTAE

336 1161 341 1168 ·
381 1150 474 1200 Sic
493 1148 622 1199 olim
646 1148 865 1200 Athenis
886 1149 1033 1201 fuere
1055 1152 1392 1216 quadraginta

321 1241 591 1277 servorum
629 1227 808 1287 millia,
831 1243 947 1277 cum
982 1236 1155 1278 esseut
1189 1236 1390 1281 tantum

319 1303 600 1354 duodecim
637 1304 798 1353 millia
831 1304 1162 1367 ingenuorum
1184 1305 1389 1356 civium.

332 1408 345 1415 -
380 1388 407 1422 Ρ
437 1381 742 1431 Libertatem
793 1382 846 1430 in
885 1384 1115 1431 communi
1158 1384 1389 1448 posuisse]

318 1457 443 1507 Cum
485 1458 788 1506 dividerent
830 1463 1019 1507 statum
1063 1459 1290 1508 civitatis
1335 1460 1387 1509 in

315 1540 425 1585 tres
461 1536 698 1597 ordines,
723 1541 1037 1596 senatorum,
1059 1537 1310 1600 equitum,
1331 1544 1388 1587 et

303 1611 503 1675 plebis,
527 1612 584 1660 in
619 1610 795 1661 medio
831 1626 1052 1675 posuere
1074 1612 1389 1676 libertatem,

315 1702 467 1751 quam
509 1688 654 1737 servi
691 1693 747 1738 et
777 1687 1158 1738 advenas-bene
1198 1691 1385 1753 meriti,

313 1766 397 1816 vel
421 1764 491 1814 de
518 1765 813 1829 Republica
834 1766 917 1814 vel
952 1764 1018 1813 de
1055 1766 1274 1828 privatis
1313 1768 1385 1817 ci·

308 1841 478 1901 vibus,
509 1842 757 1905 consequi
798 1848 854 1891 et
890 1840 1128 1892 obtinere
1150 1879 1153 1882 ¹
1176 1844 1386 1895 tandem

313 1923 574 1982 possent:
611 1925 665 1965 et
704 1917 757 1965 id
794 1916 927 1967 bono
967 1918 1177 1982 publico
1215 1936 1390 1985 reper-

308 1998 471 2043 tum.‘

373 2071 466 2122 Sic
516 2071 757 2121 societati
798 2070 1056 2121 hominum
1100 2079 1157 2123 et
1198 2075 1388 2124 mutuis

311 2146 509 2201 officiis
549 2155 693 2197 recte
734 2149 1055 2211 consultum3
1093 2151 1167 2199 sic
1190 2157 1247 2200 et
1271 2152 1389 2201 Rei-

309 2225 433 2289 pub.
458 2231 529 2274 et
566 2225 790 2287 civitati,
818 2240 949 2290 quae.
973 2226 1120 2276 bonis
1153 2234 1210 2278 et
1252 2229 1384 2279 bene

305 2303 522 2354 meritis
554 2301 756 2352 civibus
788 2302 864 2352 ita
903 2304 1173 2372 suppletur
1196 2312 1253 2355 et
1281 2304 1382 2355 fre-

306 2386 624 2445 quentatur.
691 2381 829 2433 Quia
860 2380 999 2431 idem
1030 2397 1133 2431 non
1172 2398 1384 2447 usurpa·

303 2472 427 2509 vere
449 2457 828 2521 Athenienses,
862 2459 1039 2509 statim
1063 2458 1129 2509 ad
1153 2460 1385 2524 paucita-

303 2542 410 2587 tem
453 2535 673 2585 redacti
709 2542 844 2601 sunt,
881 2544 937 2587 et
992 2536 1100 2587 cito
1143 2536 1385 2589 defloruit

300 2614 519 2664 iiior-um
545 2612 778 2676 Respub.

328 2727 337 2733 .
365 2690 472 2740 Vel
503 2687 647 2739 forte
669 2703 847 2739 sensus
871 2696 971 2754 est,
993 2705 1095 2741 non
1132 2691 1384 2759 divisisse,

286 2776 394 2819 aut
414 2767 636 2818 dedisse
657 2767 973 2831 libertatem,
991 2769 1082 2819 sed
1101 2770 1244 2818 illam
1265 2772 1385 2820 reli-

303 2847 478 2911 quisse
510 2845 563 2894 in
586 2845 777 2907 medio,
814 2845 888 2895 ita
909 2851 969 2896 ut
990 2847 1128 2896 illam
1149 2848 1275 2897 dare
1298 2851 1381 2898 vel

287 2924 643 2989 magistratus
676 2922 760 2971 vel
785 2922 976 2985 privati
1000 2938 1095 2987 pro
1130 2939 1222 2974 suo
1246 2925 1382 2975 arbi·

303 3002 403 3052 trio
445 3005 692 3066 possent,
736 3005 793 3050 et
836 3001 923 3049 alii
966 3001 1198 3052 homines
1239 3002 1379 3053 iliam

304 3077 562 3142 accipere
624 3090 720 3139 pro
762 3077 949 3125 merito
989 3091 1099 3141 suo,
1138 3084 1229 3129 aut
1266 3094 1380 3129 eam

304 3154 576 3224 redimere
615 3158 673 3201 et
697 3166 754 3201 se
774 3152 1037 3204 vindicare
1058 3168 1155 3219 pro
1171 3152 1383 3205 fortuna

306 3233 589 3296 cujusque.

332 3348 344 3361 ‚
367 3310 677 3359 Libertatem
699 3307 1026 3372 inmuni]
1061 3309 1176 3359 Nec
1188 3309 1382 3371 frustm

306 3390 529 3450 majores,
555 3402 660 3436 cum
682 3386 967 3448 dignitatem
984 3388 1217 3452 ordinum,
1235 3404 1381 3439 sena-

302 3466 429 3515 torii
476 3477 689 3526 nempe,
712 3468 769 3512 et
805 3465 1079 3528 equestris,
1113 3471 1168 3515 et
1214 3466 1379 3529 plebis

304 3543 699 3606 distinguerent
742 3541 807 3590 ab
851 3541 1091 3605 invicem,
1134 3557 1236 3592 non
1254 3545 1380 3593 *dis-

304 3621 523 3671 tinxisse
569 3620 887 3682 libertatem,
920 3629 1009 3671 aut
1046 3622 1257 3688 liberos,
1288 3624 1379 3672 sed

304 3714 420 3750 eam
440 3702 497 3749 in
519 3697 753 3748 communi
779 3697 986 3761 posuisse
1000 3714 1020 3756 ,·
1052 3698 1130 3747 ita
1151 3705 1212 3747 ut
1241 3700 1380 3749 ordi-

290 3765 461 3828 'nibus
502 3775 744 3826 omnibus
783 3774 960 3824 liberis
994 3776 1209 3839 perinde
1243 3792 1380 3826 com-

304 3855 476 3906 munis
518 3859 678 3915 esset,
722 3858 777 3901 et
816 3866 920 3901 non
963 3853 1125 3916 magis
1165 3854 1218 3902 in
1260 3869 1383 3919 uno,

304 3946 466 3999 quam
486 3933 543 3981 in
566 3931 670 3980 alio
685 3930 1022 3993 reperiretur,
1043 3944 1141 3980 nec
1154 3929 1379 3995 duplicis

306 4009 517 4075 generis
532 4013 676 4057 esset
687 4008 740 4055 in
762 4006 961 4057 civibus
979 4007 1213 4069 liberum
1236 4009 1372 4074 quod

292 4090 488 4137 'tamen
526 4089 761 4134 astruere
796 4083 918 4133 irati
959 4084 1124 4133 servis
1167 4085 1375 4148 patroni

303 4164 596 4225 voleban13
652 4177 838 4228 nempe
877 4170 937 4214 ut
985 4163 1112 4213 data
1162 4163 1374 4214 libertas

305 4242 547 4293 revocari
600 4247 797 4309 posset,
860 4241 964 4293 alia
1022 4241 1375 4294 irrevocabilis

300 4317 465 4371 foret.

1545 1152 1830 1201 Libertatem
1864 1151 1916 1201 in
1955 1150 2208 1217 eommum‘]
2239 1151 2352 1203 Cic.
2392 1165 2433 1205 1.
2465 1147 2533 1202 de

1473 1228 1709 1279 Officiis:
1743 1231 1759 1257 ⁸
1780 1230 1915 1279 Sunt
1938 1233 2111 1278 autem
2153 1229 2359 1292 privata
2391 1230 2535 1280 nulla

1473 1312 1691 1365 natura3
1727 1305 1817 1354 scd
1858 1313 1948 1355 aut
1965 1306 2131 1355 veteri
2172 1306 2533 1371 occupatione,

1471 1391 1528 1431 ut
1551 1382 1638 1447 qui
1681 1383 1940 1446 quondam
1975 1381 2028 1430 in
2061 1396 2225 1431 vacua
2247 1387 2531 1441 venerunt3

1471 1459 1562 1509 aut
1584 1459 1741 1520 bello,
1766 1465 1824 1508 ut
1848 1458 1935 1523 qui
1961 1457 2182 1507 victoria
2204 1458 2358 1523 potiti
2381 1463 2530 1520 sunt3

1467 1541 1558 1585 aut
1600 1537 1736 1598 lege,
1772 1541 1862 1583 aut
1911 1533 2174 1597 pactione,
2216 1534 2535 1598 conditione,

1468 1612 1647 1663 sorte?

1486 1717 1493 1722 -
1531 1699 1557 1732 ⁴1
1593 1689 1967 1740 Manamittendi
1989 1685 2314 1751 duosspecies]
2348 1686 2531 1736 Liber-

1468 1775 1548 1818 tas
1592 1768 1806 1832 duplex,
1832 1768 1990 1829 justa,
2027 1781 2119 1815 non
2150 1766 2306 1825 justa.
2368 1766 2534 1831 ἄωτοι,

1467 1862 1584 1911 quae
1622 1847 1850 1902 vindicta,
1886 1860 2041 1904 censu,
2077 1848 2356 1894 tutamento
2387 1844 2531 1894 data.

1470 1923 1583 1971 Non
1596 1923 1743 1985 justa,
1760 1936 1874 1987 qnae
1900 1923 2035 1970 inter
2051 1921 2259 1984 amicos,
2281 1921 2331 1969 in
2355 1918 2532 1970 convi-

1468 1999 1572 2062 vio,
1594 2015 1689 2063 per
1711 1999 1984 2063 epistolam
2004 1998 2269 2048 tribuitur.

1535 2080 1734 2128 Seneca
1754 2078 1820 2128 de
1843 2078 1971 2128 Vita
2007 2078 2161 2127 beata
2193 2092 2240 2125 c.
2261 2081 2343 2126 24.
2377 2076 2394 2104 ‘
2420 2075 2533 2126 Ho-

1467 2155 1690 2204 minibus
1714 2155 1963 2218 prodesse
1987 2164 2176 2204 natura
2196 2153 2373 2217 jubet,
2394 2151 2532 2202 servi

1464 2231 1685 2282 liberive
1732 2234 1871 2293 sint3
1907 2232 2118 2296 ingenui
2158 2246 2224 2280 an
2261 2230 2526 2290 libertini3

1457 2309 1621 2373 justae
1656 2310 1934 2375 libertatis,
1963 2324 2026 2358 an
2062 2309 2201 2358 inter
2225 2308 2416 2357 amicos
2440 2305 2530 2355 d'a-

1466 2390 1569 2436 taess
1635 2387 1902 2451 Recteque
1935 2385 2051 2435 libri
2095 2390 2300 2434 veteres
2332 2383 2530 2447 aliquot

1465 2462 1516 2511 in
1555 2463 1787 2513 Suetonii
1813 2463 1948 2526 Aug.
1981 2476 2029 2511 c.
2051 2465 2134 2511 40.
2165 2460 2181 2490 ‘
2201 2461 2390 2510 Servos
2424 2469 2528 2508 non

1464 2545 1743 2590 contentus
1770 2542 1945 2589 multis
1959 2536 2359 2589 'difficultatibus
2400 2551 2432 2585 a
2469 2535 2529 2584 li-

1465 2615 1684 2678 bertate,
1696 2616 1961 2680 multoque
1980 2613 2216 2678 pluribus
2234 2626 2265 2662 a
2277 2611 2528 2661 libertate

1452 2693 1601 2756 justa
1623 2691 1940 2743 removisse?
2235 2714 2244 2721 „
2432 2737 2436 2743 ,

1525 2772 1683 2822 Justa
1725 2772 1813 2820 illa
1859 2769 1947 2834 qui
2006 2766 2320 2831 manumissi,
2372 2767 2526 2832 plane

1463 2848 1719 2912 pleneque
1761 2847 1944 2897 liberi:
1988 2846 2078 2912 qui
2120 2845 2304 2907 altera,
2355 2845 2526 2895 vinclo

1464 2923 1630 2973 adhuc
1662 2923 1903 2987 quodam,
1919 2930 1977 2973 ut
1993 2921 2206 2973 Tacitus
2228 2923 2320 2984 ait,
2340 2921 2527 2973 attine-

1462 3000 1656 3049 bantur
1676 3001 1954 3049 servitutis.
2021 3000 2187 3049 Immo
2209 2998 2402 3048 retrahi
2436 3011 2528 3063 po·

1466 3082 1641 3126 terant
1662 3078 1716 3125 in
1737 3078 2061 3127 servitutem.

1528 3156 1897 3218 Fragmentum
1914 3154 2174 3219 quoddam
2190 3153 2224 3205 J
2229 3187 2243 3202 .
2256 3153 2317 3203 C.
2329 3152 2525 3202 veteris

1462 3246 1494 3280 a
1516 3231 1787 3282 Puteano:
1819 3232 1834 3259 ‘
1861 3232 1931 3281 Hi
1956 3231 2043 3295 qui
2069 3230 2526 3280 domini-volunta·

1461 3315 1518 3358 te
1550 3308 1601 3358 in
1642 3310 1886 3358 libertate
1917 3315 2087 3371 eraut,
2118 3306 2400 3356 manebant
2419 3318 2524 3355 ser-

1462 3385 1508 3435 vi
1533 3403 1548 3445 ³
1583 3393 1640 3435 et
1655 3386 2047 3435 manumissores
2070 3384 2328 3433 audebant
2345 3382 2398 3431 in
2417 3394 2525 3433 ser-

1461 3465 1632 3525 vitute
1671 3462 1839 3511 denuo
1876 3476 1964 3511 eos
2014 3475 2111 3524 per
2151 3459 2256 3509 vim
2312 3458 2548 3510 ducere..

1461 3540 1853 3591 Interveniebat
1871 3539 2095 3601 Praetor,
2110 3546 2165 3588 et
2185 3551 2287 3585 non
2307 3536 2525 3601 permit·

1460 3618 1609 3670 tebat
1630 3617 1991 3668 manumissum
2014 3614 2245 3666 servire-³

1524 3698 1595 3745 Et
1634 3694 1783 3744 addit
1819 3699 1973 3758 post:
2005 3694 2020 3721 ‘
2041 3691 2146 3741 Sed
2168 3704 2303 3740 nunc
2325 3689 2522 3741 habent

1458 3773 1721 3835 propriam
1745 3770 2040 3820 libertatem
2056 3768 2148 3834 qui
2166 3767 2519 3819 inter-amicos

1455 3850 1908 3910 manumittuntur,
1946 3855 2003 3896 et
2021 3845 2156 3896 fiunt
2180 3846 2351 3897 Latini
2373 3845 2522 3897 Juni-
2547 3892 2550 3895 Α

1455 3927 1579 3977 ani!
1644 3926 1788 3975 Scite
1824 3938 1970 3987 ergo,
2006 3924 2074 3973 ob
2117 3924 2252 3972 hunc
2291 3922 2521 3986 iteratae,

1454 4005 1558 4072 (hae
1581 4012 1699 4053 sunt
1741 4002 2044 4052 iterationes
2068 4013 2284 4064 quarum
2320 4000 2520 4049 mentio

1454 4084 1488 4134 J
1493 4081 1649 4131 nstin.
1662 4079 1868 4131 Novell.
1882 4076 2141 4138 nxxvrn.)
2149 4074 2408 4125 servitutis
2416 4089 2523 4126 me·

1456 4164 1587 4223 tum,
1607 4158 1871 4207 Messenio
1893 4168 2071 4204 servus
2095 4152 2234 4218 apud
2250 4152 2518 4214 Plautum,

1454 4235 1548 4300 qui
1588 4234 1729 4284 inter
1760 4232 1950 4282 amicos
1988 4229 2324 4280 manumissus
2358 4227 2519 4293 subji-

1453 4314 1558 4367 cit:
1591 4312 1607 4341 ‘
1629 4312 1736 4366 Sed
1763 4312 1981 4363 meliore
2011 4315 2095 4362 est
2113 4322 2245 4376 opus
2264 4307 2520 4375 auspicio,
2547 4338 2550 4341 ι
