3063 4952
294 416 351 470 J„
372 418 437 468 C.
458 408 571 482 tim]

986 407 1400 461 ANNAMUM
1452 409 1523 461 m
1538 410 1598 459 Β.
1646 410 1809 460 xlv.

2348 395 2524 465 1⁷65

298 558 577 623 exitium
612 550 955 633 Antistio!
994 573 1195 638 quam
1225 552 1619 637 Imperatori
1660 555 1900 637 gloria⁸
1922 555 2233 639 quaesita,
2262 561 2335 623 ut
2360 578 2520 623 con·

296 740 540 802 Antistio,
559 755 697 802 quum
713 741 850 789 decus
865 739 1097 803 principi,
1114 745 1186 802 ut,
1211 755 1415 805 nempe,
1436 744 1728 793 damnata-sa
1739 743 1976 808 patribus,
1990 742 2256 807 eriperetur
2274 740 2521 805 supplicio,

1305 884 1522 935 NOTA-2

299 995 450 1058 bant,
482 998 592 1062 qui,
627 998 670 1047 si
694 998 767 1047 ita
789 997 992 1063 fuisset,
1035 999 1235 1049 nescire
1260 1014 1364 1049 non

302 1075 644 1138 potuissent?
1038 1120 1043 1125 .

365 1151 578 1200 Deinde
604 1159 659 1201 et
682 1153 816 1202 alter
833 1168 1013 1203 sensus
1032 1154 1128 1204 hac
1146 1156 1374 1204 lectione

306 1227 683 1292 corrumpitur,
715 1245 820 1293 quoe
866 1231 1142 1295 imperatori
1175 1233 1378 1294 glorium

301 1306 544 1370 quaesivit.
614 1307 716 1359 Qui
749 1308 887 1358 enim
920 1310 1006 1358 lex
1039 1308 1140 1359 ista
1164 1310 1377 1372 gloriam

300 1383 548 1447 quaesivit
588 1384 908 1448 imperatori,
952 1402 1068 1451 quaa
1114 1387 1202 1436 diu
1252 1395 1377 1435 ante

303 1458 479 1522 ipsum
498 1467 669 1510 natum
694 1463 871 1514 excita
888 1462 1086 1514 fuerat?

268 1588 275 1595 ,
376 1536 497 1584 Non
522 1536 611 1586 illa
633 1539 821 1601 hercle,
844 1540 932 1589 sed
968 1540 1239 1605 Capitonis
1262 1557 1377 1605 pro·

304 1613 558 1678 positum,
580 1616 666 1680 qui
689 1617 783 1666 hoc
803 1617 1065 1682 praecipue
1084 1619 1294 1682 agebat,
1319 1629 1378 1670 ut

306 1706 400 1741 reo
419 1699 525 1741 tam
544 1693 730 1757 insigni
751 1695 1031 1758 postulato,
1054 1696 1378 1745 occasionem

305 1769 464 1818 daret
486 1770 712 1834 principi
726 1770 1051 1821 ostentandae
1066 1773 1383 1832 clementiae,

305 1861 437 1895 cum
464 1861 563 1895 nou
581 1847 841 1909 ignoraret
867 1849 919 1897 id
953 1848 1050 1911 ipsi
1078 1856 1377 1913 pergratum

310 1939 449 1975 esse.
962 1968 975 1984 ,

375 2001 535 2054 Quod
580 2010 727 2066 patet
771 2004 855 2054 vel
900 2018 966 2054 ex
1010 2018 1136 2055 xm.
1177 2009 1257 2055 11.
1294 2007 1383 2055 ubi

304 2078 320 2106 ‘
344 2079 612 2128 Plautium
637 2081 950 2131 Lateranum
969 2081 1035 2139 ob
1070 2080 1381 2131 adulterium

309 2156 632 2217 Messallinae
675 2158 852 2207 ordine
876 2165 1130 2208 remotum
1155 2158 1383 2211 reddidit

308 2233 558 2283 senatui)
627 2236 697 2284 Et
733 2243 854 2285 ante
900 2237 1050 2287 alibi:
1100 2238 1115 2264 ‘
1143 2237 1380 2287 Clemen-

310 2310 441 2365 tiam
475 2326 619 2362 suam
664 2312 992 2376 obstringens
1033 2314 1227 2363 crebris
1271 2329 1381 2362 ora-

310 2388 582 2439 tionibus.²
650 2390 1026 2441 Freinshemius.

376 2467 621 2517 Revocatu
641 2485 697 2519 eu
727 2467 832 2531 lex]
898 2467 1001 2519 Alii
1041 2469 1196 2519 aliter
1230 2484 1378 2532 repo·

310 2551 442 2614 nunt
462 2546 562 2595 hoc
603 2546 749 2596 loco:
785 2548 799 2573 ‘
828 2547 947 2599 Qua
991 2546 1125 2595 haud
1164 2546 1380 2610 perinde

308 2620 532 2670 exitium
575 2623 822 2685 Antistio,
872 2633 1043 2688 quumx
1081 2623 1381 2688 imperatori

311 2696 533 2760 gloriam
569 2699 844 2762 quaesivit!
905 2701 1166 2750 Mer-cerus.

383 2772 503 2823 Tum
523 2776 727 2837 primum
758 2782 976 2826 reuocata
996 2792 1051 2826 eu
1089 2778 1195 2826 lex:
1226 2779 1382 2828 crede-

310 2847 540 2913 baturque
562 2851 684 2900 haud
701 2852 898 2915 perinde
927 2854 1129 2902 exitium
1148 2854 1384 2919 Antistio,

308 2941 453 2992 quum
475 2927 747 2990 imperatori
764 2931 972 2992 gloriam
991 2933 1225 2997 quoeu'm.

382 3004 489 3054 Vel
509 3006 695 3067 etiam3
725 3008 931 3068 gloriam
947 3012 1212 3074 quaesitum,
1227 3012 1384 3072 gloria

312 3081 537 3150 quoesita,
568 3084 775 3144 gloriam
813 3086 983 3149 quari,
1017 3088 1175 3149 gloria
1217 3089 1384 3152 qumi,

307 3159 524 3221 gloriam
543 3176 770 3223 querere.
841 3162 1128 3216 Acidalius.

383 3239 500 3301 Ego
532 3239 768 3304 legerim,
791 3257 883 3304 qua
919 3243 1045 3292 haud
1066 3246 1277 3307 perinde,
1306 3249 1388 3310 ξε.

311 3316 521 3379 glorians
556 3317 793 3381 quesivit,
826 3319 924 3368 hoc
961 3335 1151 3381 sensu3
1183 3338 1274 3384 qua
1312 3329 1387 3371 ta·
1424 3323 1427 3326 ‘

314 3405 441 3450 men
500 3391 720 3454 delator,
763 3397 892 3444 leand
940 3397 1137 3460 perinde
1185 3397 1388 3446 esitium

313 3471 552 3533 Antistio,
575 3487 725 3536 quam
749 3473 1023 3536 imperatori
1039 3476 1245 3536 glorium
1265 3490 1388 3537 qw-

261 3566 265 3572 ·
315 3548 449 3611 sivit,
502 3548 552 3596 id
593 3556 692 3610 est,
728 3565 962 3614 quaerere
1000 3552 1194 3612 voluit;
1248 3552 1390 3617 quod

316 3625 664 3688 supplendum
690 3641 755 3676 ex
776 3629 909 3675 serie
932 3628 1197 3678 orationis.

383 3703 487 3758 Vel
531 3705 721 3766 potius,
745 3706 866 3754 nihil
914 3705 1253 3767 immutando,
1293 3708 1391 3756 hoc

316 3793 504 3833 sensu:
565 3781 682 3831 Tum
711 3781 920 3845 primum
962 3788 1179 3833 revocata
1212 3800 1267 3834 ea
1307 3785 1388 3834 lex

314 3858 614 3921 credebatur,
655 3875 768 3922 quae
794 3874 895 3908 non
931 3862 1146 3924 perinde
1169 3862 1387 3911 exitium

317 3932 576 3998 Antistio,
588 3953 727 4000 quum
749 3937 1025 4001 imperatori
1034 3939 1244 3999 gloriam
1263 3954 1390 4002 qua·-

317 4020 462 4068 τινα.
527 4015 680 4078 Saepe
704 4018 961 4082 loquimur
979 4017 1048 4068 de
1082 4018 1219 4081 lege,
1244 4027 1299 4067 ut
1325 4019 1390 4068 de

318 4105 383 4146 ,re
434 4093 680 4151 animata,
720 4107 767 4142 e·
823 4110 935 4156 quae
978 4097 1296 4148 voluntatem
1338 4103 1393 4146 et

320 4167 664 4234 intentionem
689 4187 833 4219 snam
866 4174 1069 4221 nabent.

330 4295 335 4300 ,
388 4247 512 4311 Nou
537 4261 756 4311 praectse
778 4248 845 4296 de
866 4250 978 4310 lege
1018 4257 1260 4299 revocata
1283 4265 1394 4300 cre-

322 4320 567 4388 debatur,
584 4323 706 4387 quia
724 4324 987 4376 sciebatur
1018 4326 1162 4385 clare
1179 4341 1295 4380 esse
1315 4341 1392 4382 re-

1453 1009 1729 1064 vocatam3
1764 1004 1857 1053 sed
1881 1011 1990 1054 tum
2030 1003 2254 1068 primum
2278 1006 2523 1051 revocata

1455 1094 1515 1128 ea
1540 1082 1626 1129 lex
1665 1081 1998 1145 credebatur,
2030 1097 2092 1131 eo
2117 1083 2285 1130 animo
2324 1084 2379 1128 et
2401 1088 2523 1129 con-

1456 1157 1594 1217 silio,
1620 1164 1678 1208 ul.
1695 1174 1757 1207 ea
1781 1165 2040 1223 quaereret
2060 1159 2276 1222 gloriam
2297 1155 2525 1220 principi

1460 1235 1653 1297 potius,
1704 1251 1856 1299 quam
1906 1236 2121 1285 exitium
2172 1234 2430 1284 Antistio:
2467 1239 2524 1283 et

1458 1312 1563 1372 hie,
1590 1312 1827 1374 qua-sivit,
1850 1311 1902 1361 id
1939 1317 2039 1375 est,
2063 1324 2300 1377 qnaerere
2326 1309 2485 1359 voluit
2507 1325 2521 1358 ε

1458 1402 1519 1437 ea
1542 1389 1674 1438 ratio
1707 1394 1761 1437 et
1779 1389 2003 1439 intentio
2027 1388 2126 1439 fuit
2158 1388 2288 1452 legis
2311 1394 2422 1437 tum
2447 1396 2526 1435 re·

1457 1475 1682 1530 vocatae,
1707 1482 1797 1516 seu
1823 1466 2071 1532 principis
2105 1468 2274 1530 legem
2306 1480 2419 1515 eam
2444 1478 2522 1514 re·

1460 1547 1717 1596 vocantis.

1522 1622 1712 1688 Igitur,
1747 1621 1984 1686 quesivit,
2019 1620 2123 1685 bic,
2165 1619 2305 1670 idem
2350 1625 2431 1669 est
2462 1633 2525 1668 ac

1459 1700 1503 1750 si
1528 1701 1751 1761 diceret,
1783 1699 2005 1748 intentio
2037 1706 2147 1747 tum
2170 1697 2300 1761 legis
2322 1694 2442 1759 fuit,
2465 1702 2526 1746 ut

1462 1783 1724 1843 quaereret
1745 1777 1958 1841 gloriam
1983 1774 2304 1839 imperatori,
2327 1777 2426 1824 &c.

1526 1861 1550 1887 ἓ
1586 1855 1893 1916 Credebulur,
1926 1869 2027 1918 quae
2048 1854 2174 1902 haud
2209 1852 2419 1915 perinde,
2437 1853 2522 1914 &c-

1457 1932 1617 1994 gloria
1654 1931 1878 1996 quma]
1944 1932 2030 1982 De
2072 1931 2365 1980 intentione
2396 1930 2525 1992 legis

1460 2008 1715 2072 iutelligit
1751 2009 1979 2072 Tacitus,
2013 2021 2106 2056 seu
2134 2006 2202 2056 de
2235 2006 2528 2061 intention·

1460 2086 1631 2150 legem
1670 2083 1984 2137 revocantis.
2048 2083 2114 2133 Τὸ
2139 2083 2375 2147 quesivit,
2397 2097 2529 2147 pro,

1462 2177 1569 2226 quae
1612 2167 1861 2225 quaereret,
1906 2162 1990 2210 vel
2028 2166 2083 2209 ut
2137 2164 2385 2224 quoereret,
2429 2160 2527 2211 boe

1461 2254 1651 2293 sensu:
1708 2239 1826 2288 Tum
1852 2244 2068 2287 revocata
2101 2252 2156 2286 eu
2192 2240 2270 2286 lex
2310 2236 2529 2285 eredeba-

1462 2321 1563 2378 ίαν,
1601 2330 1704 2378 quae
1763 2315 1887 2363 houd
1928 2314 2124 2378 perinde
2180 2313 2384 2362 exitium
2424 2312 2528 2362 An·

1462 2392 1619 2453 tistio,
1655 2406 1793 2455 quom
1834 2392 2038 2453 glorian·
2087 2390 2362 2453 imperatore·
2401 2404 2528 2453 quoeq

1463 2473 1611 2532 reret,
1651 2469 1740 2520 vel
1758 2469 2045 2533 moeris.
2112 2468 2174 2518 Id
2220 2467 2528 2518 sumendum

1459 2561 1555 2612 pro
1574 2547 1863 2597 intentione
1887 2548 2036 2611 legis,
2056 2562 2146 2597 seu
2179 2547 2347 2610 legem
2372 2547 2525 2595 istam

1460 2624 1755 2678 revocantis
1795 2624 2059 2688 principis.
2126 2624 2182 2674 Is
2222 2623 2440 2685 animus,
2465 2637 2530 2672 ea

1460 2705 1701 2755 voluntas
1724 2710 1781 2755 et
1803 2704 2026 2754 intentio
2049 2704 2177 2769 legis
2194 2703 2314 2766 fuit,
2339 2708 2396 2752 ut
2421 2704 2529 2752 vul-

1465 2798 1529 2847 go
1572 2783 1826 2833 dicimus:
1881 2791 1937 2832 et
1977 2783 2085 2832 sive
2119 2784 2259 2845 legas
2297 2796 2409 2846 qua,
2444 2781 2529 2829 vel

1462 2876 1585 2926 (μω,
1605 2862 1743 2910 idem
1765 2876 1943 2910 seusus
1969 2866 2081 2921 est;
2115 2860 2207 2910 sed
2232 2866 2404 2910 tamen
2428 2874 2530 2909 vox

1459 2954 1584 3002 μα’,
1619 2945 1769 2996 vetus
1789 2939 1970 3002 lectio,
1986 2937 2334 3003 praeferenda.

1527 3014 1548 3049 ¹
1575 3014 1816 3079 Antistio]
1874 3017 1958 3065 De
1998 3030 2102 3081 qno
2143 3015 2236 3064 lib.
2283 3027 2409 3063 ¹111.
2451 3016 2532 3063 28.

1462 3093 1478 3122 ‘
1500 3092 1839 3142 Immodestos
1874 3091 2106 3141 fautores
2147 3091 2451 3140 histrionum
2503 3105 2535 3138 a

1471 3177 1699 3233 praetore
1718 3170 1769 3218 in
1791 3170 1998 3218 vincula
2017 3169 2225 3230 ductos,
2246 3168 2416 3219 omitti
2423 3167 2533 3231 jus-

1468 3247 1586 3307 sit3'
1642 3262 1760 3295 cum
1799 3251 1939 3295 esset
1985 3245 2220 3295 tribunus
2264 3244 2445 3308 plebis,
2478 3250 2534 3293 et

1469 3331 1582 3373 tum
1620 3324 1857 3373 incusata
1880 3321 2163 3385 apati-ibus
2197 3319 2412 3369 Antistii
2444 3320 2536 3368 tri-

1468 3399 1590 3448 buni
1646 3398 1891 3448 licentia:
1951 3412 2086 3447 nunc
2143 3397 2280 3446 idem
2335 3403 2534 3462 praetor

1469 3476 1761 3526 damnatur.

1534 3562 1559 3599 ε
1596 3553 1786 3617 Gloria]
1852 3555 2010 3605 Certe
2071 3553 2423 3617 Cossutianus,
2455 3559 2536 3601 nt-

1472 3637 1597 3694 pote
1622 3646 1779 3695 gener
1800 3631 2068 3696 Tigellini,
2090 3631 2179 3695 qui
2217 3631 2270 3678 in
2309 3629 2538 3679 annicitia

1471 3706 1715 3772 flagranti
1754 3708 1872 3773 fuit,
1928 3723 2232 3759 arcanorum
2282 3708 2536 3773 principis

1474 3803 1663 3850 gnarus
1686 3802 1800 3838 esse
1825 3788 2017 3851 potuit.
2086 3788 2156 3836 Et
2189 3785 2328 3836 forte
2363 3785 2539 3848 Tigel-

1468 3866 1606 3914 linus
1630 3866 1762 3929 ipse‚
1787 3881 1876 3915 sen
1895 3868 2059 3923 Nero.
2073 3865 2211 3913 inter
2231 3871 2311 3913 tot
2328 3861 2541 3926 flagitia,

1472 3949 1645 3990 tamen
1671 3943 1882 4006 egregio
1906 3942 2079 4007 aliquo
2118 3940 2344 3990 facinore
2369 3946 2538 3989 notes·

1471 4033 1591 4068 cere
1618 4020 1796 4079 voluit,
1821 4021 2041 4083 ideoque
2077 4018 2213 4068 forte
2234 4019 2332 4066 hoc
2365 4016 2539 4066 minis·

1473 4097 1657 4145 terium
1683 4097 1911 4159 suscepit
1932 4096 2139 4159 Capito,
2184 4102 2241 4144 ut
2276 4095 2540 4157 ignoscen-

1474 4171 1560 4235 do,
1605 4173 1891 4221 clementiae
1931 4173 2254 4220 occasionem
2296 4171 2539 4236 princeps

1472 4249 1710 4312 haberet,
1747 4249 1844 4297 nisi
1869 4248 2000 4297 tales
2018 4253 2159 4297 astus
2180 4247 2375 4297 aulicos
2397 4248 2543 4312 igno-

1473 4341 1615 4394 raus,
1637 4333 1731 4377 aut
1765 4328 1901 4378 ultro
1934 4325 2150 4377 eludens
2170 4326 2415 4393 Thrasea,
2449 4325 2540 4377 mi·
