3063 4952
339 402 395 456 J,
419 401 482 455 C.
504 400 614 468 66.)

1035 398 1451 463 sultanum
1498 403 1648 454 mn.
1693 402 1868 459 xm.

2379 392 2555 467 1445

337 547 474 625 late
502 545 991 632 quaesivisset?
1076 547 1305 616 Festis
1335 549 1626 617 Saturno
1647 551 1945 632 ’diebusff
1970 554 2135 621 inter
2159 553 2298 623 alia
2323 572 2549 644 aequa-

335 649 504 726 lium
547 651 851 729 ludicra,²
900 649 1232 736 Regnum³
1279 653 1435 719 lusu
1462 656 1925 738 sortientium,⁸
1972 664 2277 725 evenerat
2301 680 2382 726 ea
2406 682 2553 729 sors

337 844 458 895 tiam
489 844 544 894 in
565 847 734 907 vulg-us
764 844 1017 909 plurimam
1051 844 1150 895 sibi
1183 848 1465 909 paravisset.
1531 848 1692 897 Festis
1725 847 2050 900 Saturnalium
2085 851 2265 914 diebus,
2303 854 2431 904 inter
2454 854 2554 907 alia

339 909 679 962 oblectamenta
708 916 1068 991 commissorum,
1088 912 1389 962 sortientium
1408 914 1514 962 tudo
1530 914 1865 982 principatum,
1893 917 2130 980 obtigerat
2152 934 2207 967 ea
2227 933 2329 969 sors
2351 922 2552 972 Neroni.

1269 1061 1383 1080 O‘OO
1390 1060 1624 1081 OO‘O‘OOO

336 1169 728 1233 indiam-Rom
747 1185 944 1232 regnum
962 1171 1073 1221 tudo
1091 1170 1406 1222 sortientium.
1475 1171 1613 1222 Flor.
1635 1172 1819 1223 ludicra
1842 1168 1909 1224 R.
1931 1190 2131 1238 regnum
2151 1178 2184 1226 l.
2206 1191 2246 1227 s.
2313 1176 2448 1244 Reg.
2480 1180 2554 1228 lu-

1346 1336 1560 1389 NOTAE

402 1475 429 1501 ³
464 1469 696 1519 Pavorem
726 1473 822 1520 late
841 1472 1150 1538 quaesies'sset]
1202 1471 1410 1538 Nempe

341 1560 402 1596 ea
431 1561 515 1596 res
555 1546 608 1596 iu
650 1550 835 1613 vulgus
871 1550 1150 1614 emanavit,
1189 1557 1250 1600 ut
1286 1550 1407 1616 quid

322 1624 619 1688 'eximium3
672 1628 794 1692 quia
847 1628 900 1676 in
954 1635 1075 1678 acta
1118 1629 1407 1692 principum

345 1703 493 1753 avide
518 1703 817 1770 inquiritur,
836 1711 891 1754 et
911 1703 1049 1754 fama
1071 1706 1268 1756 crescit
1286 1720 1408 1754 eun-

344 1777 427 1827 do.
497 1780 570 1828 Et
615 1794 676 1829 eo
712 1781 879 1845 major
913 1779 1061 1831 favor
1099 1780 1409 1844 Britannici,

344 1872 444 1923 quo
466 1858 633 1922 magis
665 1856 967 1923 imperitans
997 1859 1144 1908 Nero
1168 1873 1262 1923 per
1299 1872 1409 1908 sce-

344 1935 420 1984 lus
443 1935 565 1985 odio
582 1935 705 2003 fuit.

406 2015 485 2063 Eo
510 2015 664 2064 latius
705 2030 883 2080 sparsa
912 2013 1066 2079 fama,
1101 2014 1236 2080 quod
1267 2014 1411 2064 inno-

344 2092 539 2154 centia,
559 2092 852 2156 nobilitate,
886 2100 942 2142 et
977 2092 1220 2156 periculis
1250 2092 1412 2156 magis
1453 2160 1464 2170 α

344 2169 734 2219 commendatus
755 2177 837 2220 est
858 2170 1207 2220 Britannicus„
1254 2171 1413 2219 Fama

344 2247 503 2296 etiam
526 2262 645 2297 mox
676 2263 740 2299 ex
778 2249 1009 2313 pernicie
1048 2248 1322 2309 immerita,
1356 2253 1413 2297 et

344 2339 410 2374 ex
433 2325 655 2376 crimine
681 2326 923 2376 Neronis.

408 2412 431 2444 5
464 2405 626 2454 Festi-s
646 2404 854 2454 Saturno
875 2402 1060 2466 diebus]
1116 2403 1414 2453 Saturnalia

338 2484 417 2533 sic
442 2483 636 2533 dictaa
658 2484 902 2546 Saturno,
943 2485 1060 2547 quod
1093 2498 1146 2532 eo
1179 2480 1414 2542 dieserioe

339 2563 461 2625 qius,
480 2562 636 2611 testis
653 2563 841 2611 Varro.

343 2661 348 2672 ·
409 2638 698 2689 Celebrata
729 2636 943 2687 fuerunt
977 2636 1418 2687 Saturnaliaante

342 2717 568 2766 Romam
613 2714 894 2777 conditam,
935 2715 989 2763 in
1033 2714 1208 2776 Italia,
1265 2722 1321 2764 et
1363 2714 1414 2764 in

342 2794 580 2846 Graecia.
646 2787 1000 2843 Saturnalibus
1035 2792 1222 2843 crebra
1242 2792 1417 2842 convi-

342 2873 429 2923 via
452 2871 742 2937 agitabant,
776 2871 1159 2935 mittebantque
1194 2870 1415 2920 invicem

341 2965 583 3014 munera,
607 2966 723 3015 quae
746 2950 1043 3000 Saturnalia
1066 2949 1415 3011 dicebantur3

346 3038 458 3078 tum
497 3029 658 3078 etiam
703 3041 903 3090 cereos,
954 3026 1091 3092 quod
1137 3027 1414 3076 Saturnum

343 3105 625 3157 luminibus
666 3104 896 3155 accensis
941 3105 1211 3155 colerent:
1270 3104 1419 3170 quasi

344 3184 726 3250 significarent,
781 3184 999 3233 Saturno
1051 3183 1307 3247 principe,
1362 3198 1419 3233 se

344 3264 498 3313 velut
540 3262 607 3312 ad
629 3263 798 3311 lucem
836 3267 892 3312 et
914 3262 1075 3310 bonas
1098 3268 1233 3311 artes
1256 3266 1423 3310 trans·

340 3342 488 3391 latos
506 3355 641 3390 esse.
696 3341 883 3389 Servos
903 3354 1020 3389 suos
1039 3339 1286 3387 conviviis
1311 3339 1421 3403 opi-

346 3419 495 3483 paris
514 3415 873 3481 excipiebant,
915 3421 972 3466 et
993 3414 1088 3480 ipsi
1114 3415 1306 3465 domini
1328 3415 1420 3464 mi-

344 3495 657 3549 nistrabant.
768 3555 771 3558 .

418 3573 654 3623 Primum
706 3571 1005 3622 Saturnalia
1043 3572 1311 3622 celebrata
1354 3571 1420 3622 ad

346 3663 472 3700 xw.
500 3650 621 3699 Kal.
659 3649 782 3701 Jan.
823 3656 981 3714 atque
1013 3663 1115 3700 uuo
1149 3650 1234 3700 die
1257 3650 1423 3701 absol-

351 3728 629 3777 vebantur.
718 3725 1003 3791 Postquam
1050 3727 1108 3778 C.
1146 3727 1324 3776 Caesar
1369 3727 1421 3776 in

349 3807 477 3855 anni
512 3805 898 3866 emendatione,
931 3805 1051 3854 huic
1090 3805 1254 3855 mensi
1294 3804 1422 3855 duos

349 3885 468 3934 dies
505 3882 726 3948 addidit,
762 3882 1030 3933 celebrata
1052 3892 1173 3934 sunt
1197 3885 1262 3934 ad
1304 3898 1422 3935 xvt.

354 3961 479 4011 Kal.·
499 3961 622 4012 Jan.

422 4037 565 4087 Hinc
584 4036 800 4101 factum,
838 4043 899 4087 ut
928 4052 1045 4088 cum
1070 4039 1248 4103 vulgus
1283 4039 1424 4104 igno-

355 4123 498 4166 'raret
549 4122 752 4165 certum
806 4116 1212 4166 Saturnaliorum
1267 4118 1425 4180 diem,

352 4193 693 4259 'nonnullique
709 4208 742 4241 a
765 4198 998 4258 tempore
1024 4194 1241 4244 Caesaris
1259 4195 1424 4244 inc-er-

360 4280 416 4321 to
450 4272 555 4337 die,
587 4278 646 4321 et
687 4272 776 4321 alii
811 4272 978 4321 veteri
1013 4287 1156 4323 more
1193 4272 1425 4324 celebra·

361 4358 497 4415 rent,
540 4349 713 4415 plures
753 4349 866 4400 dies
887 4349 1168 4401 Saturnalia
1197 4352 1428 4404 nomina·

1491 1479 1688 1536 rentur,
1734 1478 1790 1523 et
1813 1472 2077 1536 Augustus
2109 1472 2164 1522 in
2186 1473 2391 1537 legibus·
2414 1473 2557 1540 judi·

1490 1551 1660 1601 ciariis
1682 1551 1853 1602 tridno
1876 1565 1964 1601 eas
1987 1549 2143 1601 ferias
2164 1553 2360 1601 servari
2373 1552 2555 1616 jussit.

1553 1635 1574 1661 ²
1607 1628 1743 1678 Inter
1762 1629 1860 1677 alia
1876 1628 2127 1691 equalium
2147 1628 2354 1692 ludicra]
2389 1629 2559 1680 Inter·

1489 1710 1669 1769 pretes
1692 1705 1757 1754 ad
1783 1704 2176 1754 illustrationem
2195 1705 2297 1755 loci
2314 1704 2559 1770 afferunt,

1489 1797 1604 1846 quae
1628 1782 1816 1832 Pollux
1845 1782 2029 1832 scribit
2065 1783 2100 1833 l.
2126 1797 2205 1832 lx.
2241 1784 2256 1810 ‘
2280 1781 2556 1848 Regnum,’

1489 1861 1675 1925 inquit,
1705 1860 1721 1888 ‘
1746 1866 1845 1924 est,
1895 1875 2012 1909 cum
2050 1867 2319 1926 postquam
2360 1868 2554 1914 sortem

1492 1943 1719 2001 traxere,
1742 1951 1833 1986 rex
1868 1937 2112 2003 imperat,
2151 1938 2274 2003 quid
2298 1940 2556 2004 agendum

1491 2015 1593 2077 sit;
1643 2016 1879 2065 minister
1917 2031 2043 2067 vero
2087 2031 2178 2067 seu
2232 2032 2430 2080 servus,
2472 2017 2557 2069 cui

1491 2107 1680 2157 nempe
1719 2109 1783 2147 ea
1816 2108 1923 2144 sors
1959 2095 2153 2159 evenit,
2186 2094 2375 2161 ubique
2398 2095 2558 2146 inser-

1491 2171 1570 2220 vit
1591 2186 1652 2221 ac
1673 2172 1907 2222 laborat.'

1557 2250 1727 2313 Magis
1747 2248 1877 2299 facit
1897 2248 2105 2300 Arriani
2140 2251 2285 2300 locus
2306 2250 2341 2301 l.
2373 2264 2413 2302 1.
2435 2250 2560 2301 Dis-

1491 2326 1830 2376 sertationum
1872 2327 2133 2391 Epicteti:
2168 2328 2183 2354 ‘
2207 2327 2558 2378 Saturnalium

1489 2403 1671 2454 diebus
1694 2418 1785 2453 rex
1808 2404 2051 2470 eligitur;
2086 2404 2233 2454 lubet
2256 2404 2392 2453 enim
2413 2403 2561 2454 lude·

1491 2498 1547 2533 re
1570 2484 1708 2533 hunc
1727 2485 1912 2533 lusum.
1980 2484 2033 2532 Is
2057 2483 2310 2546 imperat:
2338 2488 2394 2531 ιιι
2418 2481 2562 2544 bibe,

1492 2566 1550 2610 tu
1574 2560 1751 2622 misce,
1782 2566 1838 2609 ιιι
1861 2559 2086 2624 expelle,
2116 2565 2171 2608 tu
2197 2558 2304 2621 abi,
2343 2566 2402 2610 tu
2421 2561 2559 2609 veui.

1492 2637 1686 2698 Pareo,
1707 2652 1774 2687 ne
1797 2652 1910 2686 mea
1930 2653 2083 2686 causa
2099 2637 2328 2686 solvatur
2350 2636 2540 2687 ludus.'

1554 2716 1625 2763 Et
1641 2714 1861 2763 maxime
1881 2714 2095 2776 Luciani
2113 2716 2167 2764 iu
2186 2715 2562 2765 Saturnalibus.

1495 2790 1726 2857 ‘Vides,’
1767 2791 1979 2858 (inquit,
2018 2792 2157 2858 apud
2191 2792 2431 2843 Groecum
2467 2792 2563 2844 Sa·

1498 2874 1680 2918 turnus
1736 2868 2071 2934 magnificans
2114 2885 2258 2920 suum
2300 2871 2560 2938 regnum,)

1493 2946 1510 2974 ‘
1529 2952 1777 3009 quantum
1802 2944 1992 2994 bonum
2010 2946 2095 3010 sit,
2115 2960 2291 3011 regem
2308 2948 2447 2997 inter
2460 2962 2565 2997 om-

1495 3036 1586 3073 nes
1611 3023 1752 3087 eligi,
1771 3024 1813 3073 si
1840 3023 2023 3073 viceris
2046 3024 2170 3075 talo.
2221 3026 2351 3075 Cum
2391 3040 2563 3092 neque

1499 3101 1765 3166 quisquam
1810 3101 1903 3150 tibi
1937 3101 2211 3151 ridiculum
2241 3102 2438 3168 aliquid
2475 3105 2566 3154 im·

1499 3185 1671 3243 peret,
1712 3185 1768 3229 et
1812 3186 1870 3229 tu
1911 3179 2168 3243 imperare
2210 3180 2323 3230 aliis
2367 3182 2565 3245 possis:

1500 3258 1637 3320 huic,
1657 3265 1716 3307 ιιι
1739 3264 1895 3323 turpe
1925 3258 2119 3324 aliquid
2140 3258 2208 3309 de
2237 3259 2405 3324 seipso
2428 3261 2567 3312 voci·

1500 3334 1721 3399 seretur,
1760 3337 1855 3399 illi,
1901 3343 1961 3386 ιιι
1998 3337 2155 3385 saltet
2185 3335 2370 3399 nudus,
2405 3342 2565 3403 utque

1502 3414 1709 3464 sublata
1741 3414 1793 3463 in
1824 3415 2062 3463 humeros
2097 3413 2315 3472 tibicina
2355 3420 2437 3464 ter
2467 3415 2567 3483 ‚⁴¹⁰-

1500 3506 1640 3540 mum
1665 3491 1981 3540 circumeat.’
2013 3489 2219 3554 Lipsius.
2633 3552 2648 3558 ²

1567 3573 1592 3600 ⁸
1623 3568 1842 3629 Regnum
1863 3567 1969 3615 lusu
1989 3565 2311 3630 sortientium]
2345 3567 2423 3617 Eo
2442 3567 2565 3634 ritu,

1502 3659 1605 3710 quo
1627 3658 1785 3708 regna
1808 3643 2177 3706 conviviorum,
2207 3643 2262 3693 id
2302 3653 2403 3709 est,
2440 3649 2565 3698 talo.

1500 3726 1584 3772 Ex
1623 3721 1839 3772 Luciani
1864 3736 2024 3785 supra
2054 3721 2244 3773 verbis,
2312 3724 2573 3775 Florenti-

1501 3818 1597 3852 nus
1615 3803 1768 3852 etiam
1792 3801 1989 3852 codex:
2025 3802 2208 3851 ludicra
2241 3802 2305 3852 R.
2341 3818 2537 3866 regnum
2555 3821 2572 3854 .·

1502 3879 1639 3945 quod
1664 3880 1818 3942 valet,
1842 3879 2124 3928 Romanum.
2159 3879 2384 3943 Lipsius.

1572 3959 1790 4020 Regnum
1849 3959 1954 4006 lusu
2011 3956 2337 4020 sortientium]
2402 3957 2573 4009 Julius

1505 4037 1718 4098 Pollux,
1742 4036 2014 4086 Onomast.
2048 4049 2203 4097 nono,
2233 4035 2399 4083 lusum
2416 4049 2574 4101 quen-

1508 4115 1626 4163 dam
1650 4112 1902 4163 describit
1935 4114 2024 4178 qui
2059 4110 2314 4161 Βασιλίνδα
2352 4110 2573 4179 dicatur,

1504 4210 1624 4244 cum
1648 4194 1810 4243 ducta
1841 4199 2004 4253 sorte,
2024 4191 2206 4256 aliquis
2229 4190 2289 4241 fit
2307 4206 2417 4255 rex,
2441 4200 2498 4243 et
2531 4191 2573 4242 is

1506 4270 1775 4337 quidpiam
1831 4267 2043 4319 difficile
2086 4267 2343 4331 ministro,
2385 4271 2465 4320 cui
2511 4283 2575 4319 ea

1508 4363 1619 4399 sors
1651 4347 1848 4414 pariter
1871 4344 2137 4412 obtigerit,
2175 4344 2418 4412 imperat.
2486 4347 2571 4414 De
