3063 4952
422 373 602 465 1416

456 533 575 602 8.
621 530 754 595 Sed
785 531 963 615 apud
1006 531 1327 597 Senatum
1355 526 1581 597 omnia
1603 534 1674 596 in
1701 531 1917 616 majus
1946 535 2296 602 celebrata
2304 543 2460 602 sunt
2479 556 2645 607 sen-

386 587 642 704 >tentiis
694 654 948 711 eorum,
997 635 1112 721 qui
1161 635 1781 726 ‘supplicationes-,¹
1824 642 1904 701 et
1940 638 2175 703 diebus
2199 640 2649 724 supplicatio-

423 757 587 819 num
646 747 922 811 vesunuy
988 738 1289 822 Principi
1343 739 1858 822 triumphalemf.
1903 746 2106 825 utque
2156 764 2367 809 ovans
2415 744 2652 811 urbem

422 840 636 919 iniret,
639 849 665 876 ⁸
693 832 1076 925 effigiesque
1120 841 1316 927 ejus,b
1359 843 1502 925 pari
1547 844 1990 924 magnitudine
2043 867 2123 911 ac
2171 846 2420 915 Martis
2449 845 2649 917 Uito-

1131 388 1205 454 c.
1253 385 1618 451 connubii
1666 384 1921 443 raom
2319 393 2411 460 [Α.
2430 392 2499 446 u.
2519 395 2648 497 aas·

491 1006 589 1057 Sed
609 1009 736 1072 apud
760 1009 933 1057 Patres
953 1013 1121 1058 cuncta
1140 1009 1191 1058 in
1214 1010 1364 1070 nzay'us
1384 1009 1599 1057 laudibus
1625 1014 1783 1059 evecta
1815 1016 1925 1060 sant
1962 1012 2149 1062 illorum
2170 1013 2437 1074 sententiis,
2458 1006 2542 1076 qui
2548 1012 2648 1062 de-

422 1088 608 1124 erevere
652 1075 1078 1137 supplicationeS,
1113 1082 1168 1123 et
1214 1075 1395 1123 diebus
1439 1075 1872 1151 supplicationum
1910 1079 2106 1127 cultum
2148 1079 2508 1142 triumphalem
2535 1076 2647 1126 Ne-

427 1139 571 1213 roni,
599 1146 757 1203 utque
789 1155 950 1227 ovans
970 1141 1235 1190 civitatem
1259 1141 1499 1203 intraret,
1521 1147 1577 1190 et
1601 1141 1851 1204 imagines
1873 1143 1987 1206 ejus
2007 1145 2192 1209 aequali
2217 1144 2557 1208 proceritate,
2578 1156 2652 1192 ae

1422 1263 1642 1314 NOTAE

424 1346 533 1404 Sed
553 1353 691 1417 apud
715 1369 830 1403 eum
855 1357 1055 1415 Σοαῖμρς
1085 1356 1296 1418 dicitnr,
1320 1362 1374 1406 et
1396 1354 1496 1417 spr-

428 1438 567 1483 tasse
589 1431 663 1480 ita
687 1433 1040 1481 scribendum.
1076 1434 1286 1496 Lipsius.

494 1508 775 1574 Sophenem]
794 1510 1054 1572 Sophene,
1077 1510 1214 1574 regio
1236 1508 1494 1560 Armeniae

428 1591 669 1655 majoriS,
709 1590 849 1638 circa
893 1591 1210 1653 Euphratem
1263 1587 1495 1640 fluvium.

429 1668 511 1723 Ex
535 1668 758 1717 Ptolem.
783 1682 836 1716 v.
864 1670 942 1716 13.
981 1667 1295 1716 Tillemonius.

495 1751 520 1776 ⁸
555 1744 855 1805 Exortusque
868 1743 922 1790 in
936 1743 1166 1807 tempore]
1194 1743 1253 1791 ln
1274 1748 1498 1807 tempore,

429 1819 485 1870 id
503 1827 602 1886 est,
621 1820 950 1883 tempestive,
975 1835 1063 1869 seu
1088 1829 1501 1885 peropportune,

428 1911 616 1960 nempe
658 1895 905 1945 Romanis
932 1913 945 1957 ;
1003 1897 1076 1947 sic
1128 1897 1268 1946 enim
1313 1897 1498 1949 Parthi

328 1973 333 1979 ’
431 1972 728 2045 Armeniam
753 1980 810 2022 et
845 1973 1037 2023 bellum
1072 1971 1287 2023 differre
1328 1975 1499 2025 coacti

433 2059 572 2118 sunt,
610 2067 667 2101 re
707 2051 918 2116 majoris
960 2052 1206 2116 ponderis
1251 2051 1500 2114 distenti3

414 2146 552 2183 ,nam
587 2129 653 2179 de
675 2145 872 2179 summa
892 2144 1065 2178 rerum
1089 2128 1341 2198 agebatur
1361 2129 1502 2179 inter

434 2214 638 2279 patrem
662 2214 719 2256 et
738 2206 916 2256 filium.
990 2255 996 2261 ,
1161 2251 1165 2254 ,

498 2292 522 2318 v
544 2276 798 2355 AEmulus]
877 2282 1094 2349 Imperii
1140 2272 1326 2349 nempe
1378 2283 1505 2335 Par·

433 2361 581 2413 thici.

453 2451 457 2454 ’
497 2445 534 2472 ¹'
567 2432 725 2491 Filius
755 2436 1018 2509 Vardanes]
1050 2437 1230 2488 Vertit
1245 2437 1501 2506 interpres

437 2516 704 2585 Hispanus
724 2534 736 2567 :
745 2517 886 2584 filias
899 2516 1142 2566 Bardanis
1155 2532 1172 2565 .-
1206 2515 1344 2581 quod
1364 2513 1498 2566 forte

433 2612 537 2648 non
553 2597 663 2647 sine
682 2591 883 2647 ratione
909 2595 998 2656 sit,
1012 2595 1054 2644 si
1071 2596 1199 2644 Mss.
1215 2595 1497 2661 niteretur-3
1523 2649 1527 2653 ,

435 2692 554 2727 nam
593 2676 720 2727 alias
751 2674 989 2725 standum
1011 2674 1174 2724 veteri
1199 2673 1499 2737 exemplari.

519 2760 545 2786 ¹
581 2752 682 2809 Qui
723 2749 1105 2817 supplicationes]
1173 2749 1500 2815 snpplicatio

434 2831 595 2881 honos
617 2829 735 2893 fuit,
769 2829 861 2893 qui
894 2843 996 2878 una
1026 2841 1143 2876 eum
1171 2826 1502 2890 imperatoris

435 2907 642 2959 nomine
664 2905 1044 2958 decernebatur
1063 2903 1247 2953 victori
1267 2920 1283 2964 3
1315 2917 1502 2968 nempe

435 3000 554 3037 cum
588 2990 820 3044 senatus,
841 2983 1016 3032 Deum
1056 2982 1253 3045 templa
1288 2980 1502 3044 aperiri,

435 3058 500 3112 ae
522 3060 722 3126 gratias
743 3045 882 3123 Diis,
912 3057 1241 3123 imperatoris
1276 3058 1503 3123 nomine,

434 3139 521 3204 agi
533 3136 776 3203 jubebat.

499 3218 632 3269 Erat
663 3217 802 3268 enim
842 3216 1017 3280 moris,
1052 3221 1115 3266 ut
1145 3216 1383 3268 consules
1417 3216 1503 3267 vel

433 3302 706 3364 praetores,
743 3299 1016 3360 postquam
1054 3307 1086 3343 a
1126 3291 1374 3344 militibus
1413 3309 1502 3362 ap-

433 3375 618 3441 pellati
651 3373 996 3438 imperatores
1029 3368 1255 3434 fuerant,
1292 3370 1502 3426 lictores

429 3447 1064 3517 laureatospraeferrent,
1107 3447 1390 3513 literasqne
1435 3448 1501 3498 ad

430 3534 668 3593 senatum
701 3526 958 3579 laureatas
979 3523 1047 3586 de
1069 3539 1128 3575 re
1150 3532 1301 3590 gesta
1326 3525 1502 3577 mitte-

432 3594 589 3669 rent3
633 3604 820 3671 quibus
856 3601 1185 3668 imperatoris
1216 3616 1402 3655 nomen
1438 3619 1500 3655 ac

430 3683 844 3750 supplicationes
873 3696 916 3749 ‘a
943 3687 1128 3731 senatu
1160 3681 1497 3746 postularent.

497 3760 564 3811 In
584 3759 683 3810 hac
701 3757 1092 3824 supplicationis
1126 3758 1333 3823 pompa,
1355 3772 1500 3809 sena-

432 3845 518 3891 tus
553 3836 618 3887 ad
643 3837 840 3900 templa
876 3836 1114 3888 Deorum
1137 3834 1420 3885 solenniter
1442 3851 1498 3886 se

433 3912 758 3980 conferebat,
777 3914 955 3979 ibique
971 3911 1316 3977 sacrificabat,
1337 3920 1393 3963 et
1411 3913 1500 3963 da-

432 3992 526 4045 bat
544 3992 599 4042 in
621 3991 832 4056 templis
853 3990 1091 4054 epulum,
1140 3988 1305 4039 omnis
1340 4003 1498 4054 popu-

430 4070 514 4121 lus
558 4067 746 4133 agebat
791 4067 902 4118 dies
933 4064 1114 4131 festos,
1143 4071 1200 4115 et
1234 4063 1502 4128 referebat

432 4146 551 4198 Diis
569 4146 778 4211 gratias.
811 4146 1000 4199 Primis
1026 4142 1500 4216 temporibus„sup·

434 4223 652 4291 plicatio
695 4223 910 4275 decreta
942 4224 995 4275 in
1036 4236 1194 4276 unum
1240 4224 1332 4270 aut
1369 4219 1500 4269 alte-

435 4303 548 4353 r'um
572 4300 732 4367 diem,
769 4304 956 4368 postea
977 4311 1142 4365 usqne
1163 4294 1228 4346 ad
1253 4292 1524 4383 quinqua-—

1580 1356 1726 1420 ginta
1748 1357 1856 1408 dies
1880 1364 2096 1409 extensa
2113 1373 2322 1423 pompa.

1642 1443 1665 1477 ἵ
1688 1436 1870 1485 Diebus
1884 1437 2275 1500 supplicationum
2290 1433 2486 1497 vestem]
2506 1434 2651 1486 Qua·

1569 1501 1624 1561 'si
1646 1528 1769 1563 vero
1793 1529 1894 1563 nou
1920 1529 2125 1577 semper
2149 1514 2340 1562 Caesari
2364 1513 2548 1562 liceret
2569 1513 2652 1563 uti

1578 1597 1722 1639 veste
1761 1591 2056 1653 triumphali
2081 1592 2113 1640 Ξ,
2140 1590 2233 1639 sed
2269 1589 2344 1639 sic
2399 1589 2651 1641 manebat

1577 1665 1747 1730 aliqua
1787 1666 1986 1729 species
2028 1665 2251 1729 Reipnb.
2292 1671 2351 1714 et
2390 1665 2515 1715 olim
2551 1665 2655 1716 bae

1577 1749 1747 1805 veste,
1786 1749 1935 1792 extra
1972 1757 2213 1807 pompam
2262 1743 2530 1808 triumphi,
2570 1743 2654 1794 nti

1579 1819 1770 1868 nemini
1813 1818 1892 1869 fas
1948 1815 2127 1883 fuisse,
2184 1819 2336 1912 docet
2382 1821 2435 1869 in
2477 1819 2658 1873 Maria

1581 1897 1911 1953 Plutarchus,

1646 1975 1767 2024 Sic‘
1787 1982 2005 2039 peracto
2027 1974 2308 2040 triumpho,
2340 1974 2552 2039 induxit
2573 1990 2658 2026 se·

1581 2057 1759 2101 natum
1806 2052 2003 2101 Marius
2045 2053 2098 2101 in
2134 2052 2471 2114 Capitolium,
2489 2058 2655 2118 atque

1581 2129 1853 2189 incertum,
1876 2131 1995 2178 num
2018 2118 2248 2194 prudens
2267 2129 2339 2192 id,
2360 2144 2426 2178 an
2440 2127 2657 2180 fortuna

1582 2220 1675 2268 sua
1696 2207 1863 2256 elatus
1886 2205 2087 2271 fecerit,
2114 2206 2419 2257 insolentius
2455 2207 2657 2272 ingres.

1581 2299 1668 2334 sus
1689 2285 1884 2334 curiam
1907 2290 1989 2334 est
2011 2290 2159 2334 veste
2183 2283 2498 2347 triumphali.
2550 2285 2659 2334 Ve-

1583 2378 1696 2415 rum
1729 2360 2109 2413 cito-offensum
2136 2359 2553 2411 animadvertens
2575 2375 2658 2412 se-

1584 2447 1780 2506 natum,
1802 2442 2028 2492 surrexit
2032 2445 2329 2506 ‚sumtaque
2343 2437 2502 2489 rediit
2521 2453 2660 2505 prae-

1585 2518 1763 2571 texta?

1644 2595 1891 2646 ²Vestem
1908 2594 2127 2661 principi
2142 2592 2493 2658 triumphalem]
2513 2592 2658 2654 Haee

1581 2673 1681 2723 fnit
1703 2688 1954 2737 purpura,
1971 2687 2094 2724 auro
2116 2671 2323 2721 intexto
2344 2670 2505 2734 picta.
2563 2670 2656 2730 De

1584 2765 1817 2816 purpura
1838 2751 1913 2799 sic
1939 2749 2075 2800 Plin.
2098 2761 2184 2798 rx.
2207 2752 2287 2799 36.
2322 2750 2337 2776 ‘
2354 2748 2472 2800 Diis
2494 2748 2662 2800 advo·

1584 2834 1735 2880 catur
1772 2826 2061 2892 placandis,
2106 2839 2417 2892 omnemque
2448 2832 2682 2880 vestem.

1584 2908 1860 2969 illuminat,
1882 2908 1933 2956 in
1960 2906 2260 2970 triumphali
2282 2907 2532 2968 miscetur
2545 2963 2548 2966 ,
2563 2922 2656 2957 an·

1585 3000 1660 3035 ro.
1749 2984 2085 3049 Quapropter
2106 2991 2358 3038 excusata
2378 2990 2435 3035 et
2458 2999 2657 3049 pnrpu-

1584 3078 1655 3113 rae
1675 3062 1743 3113 sit
1757 3060 1993 3113 insania.’

1647 3146 1673 3173 ⁸
1711 3140 1866 3204 thue
1887 3153 2030 3190 ovans
2048 3138 2211 3190 urbem
2235 3137 2408 3202 iniret]
2448 3138 2553 3200 Qui
2574 3140 2656 3192 sic
2731 3180 2738 3188 .

1583 3216 1955 3282 triumphabat,
1997 3216 2180 3280 ‘pedes
2242 3215 2662 3286 ingrediebatur,

1582 3300 1771 3360 myrto,
1786 3308 1889 3344 nou
1901 3294 2048 3346 lauro
2068 3298 2359 3345 coronatus.
2395 3293 2538 3356 Plin.
2560 3306 2664 3352 xv.

1582 3376 1666 3422 29.
1698 3371 1715 3399 ‘
1736 3371 1948 3423 Bellicis
1995 3384 2198 3436 qnoque
2232 3383 2289 3420 se
2323 3368 2480 3420 rebus
2504 3369 2659 3438 ‚inse-

1581 3448 1718 3511 rnit3
1739 3447 2163 3513 triumphansque
2184 3446 2250 3496 de
2267 3445 2475 3509 Sabinis
2496 3446 2659 3500 Post-

1581 3526 1781 3577 humius
1818 3525 2087 3575 Tubertus
2121 3523 2175 3573 in
2209 3525 2502 3590 consulatu,
2536 3524 2656 3591 (qni

1581 3604 1777 3670 primus
1820 3602 2047 3654 omnium
2085 3616 2246 3660 ovans
2279 3602 2544 3667 ingressus
2573 3617 2662 3659 nr·

1581 3686 1702 3738 bem
1740 3690 1842 3746 est,
1878 3681 2121 3747 quoniam
2164 3694 2272 3731 rem
2316 3681 2507 3732 leviter
2539 3682 2657 3746 sine

1581 3775 1767 3812 eruore
1799 3756 2076 3825 gesseram
2098 3764 2270 3822 myrto
2301 3757 2524 3821 Veneris
2547 3759 2666 3822 vic-3

1580 3837 1731 3891 tricis
1765 3843 2038 3890 coronatus
2074 3834 2310 3897 incessit,
2348 3834 2666 3900 optabilems

1581 3929 1685 3982 que
1739 3915 1977 3966 arborem
2015 3914 2174 3966 etiam
2222 3912 2457 3966 hostibus
2493 3911 2672 3977 feei&

1581 3994 1716 4045 Haec
1762 3996 1949 4055 postea
1989 3991 2252 4040 ovantium
2295 3988 2393 4039 fnit
2436 3986 2674 4055 corona,

1573 4073 1812 4131 excepto
1831 4066 1909 4117 M.
1931 4067 2134 4128 Crasso,
2148 4065 2317 4131 quide
2338 4064 2575 4130 fugitivis
2589 4077 2656 4124 ,et

1580 4147 1853 4213 Spartaco,
1884 4142 2067 4193 laurea
2098 4150 2374 4200 coronatus
2404 4142 2654 4208 incessigff
2751 4163 2754 4164 ν

1581 4224 1686 4276 Sed
1711 4226 1897 4288 postea
1915 4220 2071 4276 etiam
2086 4220 2141 4272 in
2157 4233 2292 4287 equo
2313 4225 2550 4283 orarunt,
2581 4275 2588 4281 ff
2621 4271 2643 4284 μ

1656 4302 1809 4395 quw
1848 4297 2016 4370 ow]
2064 4300 2221 4385 resffe
2256 4297 2677 4382 rmoflamsq,
