3063 4952
1426 232 1447 256 0

464 344 650 459 ³144ss-

1162 378 1172 431 ἶ
1188 388 1253 451 e.
1297 385 1659 449 col't‘NEn'il
1701 378 1966 456 ‘'r'A'errr‘

2358 381 2683 461 [Asu-soe.

478 553 751 620 Neroni.
784 546 788 550 Α
842 549 1054 634 Igitur
1083 549 1314 614 ceteris
1344 508 1633 624 diuersa,
1682 532 1806 609 nec
1836 530 2140 611 ruborem
2173 523 2526 607 allaturae*
2555 526 2686 607 'nbi

480 707 647 795 Itaque
669 729 764 779 alia
793 727 922 794 aliis,
953 743 1036 778 nec
1065 729 1289 792 pudorem
1317 726 1516 786 factura
1550 725 1805 790 praecepit
1828 741 1842 787 ;
1874 730 1925 775 at
1945 730 2189 789 postquam
2211 723 2465 790 imperavit
2487 723 2691 774 Britan·

1405 871 1582 890 ““““

1587 870 1758 889 ““““

488 966 620 1020 diora
646 965 738 1015 Ro.
759 979 972 1026 regnum.
1006 962 1271 1013 Idem.--4
1307 961 1368 1010 In
1392 962 1497 1011 Ms.
1516 962 1649 1025 Reg.
1676 968 1731 1011 et
1752 960 1982 1012 editione
2000 960 2253 1026 principe,
2274 961 2484 1010 oblatura
2497 974 2517 1018 ‚·
2549 956 2693 1024 quod

1475 1092 1689 1147 Nom
1990 1066 2000 1073 '

477 1209 577 1260 hoc
599 1200 914 1260 intellexisse
934 1211 1193 1273 Tacitum,
1234 1211 1394 1260 dubio
1428 1227 1545 1275 pro-

478 1288 562 1337 cul
583 1287 822 1337 existimo
842 1305 857 1349 3
881 1288 1015 1337 sicut
1038 1294 1094 1337 et
1113 1289 1337 1352 Trogum
1364 1289 1415 1337 in
1440 1289 1544 1352 pri-

480 1378 582 1414 mo.
616 1364 848 1414 Alciatus.

544 1439 829 1506 Antiquum
855 1456 976 1505 ergo
998 1447 1095 1505 est,
1114 1436 1250 1507 quod
1273 1443 1544 1507 quotannis

476 1533 613 1568 nunc
657 1533 859 1584 quoque
900 1516 961 1566 fit
1004 1534 1181 1568 mense
1226 1520 1472 1570 Jauuario
1513 1536 1545 1569 a

476 1595 695 1655 nostris;
720 1602 928 1644 creatur
949 1596 1086 1644 enim
1111 1611 1219 1658 rex,
1241 1598 1325 1661 qui
1348 1597 1545 1661 aliquid

479 1673 720 1736 imperet,
744 1672 793 1737 iu
816 1670 1030 1721 formam
1058 1672 1212 1734 regiae
1245 1672 1546 1722 dominatio·

479 1749 575 1813 nis,
601 1748 959 1798 collusoribuS.
996 1749 1262 1798 Ferrettus.

546 1826 741 1877 Nescio
772 1826 893 1890 qnid
918 1826 1017 1875 sibi
1042 1827 1168 1875 velit
1205 1828 1436 1877 Florent.
1460 1844 1545 1878 co-

481 1903 582 1952 dex
607 1902 693 1966 qni
729 1902 876 1952 addit
911 1903 1093 1951 ludicra
1117 1904 1180 1953 R.
1215 1919 1426 1969 regnum,
1465 1909 1545 1968 ᾅτ.

480 1980 730 2030 Pichena.
798 1981 954 2029 Forte
979 1978 1225 2044 intelligit
1246 1983 1427 2043 ludicra
1448 1985 1546 2034 Ro-

481 2073 618 2106 mana
638 2074 658 2116 ;
692 2057 775 2106 vel
796 2057 969 2120 potius
991 2057 1113 2106 nihii
1136 2059 1201 2106 ad
1227 2073 1353 2110 rem.

548 2134 769 2195 Regnum
809 2133 934 2196 lusu]
1001 2134 1162 2196 Puto,
1202 2135 1338 2184 hunc
1381 2136 1546 2186 lusum

481 2209 804 2274 aliquatenus
845 2208 1056 2258 differre
1094 2209 1161 2260 ab
1197 2226 1260 2261 eo
1302 2213 1435 2274 lusu,
1482 2214 1547 2262 de

483 2299 584 2351 quo
627 2286 840 2337 Sueton.
883 2287 1013 2336 Ner.
1061 2291 1141 2337 35.
1177 2304 1185 2311 ·
1209 2293 1222 2316 ‘
1245 2289 1548 2353 Privignum

480 2361 724 2413 Rufinum
749 2362 1062 2427 Crispinum,
1101 2363 1334 2429 Poppaea
1353 2373 1548 2429 uatum,

480 2440 806 2506 impuberem
825 2439 1010 2503 adhuc,
1034 2440 1155 2505 qnia
1171 2440 1435 2493 ferebatur
1455 2443 1547 2493 du·

480 2526 624 2590 catus
647 2526 702 2571 et
725 2520 945 2585 imperia
975 2520 1173 2585 ludere,
1208 2524 1545 2586 mergendum

478 2596 626 2661 mari,
669 2597 790 2648 dum
831 2598 1137 2663 piscaretur,
1174 2598 1335 2648 servis
1379 2600 1545 2664 ipsius

479 2674 780 2724 mandavit!

548 2752 620 2801 Et
655 2752 722 2800 de
747 2767 848 2816 quo
882 2750 1193 2819 Plutarchus
1223 2752 1276 2800 in
1314 2753 1545 2813 Catoue3

479 2828 496 2856 ‘
522 2829 668 2892 cujus
694 2829 844 2877 ludus
870 2836 982 2877 erat
1006 2828 1206 2892 judicia
1244 2836 1299 2879 et
1337 2845 1546 2880 accusa-

483 2904 685 2955 tiones!
743 2904 1044 2969 Spartianus
1063 2904 1114 2953 in
1133 2905 1323 2954 Severo
1346 2921 1358 2953 :
1385 2907 1400 2933 ‘
1419 2907 1469 2955 N
1475 2907 1548 2953 ul-

482 2981 590 3030 lum
614 2980 752 3028 inter
774 2994 960 3043 pueros
983 2980 1176 3041 ludum,
1208 2980 1305 3029 nisi
1327 2981 1389 3029 ad
1406 2981 1546 3044 judi·

481 3071 568 3107 ces
592 3056 864 3107 exercuit.'
918 3057 1143 3106 Trebell.
1166 3057 1216 3105 in
1241 3058 1411 3107 Ga11.⁴
1439 3059 1543 3107 Ne·
1579 3067 1580 3072 ’

480 3148 584 3197 que
633 3133 787 3184 aliter
827 3133 1084 3196 Rempub.
1128 3142 1354 3197 regeret,
1393 3150 1546 3200 quam

483 3223 603 3258 cum
627 3210 773 3272 pueri
797 3206 996 3272 fingunt
1019 3209 1339 3272 potestates!

545 3283 746 3336 Seneca
769 3287 823 3334 in
858 3288 978 3349 Sap.
1017 3300 1119 3334 non
1159 3285 1273 3334 cad.
1304 3285 1547 3350 injuriam

480 3380 527 3417 c.
553 3369 632 3415 12.
673 3368 688 3394 ‘
714 3365 834 3415 Non
869 3364 986 3413 ideo
1028 3364 1301 3428 quicquam
1326 3365 1464 3413 inter
1487 3365 1545 3413 il-

480 3446 558 3502 los
582 3459 874 3509 puerosque
910 3444 1163 3493 interesse
1189 3445 1299 3507 quis
1340 3445 1552 3509 dixerit,

481 3523 620 3588 quod
640 3523 743 3572 illis
766 3523 1007 3586 talorum,
1027 3537 1342 3586 nucumque,
1360 3531 1415 3574 et
1431 3525 1550 3573 aeris

479 3599 679 3649 minimi
709 3600 926 3649 avaritia
957 3606 1056 3661 est,
1095 3600 1172 3648 his
1196 3601 1307 3649 auri
1326 3603 1552 3665 argenti-

480 3687 581 3743 que
603 3685 660 3728 et
698 3678 937 3727 urbium:
976 3677 1116 3742 quod
1139 3678 1216 3727 ini
1252 3679 1389 3727 inter
1412 3679 1552 3743 ipsos

478 3756 817 3820 magistratus
863 3763 1069 3818 gerunt,
1124 3763 1179 3805 et
1237 3751 1550 3820 praetextam

478 3831 749 3898 fascesque
794 3847 855 3881 ac
901 3833 1127 3882 tribunal
1167 3835 1452 3897 imitantur,
1497 3835 1550 3884 hi

480 3912 665 3961 eadem
720 3911 774 3960 in
824 3925 1007 3974 campo
1053 3910 1266 3977 foroque
1307 3919 1362 3962 et
1407 3913 1551 3966 curia

478 3988 702 4041 ludunt.'

546 4069 695 4118 Inter
735 4067 914 4117 ludum
948 4068 1317 4133 Saturnalium,
1357 4071 1419 4119 de
1444 4087 1547 4137 quo

477 4142 585 4215 liic,
607 4152 664 4197 et
694 4145 819 4195 istos
842 4146 998 4210 lusus,
1034 4146 1085 4195 id
1110 4147 1386 4198 discrimen
1410 4148 1548 4199 forte

478 4219 596 4287 fuit,
611 4222 747 4288 quod
774 4223 825 4272 in
844 4223 930 4274 illo
953 4232 1152 4289 nostro,
1169 4241 1324 4275 unum
1348 4233 1549 4277 tantum

472 4301 657 4362 ‘regem
679 4295 1007 4367 sortirentur,
1043 4302 1130 4369 qni
1170 4304 1361 4353 ceteris
1391 4304 1551 4370 impeq

1624 1217 1781 1273 rar-et,
1825 1218 1878 1259 et
1918 1210 2076 1259 semel
2115 1209 2194 1258 his
2226 1208 2414 1257 diebus
2455 1207 2692 1257 homines

1625 1288 1788 1355 adulti
1813 1288 2197 1348 sortiebantur;
2233 1291 2288 1335 at
2326 1288 2377 1335 iu
2420 1286 2531 1333 istis
2555 1285 2697 1346 aliis,

1623 1365 1773 1429 pueri
1810 1365 1921 1413 talis
1961 1363 2309 1413 sortiebantur
2346 1363 2440 1411 sibi
2476 1361 2695 1427 quisque

1625 1443 1980 1506 magistratum
2004 1442 2271 1506 'aliquem3
2307 1439 2426 1489 dein
2470 1454 2563 1503 pro
2597 1452 2696 1488 suo

1624 1511 1851 1583 modulo,
1880 1519 2107 1568 tribunal
2135 1518 2426 1579 struebant,
2467 1516 2696 1566 ludicra-

1626 1612 1725 1661 que
1750 1598 1852 1646 alia
1886 1597 2234 1656 exercebant3
2273 1602 2328 1645 et
2368 1595 2441 1644 sic
2482 1594 2696 1659 quoties

1626 1673 1805 1722 ludere
1827 1674 2034 1735 liberet,
2062 1679 2176 1722 toto
2198 1672 2316 1721 anui
2340 1678 2592 1736 tempore.

1657 1763 1662 1768 ’
1697 1751 1912 1811 Regnum
1936 1750 2063 1811 lusu]
2098 1750 2216 1799 Non
2243 1749 2443 1810 mirum,
2466 1748 2605 1812 quod
2629 1760 2697 1798 ea

1624 1840 1734 1874 sors
1756 1826 1893 1876 inter
1931 1824 2132 1873 ludicra
2171 1825 2428 1874 evenisset
2472 1820 2697 1887 Neroni,

1626 1903 1761 1968 quod
1788 1903 1923 1952 forte
1948 1903 2243 1952 adulatione
2284 1904 2561 1953 collusorum
2583 1901 2698 1962 -fac-

1626 1985 1745 2044 tum,
1765 1995 1861 2030 nec
1886 1979 1997 2027 siue
2021 1979 2234 2028 consilio
2243 1980 2512 2041 juvenum.
2581 1978 2697 2028 Ma·

1629 2057 1704 2120 gis
1728 2057 1929 2118 mirum,
1963 2056 2099 2121 quod
2125 2055 2264 2119 regia
2288 2063 2428 2105 sorte
2452 2056 2699 2119 dejectus

1628 2134 1980 2194 BritannieuS‚
2026 2134 2132 2181 tale
2174 2148 2400 2201 carmen,
2442 2134 2585 2182 velut
2639 2132 2697 2181 in

1631 2225 1765 2274 penu
1789 2226 1849 2259 ae
1873 2219 2102 2274 promtu,
2133 2210 2369 2273 haberet,
2408 2225 2507 2276 quo
2533 2211 2696 2260 decus

1632 2287 1745 2350 sibi,
1767 2287 1858 2336 sed
1882 2288 2028 2335 simul
2054 2295 2108 2336 et
2132 2288 2365 2349 exitium,
2390 2288 2693 2336 maturavit.

1669 2385 1672 2389 ·
1698 2368 1918 2430 Regnu‘m
1938 2368 2078 2431 lusu]
2113 2367 2268 2431 Apud
2295 2369 2546 2417 Vetere-s:
2585 2368 2701 2415 Rex

1628 2443 1745 2507 vini,
1784 2444 1965 2494 arbiter
2005 2444 2210 2506 bibendi,
2245 2445 2454 2494 dictator
2475 2444 2701 2508 convivii,

1626 2524 1855 2586 magister
1890 2540 2030 2574 coenoe
2069 2523 2373 2585 dicebatur3
2410 2524 2699 2573 sortieban-

1627 2607 1712 2650 tur
1735 2602 1869 2663 talis,
1906 2608 1961 2651 et
2000 2601 2083 2650 cni
2105 2601 2280 2651 Venus
2322 2601 2616 2665 obtigisset,
2652 2601 2701 2651 is

1626 2694 1715 2728 rex
1739 2678 1916 2730 fiebat.
2449 2683 2452 2686 ’

1692 2756 1873 2804 Cicero
1910 2756 1974 2804 de
2018 2756 2191 2808 Diviu.
2216 2762 2264 2809 1.
2304 2756 2320 2783 ‘
2346 2758 2583 2808 Quatuor
2603 2754 2700 2804 tali

1616 2830 1750 2895 jacti
1796 2847 1917 2881 casn
1972 2847 2251 2882 venereum
2290 2831 2552 2882 efficiunt!
2627 2832 2699 2881 Et

1616 2910 1842 2959 ‘Suetom
1867 2909 1996 2974 Aug.
2020 2911 2034 2937 ‘
2057 2911 2200 2959 Talis
2212 2911 2464 2975 jactis,ut
2483 2907 2702 2973 quisque

1628 3002 1826 3051 canem,
1860 2996 1949 3037 aut
1976 2988 2237 3038 senionem
2262 2988 2488 3049 miserat,
2519 2986 2569 3035 in
2595 2986 2700 3035 sin·

1628 3066 1774 3129 gulos
1809 3067 2222 3116 talosdenarios
2249 3067 2300 3114 in
2325 3066 2552 3115 medium
2580 3075 2705 3113 con·

1627 3141 1851 3203 ferebat,
1875 3159 2002 3207 qnos
2040 3143 2261 3192 tollebat
2284 3142 2570 3205 universos,
2609 3139 2699 3206 qui

1626 3221 1885 3268 Venerem
1897 3220 2135 3283 jecerat!
2165 3220 2406 3269 Aurelius.

1691 3297 1795 3346 Sed
1818 3298 1915 3345 hoc
1943 3299 2059 3346 loco
2080 3311 2181 3346 non
2206 3294 2574 3360 intelligendus
2597 3294 2705 3343 Ta·

1632 3373 1767 3422 citus
1791 3374 1856 3423 de
1882 3389 2025 3438 rege,
2046 3380 2134 3423 aut
2158 3389 2320 3437 regno
2343 3371 2587 3435 convivii,
2606 3370 2703 3424 sed

1632 3450 1697 3499 de
1722 3466 1879 3514 regno
1900 3452 2027 3501 ludi.

1697 3528 1921 3590 Regnum
1942 3530 2044 3577 lusu
2067 3519 2390 3588 sortientium]
2426 3526 2488 3575 In
2516 3525 2705 3574 Manu-

1634 3604 1862 3669 scripti5‚
1902 3606 1967 3653 R.
2012 3619 2229 3666 regnum,
2266 3602 2404 3668 qnod
2446 3603 2706 3665 iuterpre-

1635 3673 1813 3731 tantur
1843 3682 2109 3731 Romanum
2130 3695 2328 3743 regnum
2347 3697 2363 3729 .·
2392 3680 2484 3729 sed
2523 3694 2605 3728 res
2647 3680 2704 3729 in

1632 3774 1685 3807 se
1710 3758 1840 3807 falsa
1864 3766 1963 3808 est.
2032 3760 2079 3808 N
2087 3773 2171 3807 am
2207 3758 2312 3807 tale
2336 3772 2547 3821 regnum
2573 3756 2705 3805 nihil

1630 3836 1696 3885 ad
1721 3851 1829 3885 reru
1857 3837 2008 3886 Rom.
2042 3836 2311 3900 pertinuit,
2350 3843 2405 3884 et
2438 3849 2703 3900 nunquam

1628 3929 1691 3964 ea
1716 3931 1811 3965 vox
1831 3917 1894 3964 R.
1915 3931 2003 3964 seu
2030 3916 2182 3964 Rom.
2203 3914 2584 3979 praescribitur,
2605 3912 2701 3963 sed

1628 3993 1980 4057 postponitur.

1696 4070 1881 4119 Potius
1897 4085 2093 4131 regnum
2115 4070 2252 4117 Rom.
2277 4067 2529 4117 dicerent.
2575 4067 2704 4121 For·

1629 4153 1685 4198 te
1721 4147 1849 4196 illud
1873 4148 1937 4195 R.
1961 4161 2024 4194 ex
2047 4147 2111 4196 P.
2133 4144 2346 4208 factum,
2379 4152 2433 4194 et
2456 4143 2592 4193 forte
2628 4144 2706 4193 in·
2745 4137 2749 4140 Α

1629 4223 1972 4289 telligendum
2017 4222 2275 4271 Penatium
2316 4236 2551 4283 reg-num.-
2617 4222 2705 4270 vel

1624 4290 1768 4364 'forte
1790 4301 1869 4349 ·F.
1906 4305 1965 4350 ut
2002 4298 2328 4364 intelligatur
2352 4297 2559 4361 familioe
2584 4311 2708 4362 seg.-
