3063 4952
2442 391 2621 462 aon

419 552 786 616 straveram
826 543 991 626 tibi3
1033 548 1105 610 tu
1155 544 1384 610 mortis
1426 544 1637 610 decus
1679 547 1928 613 mavis:
1970 566 2102 613 non
2141 548 2453 616 invidebo
2496 571 2623 620 ex·

420 654 665 739 emplo.
755 650 859 716 Sit
899 649 1098 733 hujus
1136 654 1276 714 tam
1302 649 1489 714 fortis
1517 649 1742 715 exitus
1773 652 2148 718 constantia
2170 672 2373 736 penes
2396 659 2619 722 utros-

420 773 549 840 que
593 751 761 839 par,¹
789 752 1202 819 claritudinis
1251 755 1402 836 plus
1457 755 1525 817 in
1570 761 1686 818 tuo
1713 753 1883 817 fine?
1971 755 2140 819 Post
2187 777 2339 839 quae
2383 757 2615 823 eodem

415 861 599 932 ictum
647 858 919 923 brachia
976 856 1145 920 ferro
1190 858 1603 922 exsolvunt.¹1
1706 858 1984 936 Seneca,
2045 861 2354 942 quoniam
2409 860 2615 929 senile

416 981 662 1047 corpus
714 968 782 1026 et
834 979 1041 1044 parvo
1086 960 1299 1025 victu⁷
1351 965 1721 1025 tenuatumu
1763 962 1940 1026 lenta
2010 960 2252 1044 effugia
2306 965 2614 1046 sanguini

413 1066 784 1149 praebebat,
836 1083 1099 1127 crurum
1157 1079 1428 1146 quoque
1486 1068 1551 1126 et
1605 1064 1931 1147 poplitum
1988 1082 2193 1128 venas
2254 1064 2613 1150 abrumpit.

416 1167 770 1251 Saevisque
800 1166 1200 1231 cruciatibus
1230 1165 1552 1245 defessuS,
1597 1186 1677 1230 ne
1715 1166 1940 1230 dolore
1972 1186 2095 1230 suo
2125 1167 2413 1231 animum
2443 1189 2614 1236 uxo-

413 1269 510 1334 ris
539 1269 938 1351 infringeret,
987 1273 1184 1351 atque
1229 1268 1379 1350 ipse
1409 1267 1686 1333 visendo
1715 1268 1860 1352 ejus
1891 1273 2211 1333 tormenta
2261 1269 2349 1334 ad
2396 1271 2613 1355 impa-
2680 1249 2697 1261 ⁸

413 1372 710 1437 tientiam
745 1370 1173 1447 delaberetur,
1199 1369 1457 1448 suadet,
1491 1374 1511 1403 ⁸
1542 1371 1612 1435 in
1661 1370 1842 1434 aliud
1886 1359 2266 1436 cubiculum
2295 1369 2613 1437 abscede-

412 1473 565 1540 re.’⁸
653 1473 744 1537 Et
796 1472 1188 1538 novissimo⁰
1238 1491 1499 1556 quoque
1551 1478 1887 1537 momento
1946 1473 2418 1557 suppeditante
2472 1474 2612 1539 elo-

414 412 471 465 J.
493 410 555 463 Θ.
577 407 692 472 ffiJ
727 411 734 420 '
1092 399 1507 451 armamur(
1556 402 1703 452 mn.
1748 403 1880 454 XV..

411 1655 521 1691 ram
538 1642 721 1692 solatia
737 1642 880 1703 vitae,
903 1645 963 1688 tu
985 1636 1166 1690 mortis
1189 1639 1406 1702 gloriam
1431 1639 1730 1704 anteponis:
1766 1653 1867 1688 non
1890 1638 2204 1690 adversabor
2226 1643 2482 1705 exemplo.
2529 1642 2613 1693 sit

411 1706 663 1758 fortitudo
685 1707 837 1770 hujus
860 1712 966 1755 tam
988 1719 1256 1769 generosae
1279 1705 1461 1754 mortis
1500 1705 1552 1752 iu
1578 1706 1809 1769 utrisque
1832 1704 2037 1765 eadem,
2069 1710 2119 1754 ut
2159 1707 2271 1770 plus
2314 1707 2492 1769 gloriae
2515 1707 2611 1757 erit

409 1774 466 1822 in
493 1782 581 1822 tuo
600 1773 763 1821 exitu.
837 1772 950 1819 Post
978 1770 1076 1819 haec
1097 1772 1256 1822 eadem
1276 1785 1417 1818 manu
1439 1768 1669 1834 ferroque
1689 1785 1832 1818 venas
1860 1769 2156 1819 brachiorum
2177 1771 2473 1835 abrumpunt.
2525 1772 2612 1821 Se·

409 1852 543 1899 neca,
564 1837 677 1900 quia
697 1836 825 1885 senio
846 1834 1103 1893 confectum
1137 1850 1323 1898 comus,
1345 1839 1389 1883 et
1427 1835 1560 1884 tenui
1599 1835 1700 1884 cibo
1736 1835 2033 1883 debilitatum
2062 1842 2182 1894 erat,
2201 1838 2324 1885 lente
2365 1837 2611 1886 emittebat

408 1902 704 1963 sanguinem,
722 1901 865 1949 etiam
884 1915 1072 1949 crurum
1094 1905 1141 1948 et
1160 1901 1389 1963 poplitum
1408 1915 1549 1949 venas
1570 1901 1783 1949 exsolvit.
1850 1902 1919 1949 Et
1952 1901 2167 1950 violentis
2187 1902 2421 1951 doloribus
2445 1917 2610 1951 excru-

411 1968 588 2027 ciatus,
619 1982 677 2015 ne
692 1970 922 2015 tormento
938 1980 1021 2013 suo
1038 1964 1246 2014 animum
1266 1965 1474 2027 conjugis
1496 1964 1801 2028 infringeret,
1821 1970 1960 2029 atque
1997 1965 2096 2029 ipse
2127 1967 2226 2027 ejus
2243 1969 2424 2016 dolores
2452 1982 2612 2016 corum

408 2032 634 2081 intuendo
656 2031 917 2080 constantia
939 2030 1235 2093 dejiceretur,
1273 2036 1427 2079 monet
1448 2030 1608 2090 illam,
1629 2037 1684 2079 ut
1719 2031 1772 2079 in
1811 2029 1950 2080 aliud
1983 2031 2279 2081 cubiculum
2319 2032 2612 2083 secederet.

411 2097 482 2147 Et
502 2112 714 2164 supremo
732 2096 879 2146 etium
898 2096 1102 2145 instanti
1122 2095 1341 2157 Seneca,
1352 2095 1826 2161 qfflumteswundia,
1839 2095 2006 2145 accitis
2017 2097 2370 2146 amanuensibus
2392 2097 2613 2161 libertis,

1331 2220 1688 2239 OOMOOOOO‘

405 2312 502 2357 --7
527 2308 680 2357 Pareo
700 2306 828 2356 victu
846 2306 948 2355 Ms.
982 2304 1119 2355 Flor.
1145 2303 1314 2367 prima
1334 2303 1508 2364 manu,
1530 2303 1762 2368 Ryckius
1785 2310 1839 2354 et
1864 2304 2189 2365 Gronovius3
2225 2305 2401 2371 sicque
2433 2307 2608 2369 legen-

408 2373 530 2421 dum
549 2372 769 2430 Heinsio
780 2372 890 2434 jam
910 2368 1220 2419 suboluerat.
1254 2368 1448 2418 Postea
1469 2369 1799 2419 emendatum
1818 2370 1869 2418 in
1890 2371 1991 2419 Ms.
2012 2370 2152 2419 Flor.
2171 2384 2318 2432 parvo
2335 2371 2452 2434 ictu,
2470 2371 2608 2448 quod

446 2452 612 2503 noque
656 2436 847 2502 legitur
885 2435 936 2485 in
979 2433 1110 2485 MsS.
1149 2434 1283 2498 Reg.
1333 2431 1461 2498 Agr.
1485 2434 1594 2485 Jes.
1663 2434 1841 2485 Editio
1880 2434 2142 2499 princeps,
2173 2450 2277 2484 cum
2305 2451 2453 2499 parvo
2488 2442 2607 2488 actu.

494 2505 746 2562 teelanus,
784 2516 932 2565 parvo
972 2501 1137 2557 viem,-
1167 2499 1461 2575 probatque
1497 2501 1762 2549 Ernestus.
1818 2501 2134 2550 Brutia—8
2167 2499 2253 2549 Ita
2297 2502 2428 2550 Mss.
2471 2501 2607 2566 Reg.

410 2567 591 2619 Guelf.
615 2568 870 2617 editiones
893 2572 1099 2616 veteres
1121 2573 1175 2615 et
1194 2571 1531 2616 recentiores.
1599 2566 1873 2616 Rhenanus
1895 2580 1923 2615 e
1944 2567 2045 2616 Ms.
2070 2566 2205 2618 Bud.
2225 2565 2518 2627 abscederet.-
2548 2573 2608 2619 et

1414 2713 1629 2764 NOTAE

472 2822 486 2855 ¹
523 2825 803 2877 Constantia
832 2839 976 2888 penes
996 2831 1215 2889 utrosque
1233 2824 1348 2889 par]
1380 2823 1466 2875 Ad
1546 2825 1705 2874 etiam
1739 2825 2011 2889 religione,
2032 2825 2170 2875 forte
2193 2824 2374 2874 eadem
2408 2838 2508 2890 qua
2531 2824 2606 2874 di-

404 2901 459 2950 id
504 2901 814 2953 advertebat
860 2903 1179 2966 Augustinus
1229 2901 1465 2954 Confess.
1545 2903 1619 2953 cit
1644 2904 1755 2968 ipse
1773 2905 1942 2969 aliquo
1966 2906 2080 2955 loco
2103 2919 2158 2954 se
2181 2918 2209 2952 a
2229 2903 2468 2953 carnibus
2493 2902 2607 2953 abs-

404 2990 480 3028 vx.
504 2980 585 3027 11.
618 2977 815 3030 ‘Multi
832 2977 1007 3040 magni
1031 2977 1201 3025 viriet
1222 2976 1466 3027 imitatio·
1547 2982 1780 3044 tinuisse,
1795 2983 1878 3030 vel
1898 2982 2057 3032 etiam
2083 2981 2237 3031 taedio
2260 2995 2519 3032 curarum.

403 3067 471 3104 ne
507 3053 810 3119 dignissimi,
843 3053 1115 3117 sapientiae
1147 3054 1322 3106 studIo
1345 3069 1461 3104 cum
1610 3061 1745 3111 Nam
1768 3060 1821 3108 id
1844 3060 2027 3110 saltem
2050 3060 2302 3121 obtinent,
2320 3057 2495 3108 infesti
2529 3059 2606 3108 in-

404 3128 710 3194 conjugibus
730 3128 894 3179 dediti
915 3128 1146 3194 fuerunt,
1180 3144 1332 3193 pares
1355 3136 1461 3179 stu·
1541 3132 1781 3200 sensique
1824 3136 2332 3197 obtrectatores,-nt
2382 3134 2608 3199 fatigent

404 3207 513 3269 dio,
534 3222 685 3271 pares
708 3205 1073 3256 matrimonio?

467 3295 504 3321 Β·
543 3288 716 3336 Eodem
754 3286 877 3349 ictu]
930 3285 1127 3334 Eodem
1170 3282 1328 3348 ferro,
1372 3299 1462 3334 seu

404 3363 587 3414 eadem
615 3378 789 3425 manu,
807 3370 864 3411 et
885 3361 1117 3426 ejusdem
1143 3362 1463 3425 percussoris

401 3440 548 3500 ictu;
582 3454 683 3489 non
707 3439 915 3505 quidem
948 3453 1048 3488 uno
1086 3438 1215 3501 ictu,
1251 3438 1341 3487 sed
1379 3453 1463 3488 eo·

404 3516 523 3569 dem
546 3516 808 3580 scalpello.
1095 3506 1112 3511 ⁶

467 3600 494 3626 ¹
524 3594 739 3644 Brachia
759 3593 900 3655 sev-ro
931 3590 1196 3654 exsolvunt]
1229 3589 1352 3654 Ipse
1373 3591 1463 3640 Se-

404 3682 536 3723 neca
558 3671 626 3721 de.
655 3673 759 3730 Ira,
782 3672 817 3720 1.
842 3683 930 3719 ιιι.
960 3671 976 3696 ‘
992 3668 1213 3729 Quaen-is,
1234 3666 1374 3732 quod
1398 3666 1465 3717 sit

404 3748 471 3797 ad
495 3746 788 3797 libertatem
813 3745 949 3799 iter?
986 3743 1249 3794 Quaelibet
1282 3744 1334 3792 in
1356 3758 1462 3793 cor.

402 3838 537 3889 pore·
552 3831 642 3873 tuo
670 3821 836 3872 vena!
891 3823 963 3871 Et
995 3821 1163 3883 Epist.
1184 3823 1267 3870 71.
1298 3824 1316 3850 ⁶
1342 3822 1462 3870 Non

401 3894 530 3967 opus
549 3908 629 3950 est
652 3908 798 3949 vasto
822 3899 1028 3948 vulnere
1068 3897 1305 3947 dividere
1327 3912 1461 3960 prae·

402 3975 597 4040 cordia,
632 3976 881 4037 scalpello
925 3976 1159 4038 aperitur
1201 3974 1266 4022 ad
1321 3974 1459 4022 illam

400 4066 638 4118 magnam
682 4052 979 4102 libertatem
1038 4052 1137 4112 via,
1179 4058 1235 4100 et
1268 4056 1460 4115 puncto

402 4130 655 4181 securitas
678 4129 922 4178 constat!

467 4200 494 4238 '¹'
516 4207 587 4255 Et
603 4219 751 4268 parco
770 4206 901 4255 victu
921 4204 1189 4269 tenuatum]
1217 4206 1318 4254 Vel
1340 4206 1463 4270 quia

405 4282 546 4334 senio
569 4281 758 4348 fessus,
772 4282 855 4333 vel
877 4283 1151 4348 sapientia
1168 4283 1356 4349 studio,
1371 4288 1463 4332 aut

1543 3211 1870 3275 exedantque
1915 3213 2137 3260 animum
2182 3212 2338 3271 curis,
2377 3218 2432 3259 et
2483 3211 2605 3260 hine

1543 3303 1730 3351 corpus
1782 3289 2103 3350 excrucient,
2157 3287 2501 3351 alimentaque
2539 3301 2604 3336 eo

1545 3372 1676 3415 aestu
1717 3380 1955 3414 curarum
2005 3371 2062 3414 et
2100 3364 2342 3412 molestiis
2373 3370 2607 3428 arceant,

1543 3450 1598 3492 et
1621 3455 1737 3491 cum
1762 3440 1900 3491 ferro
1924 3441 2022 3505 ipsi
2043 3447 2132 3490 aut
2160 3453 2357 3489 veneno
2382 3440 2604 3502 grassari

1541 3531 1632 3567 seu
1656 3532 1840 3567 necare
1865 3523 2145 3582 nequeant,
2184 3529 2403 3564 moerore
2426 3521 2602 3565 tamen

1516 3593 1631 3657 'qui
1653 3592 1998 3641 omniveneno
2011 3592 2204 3653 durior,
2222 3598 2276 3642 et
2294 3591 2605 3655 quandoque

1544 3669 1773 3733 rapidior
1797 3678 1895 3733 est,
1928 3677 2229 3736 grassentur
2270 3676 2425 3732 atque
2446 3667 2603 3717 inter-

1542 3748 1720 3796 imant.
1753 3747 1940 3811 Sicque
1954 3748 2230 3810 parricidae
2245 3745 2340 3794 sibi
2364 3746 2604 3794 innoeen-

1546 3825 1667 3872 iiam
1691 3823 1903 3885 donam,
1928 3832 1987 3872 ut
2009 3823 2107 3871 sibi
2134 3823 2353 3869 videtur.

1604 3908 1629 3932 ⁰
1668 3900 1950 3964 Notissima]
1984 3899 2181 3948 Exhinc
2223 3906 2280 3945 et
2301 3895 2477 3944 miram
2498 3892 2600 3943 ffir-

1544 3977 1814 4026 titudmem
1871 3976 2121 4038 sapientis
2173 3984 2412 4036 agnosce,
2466 3985 2600 4021 sum·

1541 4067 1774 4117 triamque
1797 4050 1951 4100 animi
1973 4050 2316 4098 constantiam
2356 4062 2417 4096 ac
2451 4060 2600 4097 secu·

1541 4130 1751 4178 ritatem
1781 4130 1831 4177 in
1869 4130 1983 4191 ipso
2025 4135 2262 4174 extremo
2304 4123 2598 4175 discrimine

1543 4207 1625 4255 vel
1662 4215 1720 4256 et
1750 4213 1917 4254 semet
1934 4210 2282 4268 superantem.
2348 4201 2487 4251 Hinc
2509 4215 2598 4265 ag-

1540 4298 1717 4348 nosce,
1738 4288 1987 4348 quantum
2025 4281 2160 4331 ultre
2202 4282 2384 4331 errant
2420 4276 2598 4328 vesani
