3063 4952
1042 433 1458 485 ANNALIUM
1509 435 1660 485 ms.
1704 439 1829 486 xv.
2370 424 2544 496 1973

325 436 384 490 J·
408 436 469 489 C.
492 437 604 502 65]

328 600 567 675 metes»,
595 595 913 679 sanguine
939 594 1178 661 illustri
1207 591 1467 680 semper
1495 595 1783 663 Neroni¹
1809 597 2208 684 expiatum.⁸
2279 601 2539 686 Bicipi-

327 702 431 761 tes
461 698 807 763 hominum
838 699 1197 764 aliorumve
1227 697 1638 791 animalium¹²
1667 705 1893 786 partus
1922 699 2182 787 abjectu
2221 704 2293 768 in
2320 706 2540 789 publi-

328 817 513 878 cum,
546 806 664 866 aut
705 803 775 865 in
821 800 1192 880 sacrificiis,
1241 801 1489 885 quibus
1536 802 1865 885 gravidas·
1888 803 2140 870 hostias
2182 807 2542 875 immolare*

312 977 581 1042 fulminum
600 985 727 1037 haud
745 973 870 1040 alios
877 981 1191 1052 frequentior,
1212 991 1259 1035 et
1280 989 1421 1037 stella
1440 986 1636 1049 crinita,
1667 1002 1828 1036 cruore
1845 986 2065 1038 nobilium
2085 1003 2267 1053 semper
2298 1005 2328 1039 α
2356 964 2540 1042 Nerone

318 1050 535 1112 placata.
604 1051 850 1112 szformes
865 1051 1018 1111 soetus
1038 1051 1292 1115 hominum,
1312 1057 1397 1101 aut
1418 1054 1622 1102 aliarum
1642 1052 1955 1103 animantium
1986 1055 2191 1120 expositi
2211 1055 2263 1104 in
2279 1054 2538 1120 publicum,

1259 1182 1316 1202 θ’
1323 1182 1616 1203 θθθθθωθθ

1112 1286 1138 1332 1
1176 1280 1388 1333 Grotius
1406 1279 1549 1332 delet
1569 1296 1762 1346 semper.

1327 1444 1547 1528 NOTAE

393 1563 419 1599 ⁸
453 1556 524 1606 Et
558 1558 688 1607 sidus
724 1565 923 1610 cometes
956 1561 1183 1624 sanguine
1218 1562 1395 1611 illustri
1472 1576 1606 1624 sum,
1652 1561 1694 1610 si
1741 1560 1975 1611 audimus
2028 1559 2301 1611 Senecam·
2334 1560 2387 1611 in
2446 1561 2539 1613 lib.

320 1646 506 1695 semper
535 1633 718 1683 Neroni
751 1636 1019 1700 expiatum]
1070 1638 1231 1689 Quasi
1270 1652 1392 1687 vero
1473 1637 1676 1689 Quaest.
1696 1638 1821 1687 Nat.
1873 1637 1979 1686 Sed
2003 1637 2311 1687 adulationis
2329 1653 2541 1703 suspec-

323 1711 704 1776 quotidianum,
722 1723 810 1764 aut
833 1713 1079 1781 frequens
1099 1716 1230 1765 adeo
1250 1716 1391 1765 sidus
1471 1719 1555 1764 tus
1592 1714 1699 1777 ille,
1737 1730 1852 1764 cum
1886 1714 1999 1764 haec
2039 1715 2311 1777 scriberet,
2346 1721 2438 1765 aut
2472 1716 2539 1766 de

251 1841 254 1844 ,
322 1793 469 1837 esset
496 1796 749 1853 cometes,
773 1799 833 1842 ut
866 1808 975 1842 mos
1008 1793 1206 1843 Neroni
1240 1794 1290 1842 in
1327 1808 1389 1843 eo
1472 1791 1652 1856 primis
1678 1791 1820 1841 annis
1846 1790 2069 1840 Neronis
2091 1791 2362 1855 intelligit.

315 1864 588 1927 ¹expiando
625 1869 793 1917 notari
829 1870 1074 1933 potuerit.
1138 1870 1278 1921 Dele
1302 1870 1392 1920 im·

321 1947 603 2005 por-tunam
627 1959 805 1994 vocem
841 1960 907 1995 ex
927 1944 1390 2010 interpretamento

313 2019 458 2069 male
482 2020 759 2084 intextam,
779 2028 834 2072 et
856 2023 1025 2073 scribe
1044 2040 1057 2073 t
1090 2028 1140 2073 et
1163 2024 1295 2074 sidus
1315 2040 1389 2074 co·

320 2103 472 2148 metes
489 2101 720 2164 sangidne
742 2103 921 2153 illustri
940 2104 1202 2168 expiatum.
1233 2137 1236 2140 -

388 2174 539 2226 Idem
565 2180 691 2238 vult,
712 2180 848 2244 quod
873 2180 1015 2245 alibi,
1038 2195 1156 2231 cum
1178 2180 1304 2231 dicit
1325 2196 1388 2232 eo

318 2249 492 2302 sidere
514 2256 853 2306 mutationem
876 2259 1016 2321 regis
1050 2257 1314 2322 portendi,
1334 2265 1390 2308 et

320 2327 463 2393 quod
486 2331 663 2380 statim
686 2332 919 2398 sequitur
946 2333 998 2381 in
1028 2332 1239 2383 alterius
1272 2347 1389 2397 pro·

321 2404 451 2468 digii
473 2407 842 2472 explicatione,
873 2408 889 2436 ‘
912 2409 1084 2474 p'arari
1105 2423 1277 2459 rerum
1297 2410 1390 2459 hu-

316 2496 590 2533 manarum
616 2486 754 2535 aliud
778 2488 970 2551 caput?

388 2558 505 2610 Nec
539 2560 619 2610 his
661 2561 853 2624 obstat,
892 2563 1029 2629 quod
1062 2562 1235 2629 aliquo
1270 2570 1391 2628 post
1421 2604 1424 2617 .

315 2637 435 2687 haec'
458 2642 695 2702 tempore
718 2640 1007 2703 supervixit
1030 2639 1193 2690 Nero.
1243 2640 1389 2690 Prae-

318 2715 469 2778 sagia
488 2715 628 2765 enim
652 2716 774 2766 talia
794 2716 844 2766 ἐν
866 2713 1055 2779 πλάτει,
1084 2717 1251 2781 (late)
1285 2733 1387 2770 non

318 2789 375 2840 ἐν
389 2790 587 2860 ‹ru-lym,
607 2793 842 2857 (stricte)
865 2795 1219 2847 sumebantur.

384 2869 472 2920 Sic
509 2869 562 2919 in
584 2868 688 2920 fine
709 2870 864 2934 hujus
897 2870 1047 2921 libri:
1084 2873 1100 2900 ‘
1126 2872 1280 2925 Quod
1319 2872 1386 2923 ad

317 2959 473 2996 omen
494 2946 617 2996 olim
639 2947 716 2996 sui
739 2947 909 2998 exitus
928 2949 1258 3000 verteretur!
1298 2952 1387 3001 De

314 3022 504 3073 eodem
539 3023 638 3073 boc
677 3029 901 3089 comete,
930 3025 1128 3074 Seneca
1163 3025 1386 3076 Natura-

313 3099 445 3150 lium
467 3103 516 3150 7.
547 3100 563 3128 ‘
584 3100 761 3164 Hunc,
793 3101 881 3164 qui
921 3100 1015 3150 sub
1055 3102 1264 3153 Nerone
1295 3118 1385 3167 ap-

313 3177 512 3245 paruit,
529 3185 585 3229 et
604 3179 822 3230 cometis
840 3178 1071 3230 detraxit
1087 3178 1386 3245 infamiam?

315 3254 539 3308 Grotius.

384 3331 541 3384 Quod
557 3332 637 3382 hic
651 3332 865 3382 Senecae
889 3330 955 3381 de
977 3330 1190 3382 iufamia
1211 3349 1382 3385 come-

311 3408 387 3459 tis
409 3408 651 3458 detracta
679 3409 878 3459 dictum
912 3417 1010 3472 est,
1042 3424 1219 3459 verum
1242 3408 1382 3460 forte

311 3482 386 3533 de
425 3484 585 3534 initiis
629 3484 873 3545 Neronis,
925 3485 991 3534 de
1034 3483 1136 3535 fine
1179 3483 1384 3536 falsissi-

299 3549 471 3612 ‘mum.

382 3636 623 3700 Cometes]
656 3638 867 3688 Sueton.
901 3638 1031 3688 Ner.
1064 3642 1145 3688 36.
1177 3641 1192 3668 ‘
1216 3638 1383 3689 Stella

309 3713 521 3774 crinita,
544 3728 659 3778 quae
680 3713 886 3762 summis
910 3715 1250 3778 potestatibus
1274 3716 1381 3765 exi-

309 3792 445 3840 tium
479 3789 797 3854 portendere
836 3791 990 3855 vulgo
1025 3797 1257 3856 putatur,
1288 3806 1383 3857 per

307 3867 586 3916 continuas
609 3870 792 3915 noctes
813 3867 933 3915 oriri
957 3873 1205 3931 coeperat.
1271 3867 1380 3917 An-

306 3943 426 3993 xius
445 3957 510 3992 ea
532 3956 608 4005 re,
630 3949 690 3991 ut
714 3957 780 3991 ex
802 3942 1001 4006 Babylo
1024 3945 1284 4010 astrologo
1306 3946 1382 3995 di-

307 4019 460 4082 dicit,
481 4019 650 4067 solere
674 4032 825 4081 reges
851 4018 976 4067 talia
997 4026 1205 4071 ostenta
1234 4021 1382 4071 caede

309 4096 486 4161 aliqua
508 4094 697 4145 illustri
718 4093 949 4158 expiare,
971 4102 1127 4160 atque
1161 4113 1193 4146 a
1215 4105 1382 4147 semet

303 4163 360 4225 in
384 4174 559 4238 capita
579 4186 853 4236 procerum
871 4171 1155 4235 depellere,
1175 4174 1381 4224 nobilis·

307 4251 440 4302 simo
466 4250 657 4315 cuique
679 4248 894 4298 exitium
919 4248 1242 4301 destinavit.'

372 4326 573 4391 Semper
611 4324 798 4377 Neroni
834 4324 1097 4391 expiatum]
1149 4327 1267 4383 Hoc
1289 4328 1383 4381 fal.

1535 1868 1560 1905 δ
1581 1870 1817 1934 Bicipites
1836 1870 2072 1920 hominum
2086 1869 2341 1920 aliorumve
2355 1868 2536 1920 anima·

1470 1946 1611 2011 lium]
1659 1948 1981 1998 Monstrosos
2022 1947 2319 1996 animalium
2359 1952 2539 2010 partus

1468 2039 1536 2073 ne
1575 2025 1809 2075 celarent
1844 2030 2068 2088 veteres,
2107 2023 2239 2074 fecit
2274 2023 2534 2074 mentibus

1467 2095 1723 2150 inhaeren‘s
1745 2101 1946 2165 religio.
2012 2101 2095 2150 De
2132 2102 2342 2164 ceteris,
2380 2100 2538 2150 foetus

1467 2177 1725 2226 hominum
1746 2176 1899 2240 abjici
1934 2175 1988 2223 in
2011 2175 2278 2240 publicum
2303 2192 2333 2225 a
2356 2191 2541 2240 paren·

1469 2252 1608 2302 tibus
1630 2253 1704 2303 ita
1727 2258 2025 2316 potuerunt,
2056 2252 2099 2301 si
2140 2251 2285 2315 prius
2320 2252 2537 2302 indicati

1468 2329 1871 2393 proximioribus
1907 2328 2133 2393 quinque
2173 2328 2377 2392 vicinis,
2410 2329 2537 2394 abji-

1469 2405 1642 2456 ciendi
1662 2405 1764 2455 illis
1786 2419 1987 2470 quoque
2009 2405 2106 2454 visi
2129 2403 2321 2455 forent.

1535 2482 1702 2544 Alias,
1737 2490 1886 2534 natos
1908 2483 2165 2533 masculos
2187 2496 2381 2546 omnes,
2404 2489 2459 2534 et
2480 2481 2539 2533 fi-
2601 2510 2608 2516 ·

1468 2560 1566 2609 lias
1609 2560 1982 2625 primogenitas
2025 2560 2251 2610 educare
2301 2575 2538 2626 praecep·

1469 2643 1580 2686 tum
1604 2638 1856 2686 Romulea
1879 2637 1996 2699 lege
2016 2634 2133 2686 fuit.
2191 2635 2390 2687 Auctor
2412 2638 2535 2688 Dio-

1468 2713 1643 2777 nysius
1666 2713 1980 2779 Antiquitat.
2005 2714 2039 2764 l.
2063 2727 2125 2764 11.
2172 2712 2469 2764 Vertronius.

1533 2787 1548 2822 ¹
1579 2789 1788 2854 Aln‘ecti]
1819 2788 2113 2853 Aliquando
2136 2790 2187 2839 in
2206 2790 2424 2840 insulam
2447 2789 2537 2840 de-

1467 2873 1661 2917 sertam
1693 2867 1977 2931 deportati,
2008 2867 2269 2917 interdum
2301 2867 2354 2917 in
2377 2882 2538 2933 mare,

1466 2945 1554 2995 vel
1595 2945 1650 2994 in
1693 2942 2040 3010 profluentem
2088 2945 2333 3010 projecti.
2418 2946 2534 2996 Liv-

1465 3022 1501 3073 l.
1526 3035 1693 3072 xxxi.
1728 3024 1743 3051 ⁸
1765 3023 1905 3074 Jussi
1929 3024 1980 3072 in
1998 3038 2137 3072 mare
2161 3023 2423 3087 extemplo
2448 3021 2537 3073 de·

1466 3099 1684 3165 portari,
1709 3100 1845 3150 sicut
1879 3101 2133 3165 proxime,
2154 3103 2253 3150 διο.
2293 3099 2536 3165 deporta-

1466 3182 1549 3226 tus
1573 3176 1750 3226 similis
1773 3177 1996 3240 prodigii
2030 3176 2185 3226 foetus
2209 3177 2359 3227 erat.’
2422 3178 2534 3229 Jul.

1467 3251 1815 3317 obsequens:
1848 3251 1864 3278 ‘
1892 3251 1956 3300 In
1995 3251 2210 3300 Etruria
2243 3250 2405 3301 Clusii
2431 3266 2537 3301 ma-

1462 3327 1766 3378 terfamilias
1790 3341 1946 3376 unum
1977 3334 2275 3391 serpentem
2310 3328 2538 3393 peperit,

1463 3408 1553 3472 qui
1577 3408 1726 3471 jussu
1756 3407 2084 3471 haruspicum
2117 3407 2169 3455 in
2193 3406 2535 3471 profluentem

1462 3483 1701 3548 dejectus
1720 3484 1936 3533 adversa
1957 3498 2092 3548 aqua
2114 3484 2349 3534 natavit.’

1524 3559 1544 3604 ³
1577 3561 1818 3611 Gravidas
1836 3559 2018 3611 hostias
2039 3561 2302 3625 immolare]
2352 3563 2537 3613 Pauca

1461 3639 1666 3703 reperio
1689 3653 1846 3703 super
1869 3653 1931 3687 co
1955 3653 2215 3688 sacrorum
2238 3640 2363 3692 ritu.
2403 3641 2537 3692 Tra·

1460 3717 1588 3767 here
1626 3717 1726 3767 huc
1763 3715 1930 3781 possis
1968 3718 2095 3767 illud
2142 3718 2320 3770 Festi:
2362 3720 2536 3770 “Con-

1461 3794 1590 3845 foeta
1610 3810 1715 3858 sus,
1729 3810 1843 3860 quae
1866 3809 1984 3845 cum
2007 3794 2143 3845 omni
2165 3794 2297 3846 foetu
2323 3797 2534 3847 adhibe-

1461 3872 1621 3922 batur
1643 3874 1707 3922 ad
1731 3871 2077 3922 sacrificium.’
2144 3873 2356 3937 Lipsius,

1533 3948 1796 4012 Gravidam]
1832 3949 1964 4013 Haec
1988 3947 2242 3998 sacrificia
2267 3949 2408 4000 dicta
2429 3950 2539 4011 for·

1461 4027 1660 4090 dit-iaia,
1683 4042 1713 4077 a
1737 4026 1930 4077 fordeis
1948 4027 2135 4090 bobus,
2152 4028 2322 4092 inquit
2336 4029 2503 4078 Varro
2518 4042 2555 4079 z·

1462 4105 1576 4154 haec
1622 4117 1771 4153 sacra
1824 4103 2020 4153 fiebant
2077 4103 2164 4153 die
2213 4108 2294 4154 15.
2338 4103 2537 4170 Aprilis

1465 4179 1622 4232 Ovid.
1666 4180 1805 4231 Fast.
1837 4180 1853 4207 ‘
1877 4180 2051 4230 Forda
2089 4179 2261 4230 ferens
2297 4181 2391 4231 bos
2436 4188 2534 4244 est,

1463 4256 1802 4321 foecundaque
1837 4257 1981 4307 dicta
2013 4255 2267 4319 ferendo;
2305 4258 2446 4310 Hinc
2486 4276 2536 4310 e-

1466 4335 1590 4387 tiam
1615 4334 1772 4387 foetus
1797 4350 1983 4387 nomen
2003 4335 2198 4387 habere
2220 4337 2441 4403 putant?
