3063 4952
276 416 287 424 ⁸
350 420 407 479 3.
429 424 493 477 C.
516 418 626 486 da]

1058 404 1467 457 ANNAmUM
1517 402 1665 452 mn.
1711 401 1798 450 XI
1810 401 1875 448 V·

2370 377 2553 447 1581

346 571 427 632 =ut
456 564 679 630 omnia
705 556 1030 635 mortalia,
1078 552 1253 619 infra
1297 557 1483 617 tuam
1525 544 2043 630 magnitudinem
2079 543 2311 631 jacent
2328 548 2386 623 ς’
2431 537 2554 604 sed

348 670 520 736 mibi
566 665 952 734 incumbunt
966 660 1016 725 :²
1057 657 1218 722 mihi
1266 650 1779 720 subveniendum
1825 653 1973 714 est.¹
2056 643 2437 725 Quomodo³
2483 644 2555 708 in

346 772 654 848 militia:
699 773 817 833 aut
842 766 984 841 via,
1023 761 1241 826 fessus
1291 755 1760 822 adminiculum
1806 771 2100 832 orarem3
2145 751 2261 827 ita,
2308 742 2398 811 in'
2424 746 2553 812 hoc

354 874 592 939 itinere
619 872 804 946 vitae,
851 883 1081 941 senex,
1121 867 1191 926 et
1228 858 1591 925 levissimis
1631 874 1898 941 quoqne
1928 854 2106 919 curis
2133 853 2371 935 impar,
2400 868 2555 913 cum

356 996 528 1062 opes
577 992 762 1040 meas
807 970 984 1035 ultra
1031 966 1352 1031 sustinere
1396 982 1524 1027 non
1568 960 1852 1046 possim,
1904 954 2292 1041 praesidium
2346 947 2557 1037 peto.¹’

244 1122 252 1129 -
346 1070 540 1144 Jube
567 1084 726 1142 eas-4
753 1095 871 1158 per
902 1073 1372 1137 Procuratores
1418 1073 1571 1130 tuos
1608 1060 2074 1139 administrari,
2118 1059 2188 1122 in
2217 1063 2398 1121 tuam
2422 1051 2555 1118 for·

352 1189 588 1248 tunam
609 1180 845 1264 recipi.
933 1174 1086 1239 Nec
1112 1191 1217 1236 me
1247 1172 1314 1234 in
1342 1171 1797 1255 paupertatem
1827 1166 1975 1250 ipse
1997 1159 2339 1227 detrudam
2357 1166 2404 1241 3⁰
2435 1155 2556 1221 sed

359 1312 752 1378 amplitudinem
777 1310 996 1375 positum
1017 1314 1126 1368 est3
1161 1304 1255 1357 sed
1274 1303 1409 1354 eain
1431 1318 1513 1352 me
1537 1303 1695 1352 moles
1719 1300 1853 1351 ruit:
1888 1298 2005 1348 mibi
2026 1292 2428 1346 succurrendum
2452 1296 2555 1342 est.

360 1377 805 1454 Quemadmodum
837 1376 889 1425 in
925 1375 1059 1423 bello
1098 1379 1190 1422 aut
1232 1369 1414 1419 itinere
1454 1367 1726 1443 fatigatus,
1767 1363 2050 1417 subsidium
2083 1373 2347 1423 rogarem;
2381 1357 2455 1406 sic
2499 1356 2555 1431 in

352 1445 462 1494 hoe
485 1443 742 1494 curriculo
761 1442 903 1502 vitm,
925 1439 1069 1490 senio
1103 1437 1288 1498 fessus,
1308 1440 1366 1483 et
1387 1433 1606 1482 minimis
1639 1431 1798 1481 etiam
1827 1431 1991 1492 impar
2024 1425 2309 1487 laboribus,
2340 1436 2456 1472 cum
2478 1419 2555 1469 dr-

356 1510 518 1560 vitias
540 1523 680 1557 meas
701 1507 838 1556 ferre
859 1505 1079 1568 amplius
1103 1514 1371 1566 nequeam,
1392 1499 1623 1547 levamen
1644 1511 1752 1546 oro.
1815 1495 1850 1546 J
1855 1494 1950 1543 ube
1973 1493 2086 1542 illas
2109 1489 2218 1555 geri
2250 1502 2345 1553 per
2367 1499 2554 1551 procu-

292 1593 332 1615 s
356 1581 563 1626 ratores
585 1583 718 1636 tuos,
753 1572 882 1622 etin
909 1578 1047 1620 tuam
1080 1566 1454 1632 possessionem
1490 1562 1717 1612 admitti.
1783 1560 1898 1610 Nec
1931 1573 2015 1608 me
2050 1557 2103 1606 in
2133 1559 2419 1620 egestatem
2436 1550 2555 1614 ‘ipse

1285 1693 1641 1715 WOOmOOOO

351 1784 666 1848 aginam—2
699 1783 784 1833 Ita
805 1784 935 1833 Mss.
958 1782 1108 1832 Harl.
1131 1780 1284 1831 Bodl'.
1307 1781 1419 1833 Jes.
1442 1782 1575 1843 Reg.
1602 1777 1775 1829 Guelt'.
1799 1776 2055 1826 editiones
2071 1776 2277 1821 veteres
2300 1770 2356 1816 et
2378 1774 2554 1812 recen·
2613 1820 2620 1833 r

352 1852 538 1901 tiores,
603 1850 668 1899 In
699 1850 801 1898 Ms.
827 1847 983 1898 Corb.
1016 1846 1261 1908 incumbit,
1298 1845 1436 1896 unde
1470 1845 1677 1911 quidam
1717 1841 2077 1901 emendarunt,
2096 1837 2245 1897 jacet,
2284 1828 2455 1882 omnia
2486 1824 2553 1874 ad

352 1915 608 1965 invidiam
631 1912 932 1963 reserentes.
964 1911 1181 1961 Brotier.
1227 1913 1520 1962 Gronovius
1543 1917 1599 1962 et
1614 1909 1849 1973 Ryckius
1868 1905 2060 1956 babent
2070 1903 2220 1965 jacet,
2242 1903 2299 1947 et
2312 1891 2560 1946 incumbit.

356 1981 457 2029 -8
495 1980 765 2029 Brotierus
785 1994 902 2029 cum
928 1978 974 2026 R
1013 1977 1131 2028 ekio
1153 1984 1208 2026 et
1232 1976 1460 2027 Homero
1481 1976 1613 2039 legit
1644 1989 1731 2039 quo
1751 1974 1904 2023 modo.
1971 1968 2198 2019 Budens.
2221 1976 2317 2028 pro
2334 1956 2557 2024 ¹1me

350 2044 522 2095 habet
554 2049 757 2108 qam—4
790 2045 836 2093 E
872 2045 950 2093 Bu
990 2056 1098 2093 ens.
1119 2057 1199 2092 eas
1231 2043 1491 2093 abest.—-⁵
1528 2041 1737 2103 Fulgore
1761 2035 2079 2104 perstringor.
2143 2028 2367 2080 Brotier·
2400 2031 2455 2074 et
2482 2022 2558 2072 iffi

1368 2164 1580 2215 No'rAE

358 2266 544 2315 moles.

431 2343 627 2408 Cetera]
659 2346 789 2398 Quae
810 2358 997 2408 nempe
1029 2339 1238 2392 modum
1270 2354 1421 2391 exce·

359 2424 513 2486 dunt,
535 2430 592 2473 et
614 2437 731 2488 quae
754 2422 805 2471 in
841 2436 924 2471 me
963 2428 1146 2486 postea
1179 2415 1421 2468 conferre

357 2500 530 2550 adbuc
547 2513 738 2563 posses,
751 2498 991 2549 invidiam
1010 2501 1228 2547 onerant
1243 2512 1257 2557 ς
1281 2495 1421 2544 ideo-

359 2591 463 2643 que
502 2576 631 2626 dicit
665 2576 888 2625 Seneca:
933 2579 1127 2637 uterque
1161 2587 1421 2623 mensuram

355 2655 680 2718 implevimus.-
716 2654 861 2717 quasi
899 2651 1118 2713 diceret,
1153 2648 1272 2699 mihi
1294 2649 1418 2698 satis

358 2746 619 2798 superque
642 2739 697 2781 et
719 2732 989 2795 plusquam
1013 2729 1133 2778 satis
1150 2734 1228 2776 est
1245 2741 1417 2790 opum.

356 2808 648 2861 Exonerari
682 2808 745 2857 iis
777 2807 949 2872 cupio,
969 2806 1087 2871 quia
1119 2805 1287 2855 omnia
1308 2804 1417 2853 haec

357 2883 608 2936 invidiam
630 2890 841 2948 augent.

425 2970 449 3005 5
480 2960 646 3024 Jacet]
681 2960 797 3009 Hoc
835 2959 1072 3024 ambigue
1113 2958 1327 3021 dictum,
1361 2962 1420 3006 ut

356 3044 511 3106 puto,
543 3044 601 3087 et
632 3042 805 3101 potest
831 3037 961 3085 sumi
997 3036 1304 3100 dupliciter3
1337 3036 1419 3085 vel

354 3117 439 3165 ita
459 3120 521 3164 ut
555 3114 669 3177 ipse
692 3113 834 3163 Nero
863 3127 965 3161 non
988 3113 1057 3161 sit
1078 3112 1328 3163 obnoxius
1354 3127 1421 3160 ae-

356 3191 651 3252 mulationi,
680 3205 769 3239 seu
793 3204 891 3238 non
915 3189 1200 3252 aemuletur,
1232 3194 1322 3238 aut
1345 3187 1422 3235 in-

357 3270 541 3320 videat
563 3264 708 3317 bonis
728 3267 972 3327 Senecae;
1009 3267 1106 3328 vel,
1138 3266 1215 3315 ita
1251 3269 1310 3314 ut
1345 3280 1423 3313 su·

357 3353 518 3415 peret
538 3347 648 3413 ipse
667 3361 866 3396 omnem
887 3346 1109 3396 omnium
1132 3344 1421 3394 mortalium

362 3425 778 3486 aemulationem3
812 3424 889 3474 ita
907 3431 966 3473 ut
987 3438 1135 3473 nemo
1156 3421 1322 3487 possit
1341 3420 1423 3469 vel

360 3501 575 3565 audeat,
594 3517 690 3563 nec
713 3502 791 3550 vel
812 3500 1023 3564 cogitet*
1043 3498 1142 3562 ipsi
1176 3495 1425 3559 invidere,

359 3579 526 3646 (quod
548 3578 690 3628 cadit
724 3578 776 3627 in
799 3592 999 3627 omnem
1021 3570 1349 3639 principem,)
1368 3579 1424 3621 et

357 3656 430 3706 sit
451 3662 606 3705 extra
630 3654 732 3703 tela
753 3652 992 3714 invidiae3
1029 3659 1082 3702 at
1115 3665 1214 3701 non
1248 3650 1324 3700 ita
1356 3648 1424 3700 de

358 3733 581 3793 Seneca,
613 3729 695 3779 cui
729 3730 861 3779 livor
883 3735 1020 3779 totus
1043 3735 1098 3777 et
1119 3726 1257 3776 omni
1289 3726 1424 3775 mole

360 3806 634 3858 incumbit.
683 3805 755 3855 Ut
778 3819 936 3869 supra
959 3819 1156 3853 omnem
1182 3801 1421 3853 affectum

361 3884 625 3949 princeps,
663 3882 736 3931 ita
757 3891 811 3932 et
834 3897 1037 3931 omnem
1072 3881 1278 3931 invidiae
1300 3879 1422 3929 cali-

363 3962 560 4026 ginem,
600 3960 762 4010 instar
803 3959 941 4019 solis,
983 3958 1257 4023 splendore
1292 3956 1422 4021 regii

360 4037 558 4101 fastigii
584 4035 736 4086 facile
759 4036 989 4085 discutit.

372 4169 377 4174 ¹
408 4120 439 4146 ‘²
452 4112 586 4162 Mihi
599 4112 959 4162 subveniendam
977 4111 1071 4175 est]
1091 4109 1424 4175 Apopbtheg.

363 4187 403 4242 l.
424 4205 553 4241 vm.
585 4192 603 4220 ‘
626 4192 848 4242 Quidam
886 4190 1260 4254 Imperatorem
1282 4189 1426 4240 incu-

365 4267 519 4334 savit,
555 4266 694 4333 quod
714 4267 850 4317 illius
874 4266 1091 4333 insidiis,
1130 4272 1187 4317 et
1224 4265 1328 4316 otio
1369 4270 1425 4315 et

1498 2274 1675 2312 somno
1690 2257 1871 2309 fuisset
1887 2254 2134 2320 privatus,
2145 2249 2408 2308 videlicet,
2419 2240 2559 2309 quod

1497 2337 1635 2387 illius
1677 2332 1998 2398 benignitate
2045 2343 2074 2378 e
2118 2338 2346 2392 paupere
2391 2320 2559 2371 factus

1499 2421 1641 2464 esset
1663 2409 1848 2463 dives!
2539 2434 2544 2437 -

1565 2497 1589 2523 ⁸
1624 2489 1861 2547 Quomodo
1911 2485 1965 2534 in
2020 2478 2222 2542 militia]
2305 2472 2561 2539 Intelligit

1502 2568 1779 2633 optiones,
1818 2563 1906 2631 qui
1948 2561 2210 2625 adjutores
2248 2553 2561 2605 centurioni·

1500 2646 1596 2696 bus
1642 2644 1766 2693 dati.
1831 2641 2039 2690 Festum
2076 2634 2349 2699 corriges
2374 2630 2559 2694 Optio,

1501 2725 1591 2790 qui
1612 2736 1750 2772 nunc
1769 2718 1983 2778 dicitur,
2021 2720 2175 2765 antea
2202 2707 2561 2775 appellabatur

1500 2801 1786 2852 Accensus.
1825 2797 1832 2802 ’
1851 2796 1906 2845 Is
1929 2792 2133 2858 adjutor
2150 2789 2370 2839 dabatur
2384 2788 2563 2834 centu-

1501 2877 1635 2927 rioni
1670 2891 1701 2925 a
1739 2873 1944 2925 tribuno
1988 2868 2229 2930 militum,
2264 2862 2352 2929 qui
2390 2874 2458 2911 ex
2494 2872 2559 2908 eo

1501 2965 1756 3021 tempore,
1786 2965 1938 3018 quem
1961 2947 2139 3009 velint,
2177 2936 2560 2994 centurionibus

1502 3032 1808 3098 permissum
1832 3035 1914 3078 est
1946 3031 2148 3089 optare,
2181 3027 2237 3070 et
2271 3029 2457 3067 nomen
2493 3026 2562 3063 ex

1503 3109 1647 3160 sacto
1665 3108 1877 3158 sortitus
1896 3112 1976 3153 est
1988 3102 2020 3164 ς’
2053 3103 2291 3165 legoque,
2306 3111 2335 3145 α
2351 3092 2559 3154 tribuno,

1501 3188 1785 3248 militemque
1807 3198 1867 3232 ex
1886 3196 1939 3231 eo
1961 3185 2183 3242 tempore.
2236 3172 2461 3235 Lipsius.

1567 3262 1591 3297 δ
1608 3262 1897 3312 Praesidium
1910 3256 2046 3321 peto]
2076 3255 2225 3304 Inter
2247 3243 2560 3313 apophtheg.

1499 3340 1540 3389 1.
1563 3353 1689 3388 vm.
1752 3339 1767 3365 ‘
1793 3335 2016 3387 Quidam
2060 3327 2310 3391 Antigoni
2349 3323 2564 3385 amicus,

1503 3430 1621 3465 cum
1644 3412 1711 3462 ab
1734 3427 1795 3462 eo
1816 3410 2036 3475 petisset
2068 3405 2320 3456 talentum
2342 3415 2440 3450 nec
2477 3413 2563 3449 ac·

1502 3490 1747 3554 cepisset,
1768 3484 2049 3551 postulavit
2069 3481 2134 3532 ab
2152 3495 2214 3530 eo
2230 3473 2562 3539 deductores,

1502 3583 1565 3619 ac
1588 3566 1822 3631 corporis
1845 3560 2109 3614 custodes.
2155 3559 2388 3621 Rogatus
2406 3568 2560 3619 quam

1503 3644 1571 3695 ob
1595 3657 1729 3693 rem:
1766 3642 1871 3704 Ne,
1905 3638 2087 3703 inquit,
2106 3634 2300 3685 insidiis
2320 3633 2562 3696 impetat,

1504 3721 1757 3784 affingens
1782 3734 1835 3768 se
1860 3718 2108 3768 talentum
2130 3711 2356 3763 humeris
2381 3702 2559 3758 ferre!

1502 3798 1717 3849 Divitiis
1760 3796 1972 3845 Senecae
2034 3789 2246 3841 insidias
2308 3782 2563 3836 tendebat

1503 3875 1667 3937 Nero,
1690 3875 1802 3938 ipse
1831 3878 1887 3923 et
1919 3867 2186 3919 invidebat
2220 3878 2341 3915 cum
2368 3874 2459 3911 suo
2473 3859 2560 3908 'ri-

1503 3954 1721 4019 gellino:
1760 3948 2054 4016 praesidium
2092 3943 2245 4010 petit,
2281 3945 2337 3992 et
2375 3950 2564 3989 exone·

1502 4030 1608 4080 rari
1630 4029 1776 4092 cupit
1797 4029 2011 4076 Seneca.

1568 4115 1590 4143 ⁶
1628 4108 1730 4157 Nec
1751 4119 1824 4154 me
1854 4104 1907 4152 in
1936 4101 2260 4165 paupertatem
2279 4094 2380 4159 ipse
2398 4093 2559 4142 detru-

1502 4185 1637 4249 dam]
1692 4180 1843 4235 Quod
1888 4177 2026 4228 forte
2066 4174 2311 4225 invidiam
2352 4182 2561 4233 movere

1505 4266 1664 4329 queat
1700 4260 1754 4311 in
1790 4253 2096 4325 principem,
2131 4250 2287 4316 cujus·
2309 4247 2566 4300 educator
