3063 4952
2371 412 2548 481 1873

263 634 265 636 ,
325 568 854 653 Magistratuum
878 567 1205 634 avaritiam
1234 565 1635 653 calpurnius
1660 570 1863 636 scita⁰
1898 575 2314 656 pepererunt.
2360 569 2549 639 Nam

324 674 553 758 culpa,
585 691 789 757 quam
825 679 1087 755 poena‚P
1127 676 1419 754 tempore
1472 674 1690 756 prior;
1736 673 2093 754 emendari,
2137 695 2341 758 quam
2382 695 2546 759 pec-

327 788 505 855 care,
547 775 881 860 posterius
930 779 1049 839 est.
1135 773 1314 858 Ergo
1344 775 1657 842 adversus
1686 797 1932 843 novam
1985 778 2498 861 provincialium
2518 784 2544 814 ²

325 880 714 964 superbiam
773 878 1039 962 dignum
1081 877 1215 943 fide
1272 879 1772 964 constantiaque
1827 880 2135 946 Romana
2190 880 2549 964 capiamus

327 982 734 1061 consilium,‘¹
763 1001 898 1064 quo
917 982 1137 1047 tutelae
1162 983 1493 1056 sociorum
1514 982 1680 1048 nihil
1703 982 2075 1066 derogetur,
2095 982 2293 1048 nobis
2311 981 2546 1066 opinio

322 429 468 485 sac.
489 426 612 494 οι]
1069 423 1486 475 nummum
1537 422 1684 477 mn.
1728 426 1862 476 xv.

323 1168 459 1221 bitio
491 1168 885 1219 candidatorum
918 1167 1063 1231 leges
1083 1165 1269 1230 Julias,
1301 1166 1560 1231 cupiditas
1583 1166 1980 1229 magistratuum
2011 1162 2293 1228 Calpurnia
2330 1163 2547 1215 decreta

324 1227 640 1299 g’enuerunt.
707 1232 917 1346 QuipXe
941 1232 1189 1282 delictum
1212 1231 1355 1296 prius
1381 1240 1637 1296 tempore,
1664 1245 1818 1296 quam
1843 1229 2189 1294 supplicium3
2223 1234 2274 1278 ee
2291 1230 2548 1293 posterius

325 1306 412 1350 est
435 1300 628 1364 puniri,
664 1313 817 1375 quam
875 1298 978 1347 elin
1016 1312 1157 1348 uere.
1224 1297 1412 1362 Itaque
1450 1304 1637 1347 contra
1657 1302 1923 1346 recentem
1962 1293 2353 1359 provincialium
2376 1293 2540 1359 impo—

327 1367 550 1416 tentiam
572 1378 836 1429 capiamus
859 1378 955 1430 par
1055 1363 1104 1414 ei
1144 1361 1427 1429 virtutique
1463 1362 1618 1413 Rom.
1655 1360 1943 1425 consilium,
1965 1374 2066 1425 quo
2099 1358 2442 1409 incolumitati
2466 1373 2546 1411 so-

1257 1492 1615 1514 OOOOONOOm

325 1590 426 1635 -2
449 1585 536 1636 Sic
572 1585 709 1636 bene
732 1584 963 1635 Picbena
984 1599 1052 1635 ex
1075 1583 1180 1635 Ms.
1203 1583 1345 1633 Flor.
1387 1565 1562 1646 ango
1584 1581 1638 1632 in
1674 1581 1808 1632 Mss.
1830 1585 1886 1630 et
1924 1576 2186 1630 veteribus
2209 1575 2545 1643 editionibus,

315 1651 695 1716 provinciarum.
761 1650 989 1702 Brotier.

1326 1736 1541 1790 NOTAE

1474 1852 1600 1904 bere
1623 1856 1913 1917 oporteret,
1937 1846 2236 1914 oportebit!

1541 1931 1649 1980 Per
1682 1944 1745 1979 ea
1781 1943 1906 1979 vero
1943 1934 2199 1992 tempora,
2231 1939 2348 1975 cum
2388 1924 2542 1974 nullis

323 1841 526 1923 batque
565 1872 707 1908 more
730 1855 949 1920 solenni,
979 1854 1182 1907 ferebat
1203 1861 1259 1906 et
1279 1855 1393 1920 ipse

326 1933 630 1999 suffragium
644 1935 695 1984 in
720 1933 875 1997 tribu,
888 1942 945 1985 ut
966 1947 1096 1984 unus
1117 1948 1148 1983 e
1165 1932 1390 1998 populo!

326 2010 399 2061 Et
442 2026 560 2076 cap.
603 2017 686 2063 40.
742 2013 759 2041 ‘
796 2012 1135 2062 Comitiorum
1185 2025 1391 2077 quoque

325 2089 607 2154 pristinum
621 2091 712 2154 jus
745 2089 985 2140 reduxit:
1023 2104 1083 2140 ac
1114 2088 1389 2153 multiplici

325 2162 481 2230 poena
526 2166 757 2217 coiircito
804 2167 1003 2217 ambitu
1047 2166 1292 2216 Fabianis
1335 2172 1392 2214 et

322 2242 719 2308 Scaptiensibus
751 2244 1028 2294 tribulibus
1064 2243 1168 2292 suis
1189 2242 1275 2292 die
1309 2257 1393 2290 co-

323 2321 606 2385 mitiorum,
626 2336 692 2370 ne
730 2321 854 2392 quid
893 2338 925 2372 a
944 2335 1199 2387 quoquam
1223 2319 1397 2370 candi·

325 2399 451 2451 dato
469 2403 850 2464 desiderarent,
866 2401 1070 2466 singula
1085 2399 1245 2449 millia
1254 2413 1397 2448 num-

323 2494 465 2529 mum
495 2495 527 2529 a
560 2495 616 2530 se
650 2478 955 2530 dividebat?
1021 2479 1154 2528 Sunt
1192 2483 1394 2542 septem

323 2555 476 2607 librae
495 2564 553 2607 et
575 2557 755 2607 decem
779 2571 938 2607 asses.

390 2635 463 2684 Et
484 2640 624 2684 teste
644 2634 815 2684 Dione
836 2636 873 2683 l.
898 2647 1010 2683 mv.
1066 2633 1262 2684 Statuit
1283 2631 1392 2683 Au-

325 2716 525 2775 gustus,
569 2718 629 2761 ut
676 2711 765 2776 qui
808 2709 1167 2775 largitionibus
1208 2710 1392 2774 magis·

322 2795 522 2838 tratum
542 2789 833 2854 petiissent,
854 2788 890 2838 ii
921 2788 1270 2854 quinquennio
1304 2802 1392 2837 va-

323 2872 530 2916 carent.

388 2950 427 2976 ¹¹¹
460 2943 840 3004 Magistratrmm
891 2942 1121 3006 avaritia]
1184 2942 1391 2992 Primus

323 3020 405 3070 M.
449 3019 671 3068 Porcius
707 3018 858 3081 Cato,
897 3033 1012 3068 cum
1054 3032 1121 3066 ex
1158 3027 1392 3081 praetura

322 3095 616 3145 Sardiniam
641 3095 921 3156 obtineret,
959 3099 1154 3143 sumtus
1189 3094 1393 3158 provin-

325 3172 541 3222 cialium
578 3171 632 3220 in
673 3176 928 3235 praetores
970 3170 1221 3233 coercuit,
1260 3186 1393 3221 anno

323 3253 458 3314 4063
495 3248 560 3297 de
583 3262 686 3313 quo
710 3248 783 3296 sic
808 3246 1013 3296 Livius:

389 3328 406 3353 ‘
430 3324 720 3377 Sardiniam
760 3325 837 3373 M.
861 3322 1081 3373 Porcius
1103 3321 1236 3372 Cato
1259 3321 1394 3371 obti-

324 3403 511 3464 nebat,
539 3401 706 3466 fugati
727 3416 793 3450 ex
832 3400 998 3448 insula
1019 3398 1393 3459 foeneratores3

324 3487 383 3529 et
399 3485 618 3540 sumtus,
641 3491 769 3542 quos
792 3477 844 3524 in
878 3475 1076 3526 cultum
1110 3481 1394 3538 praetorum

325 3556 457 3605 socii
480 3553 659 3603 facere
703 3552 843 3602 soliti
888 3557 1059 3615 erant,
1105 3552 1396 3603 circumcisi

291 3679 302 3684 -
326 3637 423 3683 aut
445 3629 676 3681 sublati?
1297 3627 1304 3630 “
1412 3693 1420 3700 .

395 3708 461 3759 In
480 3707 653 3762 veteri
675 3707 832 3762 etiam
851 3706 1128 3770 plebiscito
1152 3706 1218 3756 de
1240 3707 1399 3756 Ther·

325 3781 590 3836 mensibus
607 3783 905 3833 nominatur
934 3784 1018 3831 lex
1054 3782 1260 3845 Porcia,
1298 3798 1402 3847 qua

295 3846 299 3852 .
318 3867 622 3932 juberetur,
653 3864 776 3928 quid
817 3879 1071 3941 quemque
1094 3864 1239 3924 darc,
1274 3878 1402 3939 prag·-

328 3934 459 3984 bere
482 3937 774 3994 oporteret,
797 3929 875 3977 his
899 3930 1099 3978 verbis:
1134 3933 1151 3957 ⁴
1177 3929 1261 3977 Ne
1284 3943 1399 3991 qm„

322 4006 686 4074 magistratus,
731 4018 893 4069 prove
927 4006 1229 4067 magistratu
1260 4006 1401 4068 lega-

329 4096 436 4150 tus,
472 4100 577 4136 neu
606 4084 721 4149 quis
756 4085 884 4133 alius
925 4082 1106 4144 facito,
1138 4098 1269 4132 neve
1309 4084 1401 4132 im*

330 4169 537 4231 per-ato,
558 4176 662 4226 quo
686 4159 800 4224 quis
825 4160 985 4222 magis
1019 4161 1055 4208 ii
1089 4160 1236 4221 dent,
1270 4171 1410 4224 presa

328 4243 630 4309 licantque:
684 4238 750 4288 ab
793 4238 924 4286 iisve
971 4238 1254 4299 auferatur,
1303 4237 1404 4287 nisi

331 4316 476 4387 quod
493 4315 578 4366 ed.
600 4331 640 4365 s.
666 4329 733 4363 ex
755 4314 868 4375 lege
904 4314 1096 4364 Porcia
1110 4315 1253 4379 dare,
1274 4328 1404 4378 prae-

455 4393 645 4463 Daph.
664 4400 715 4446 et
741 4396 857 4448 γαν.
885 4396 1016 4446 clas.

1366 4394 1523 4446 Tacit.

1465 2008 1641 2071 ¹adhuc
1658 2007 1861 2072 legibus
1882 2006 1980 2055 hoc
2003 2006 2199 2054 crimen
2225 2003 2541 2052 vindicatum

1473 2090 1630 2150 esset,
1644 2085 1758 2134 baec
1775 2098 1929 2134 causa
1952 2083 2156 2147 privata
2175 2081 2294 2144 suit,
2317 2086 2372 2135 et
2394 2087 2545 2129 extra

1472 2161 1705 2210 ordinem
1724 2174 1840 2208 cum
1874 2158 2318 2208 senatusconsulto
2342 2172 2373 2206 a
2396 2171 2544 2206 recu·

1475 2238 1803 2304 peratoribus
1824 2236 2037 2299 cognita
2067 2240 2163 2285 est.

1539 2323 1563 2348 ¹²
1599 2313 1884 2378 Calpurnia]
1932 2311 2087 2360 Hanc
2124 2313 2292 2374 legem
2334 2311 2456 2360 tulit
2479 2312 2541 2363 L.

1474 2391 1784 2455 Calpurnius
1806 2389 1930 2438 Piso
1953 2387 2191 2437 tribunus
2215 2387 2383 2450 plebis
2406 2401 2542 2437 anno

1474 2475 1590 2521 ⁵04.
1613 2471 1671 2519 L.
1710 2465 1912 2518 Marcio
1936 2464 2240 2528 Censorino,
2277 2463 2355 2514 M.
2379 2463 2545 2514 Mani·

1473 2548 1545 2596 lio
1569 2543 1886 2596 censoribus.

1540 2624 1658 2676 Qua
1673 2623 1806 2686 lege,
1822 2633 1925 2669 non
1940 2619 2103 2668 solum
2115 2631 2265 2681 poena
2285 2617 2544 2681 graviore,

1473 2708 1534 2751 ut
1557 2698 1838 2750 verisimile
1875 2702 1972 2758 est,
2000 2696 2101 2744 hoc
2138 2695 2335 2744 crimen
2375 2694 2546 2743 vindi-

1473 2777 1695 2828 candum
1718 2776 1911 2837 sanxit,
1948 2772 2037 2823 sed
2072 2772 2230 2824 etiam
2254 2780 2314 2820 ut
2335 2778 2539 2822 certum

1470 2856 1583 2905 hacc
1603 2852 1817 2918 quaestio
1837 2857 2115 2914 praetorem
2137 2848 2376 2909 haberet,
2399 2848 2544 2898 insti·

1473 2934 1592 2993 tuit,
1616 2933 1690 2981 ita
1720 2936 1778 2979 ut
1801 2943 1934 2977 nova
1969 2929 2083 2991 lege
2107 2940 2209 2975 non
2242 2939 2370 2989 opus
2401 2931 2541 2976 esset

1470 3009 1641 3071 sociis,
1659 3006 1750 3074 sed
1791 3004 2043 3054 baberent
2059 3009 2259 3052 certum
2296 3001 2362 3050 ad
2384 3015 2540 3065 quem

1472 3086 1822 3149 confugerent
1859 3088 2149 3147 praetorem.
2185 3079 2298 3128 Cic.
2339 3077 2406 3127 de
2430 3075 2542 3130 Off.

1473 3162 1566 3210 lib.
1583 3176 1645 3210 11.

1537 3245 1562 3269 ⁰
1592 3234 1748 3297 Scite]
1780 3232 2023 3296 Rogatio,
2061 3232 2222 3291 leges,
2261 3229 2411 3289 scita,
2453 3228 2540 3278 hic

1475 3329 1632 3365 unum
1668 3319 1725 3362 et
1747 3311 1884 3361 idern
1917 3315 2052 3358 sunt.
2118 3306 2329 3367 Rogatio
2364 3312 2541 3354 tamen

1476 3391 1700 3457 praecise
1741 3388 1858 3450 fuit,
1880 3400 1996 3434 cum
2030 3384 2114 3432 lex
2138 3388 2540 3446 proponeretur,

1475 3470 1774 3534 priusquam
1799 3463 2091 3528 approbata
2127 3461 2335 3522 lataque
2373 3466 2545 3519 esset;

1452 3549 1626 3609 ‘Leges
1666 3546 1841 3604 dictae,
1880 3551 2151 3606 postquam
2192 3541 2312 3588 latae
2347 3543 2543 3587 essent.

1475 3625 1615 3674 Seita
1639 3623 1845 3687 proprie
1874 3621 2019 3684 jussa
2044 3617 2242 3683 populi„
2264 3630 2382 3665 cum
2401 3627 2432 3664 a
2454 3629 2546 3678 po-

1477 3702 1602 3765 pulo
1648 3697 1885 3758 sancita»,
1926 3709 2114 3759 nempe
2162 3696 2289 3755 leges
2339 3697 2547 3751 essent3

1479 3784 1589 3828 tum
1612 3774 1856 3840 plebiscita
1879 3774 2207 3823 vocabantur.
2554 3776 2561 3782 ·

1545 3862 1572 3895 P
1611 3854 1736 3902 Nam
1775 3852 1926 3913 culpa,
1949 3864 2090 3913 quam
2132 3845 2292 3910 paeua]
2353 3843 2545 3893 Similis

1483 3945 1669 3995 gnome
1689 3930 1742 3977 in
1772 3926 2129 3977 Tertulliano:
2162 3924 2179 3951 ‘
2204 3924 2370 3971 Nemo
2410 3927 2548 3983 post·

1480 4006 1658 4056 futura
1694 4001 2050 4067 reprehendit,
2088 4014 2204 4063 quae
2227 3998 2431 4060 ignorat
2466 3991 2545 4044 fu·

1482 4089 1634 4134 tura:
1669 4078 1966 4129 emendatio
2008 4077 2217 4138 culpam
2256 4087 2360 4121 non
2401 4079 2549 4121 ante-

1483 4158 1664 4210 cedit.'
1730 4154 1939 4219 Lipsius.
2001 4147 2004 4151 ’

1548 4243 1574 4277 ¹1
1610 4233 1863 4297 Capiamus
1876 4227 2144 4290 comitium]
2177 4226 2548 4290 Capiamuscon-

1481 4313 1660 4379 siliunt,
1683 4326 1785 4379 quo
1805 4311 1965 4361 liceat
1987 4306 2138 4362 sociis
2157 4318 2402 4358 accusare
2435 4318 2549 4356 rec·
