3063 4952
310 389 584 454 φασδ.)
697 345 721 373 ’
1029 377 1449 429 munuum
1502 378 1653 426 ms.
1700 375 1881 425 xm.
2368 355 2543 425 140⁵

311 529 607 596 mesticis
629 524 1021 603 discordiiS,
1040 523 1400 588 imbutam:
1446 522 1636 586 nulla
1655 522 1837 601 odia,
1855 521 2077 586 nullas
2095 519 2398 605 injurias,
2420 541 2542 587 nec

313 633 699 719 cupidinem
728 622 1002 696 ultionis
1031 626 1305 694 afferre.’
1376 626 1555 690 Tum
1588 631 1607 659 ‘
1640 626 1922 691 formam
1950 624 2155 690 futuri
2190 625 2541 709 Principa-

310 735 439 802 tus'
469 729 939 820 praescripsit,¹¹
984 752 1063 797 ea
1105 730 1401 796 maxime
1431 726 1811 807 declinans,i
1858 748 2139 813 quorum
2169 749 2392 793 recens
2418 729 2540 794 fla-

316 841 555 926 grabat
584 840 867 904 invidia.
915 843 935 872 ‘
971 836 1131 902 Non
1154 836 1331 919 enim
1361 855 1433 898 se
1465 835 1879 915 negotiorum
1909 835 2196 898 omnium
2220 831 2540 917 judicemj

314 942 592 1021 fore‚ut‚
617 943 871 1007 clausis
893 960 1090 1004 unam
1107 941 1277 1003 intra
1296 938 1565 1001 domum
1586 939 2085 1001 accusatoribus
2106 943 2170 1001 et
2194 939 2344 1015 reis»,
2370 958 2539 1021 pau-

319 1066 545 1111 corum
575 1040 893 1131 potentia*
922 1050 1346 1128 grassaretur.
1397 1041 1588 1106 Nihil
1613 1043 1684 1105 in
1708 1040 2077 1106 Penatibus
2101 1042 2240 1104 suis
2267 1036 2544 1119 venale,¹

313 1219 406 1262 aut
441 1212 667 1263 motibus
704 1212 881 1262 civicis
919 1212 1241 1277 implicitam,
1283 1212 1524 1271 disserit3
1559 1211 1828 1276 nullasque
1865 1208 2176 1259 offensiones
2211 1224 2363 1259 secum
2399 1211 2540 1261 inve-

311 1279 459 1339 here,
481 1280 650 1327 nullas
671 1279 792 1343 iras,
814 1293 913 1327 nec
935 1278 1271 1341 cupiditatem
1301 1276 1565 1326 vindictae.
1638 1276 1754 1325 Tum
1789 1278 2054 1338 exemplar
2087 1274 2276 1324 futurae
2313 1276 2541 1326 domina·

313 1343 472 1393 tionis
494 1345 751 1393 delineavit
771 1344 1131 1409 praeflnivitque,
1154 1359 1209 1392 ea
1225 1344 1462 1407 pra-cipue
1499 1342 1732 1401 devitans,
1754 1356 1949 1404 quorum
1982 1355 2142 1389 recens
2170 1341 2367 1390 ardebat
2390 1342 2542 1392 adhuc

308 1410 514 1460 Maia.
581 1411 701 1460 Non
740 1409 875 1458 enim
914 1424 970 1458 se
1005 1423 1277 1458 causarum
1317 1409 1543 1457 omnium
1585 1407 1836 1456 arbitrum
1874 1405 2125 1464 futurum,
2160 1408 2230 1455 ita
2254 1414 2311 1455 ut
2333 1407 2543 1457 inclusis

306 1475 455 1526 intra
497 1474 711 1524 easdem
756 1473 896 1524 aedes
958 1473 1276 1525 delatoribus
1320 1480 1377 1523 et
1420 1472 1674 1535 sontibus,
1720 1486 2004 1536 pancorum
2058 1472 2136 1521 vis
2201 1480 2542 1536 grassaretur.

1333 1559 1548 1654 {101⁸AE

308 1720 436 1772 ticis
459 1718 736 1770 discordiis
757 1720 1025 1771 imbutam.

373 1796 402 1832 ¹¹
438 1797 773 1862 prescripsit]
806 1796 872 1846 Id
911 1803 1012 1859 est,
1043 1796 1129 1846 Ita
1163 1795 1393 1860 descrip-

308 1874 401 1937 sit,
426 1880 486 1923 ut
521 1875 694 1937 palam
734 1875 832 1923 sibi
869 1873 984 1938 ipse
1026 1872 1394 1938 praescriberet

309 1950 536 2014 regendi
559 1949 778 2000 formam
799 1967 813 2000 ε
852 1966 962 2011 sen,
982 1950 1044 2000 In
1066 1957 1391 2000 antecessum

311 2028 618 2093 exemplum
642 2029 790 2093 regni
811 2027 1092 2093 descripsit
1116 2041 1178 2076 ac
1203 2026 1394 2076 deline-

312 2107 450 2159 avit.

376 2182 394 2216 ¹
436 2183 512 2233 Ea
534 2184 742 2234 maxime
765 2183 1025 2248 declinans]
1061 2184 1182 2233 Non
1222 2183 1299 2234 ita
1330 2197 1395 2233 ea

310 2258 518 2324 flagitia
543 2260 907 2311 dominationis
922 2260 1124 2311 Claudii
1149 2260 1395 2326 declinat,

309 2347 371 2391 nt
415 2340 483 2389 de
525 2339 590 2389 iis
628 2340 814 2401 sileat3
848 2340 1002 2390 immo
1041 2355 1107 2389 ea
1144 2338 1300 2390 affert
1337 2346 1392 2390 et

310 2416 607 2483 amplificat
646 2416 840 2479 verbis,
871 2425 927 2467 et
965 2418 1235 2484 proposita
1268 2417 1394 2468 talia

306 2501 552 2550 monstra
592 2510 648 2545 se
695 2494 1074 2546 declinaturum
1116 2495 1396 2560 promittit,

309 2575 665 2640 praemonitns
703 2589 892 2638 nempe
914 2589 945 2623 a
967 2575 1180 2634 Seneca,
1206 2574 1294 2638 qui
1319 2579 1394 2623 ta-

306 2656 417 2706 lem
478 2653 884 2703 dominationem
938 2653 1294 2719 aversabatur,
1338 2660 1393 2703 et

307 2737 464 2782 recte
489 2745 553 2780 ac
569 2731 693 2795 jure
718 2731 923 2781 merito.

367 2809 669 2873 Declinans]
740 2807 802 2857 Id
859 2815 961 2870 est,
1017 2809 1393 2861 declinaturum

310 2883 667 2951 praedicabat,
688 2884 1044 2948 promittebat.

368 2960 395 3006 J
431 2963 547 3012 Non
562 2962 687 3011 enim
708 2977 757 3011 se
777 2962 1072 3025 negotiorum
1093 2964 1299 3014 omnium
1308 2964 1392 3026 ju-

308 3040 492 3104 dicem]
528 3039 680 3091 Quod
707 3039 914 3102 quidem
952 3038 1148 3090 factum
1180 3041 1277 3090 sub
1309 3040 1394 3089 Ti·

308 3116 488 3180 herio,
515 3117 735 3180 primum
777 3117 829 3166 in
875 3118 1088 3181 palatio,
1121 3117 1311 3168 deinde
1341 3118 1396 3168 in

310 3210 529 3246 secessu
548 3196 903 3258 Caprearum;
936 3195 1070 3244 unde
1106 3196 1317 3245 veniens
1345 3210 1395 3243 e-

312 3273 518 3339 pistola
540 3288 624 3322 res
645 3273 945 3336 decidebat,
969 3279 1025 3323 et
1057 3279 1267 3322 senatus
1291 3274 1397 3322 vel-

312 3354 394 3403 uti
417 3353 634 3402 satelles
659 3351 969 3400 dominantis
1002 3349 1393 3414 exequebatur:

311 3429 367 3479 id
392 3439 453 3479 et
497 3429 595 3478 sub
628 3430 756 3480 Caio
794 3429 1024 3492 Caesare,
1055 3429 1150 3478 sub
1176 3427 1396 3479 Claudio

312 3509 446 3559 item
471 3507 721 3558 obtinuit.
1042 3531 1045 3532 ⁷

382 3587 466 3636 Ea
519 3585 676 3649 igitur
733 3591 981 3650 tanquam
1029 3583 1400 3646 declinaturus,

310 3664 572 3731 proponit
611 3666 789 3725 Nero;
838 3665 959 3729 quia
998 3677 1179 3712 recens
1221 3662 1400 3712 ta'lium

312 3742 518 3792 invidia
538 3738 830 3804 flagrabat:
868 3741 941 3789 sic
966 3739 1230 3788 Valerium
1257 3738 1402 3788 Asia-

314 3820 508 3880 ticum,
529 3819 677 3883 cujus
701 3819 866 3867 hortis
895 3817 1125 3866 inhiabat
1148 3816 1401 3866 Messalli-

316 3914 408 3961 na‚
432 3897 699 3957 Claudius,
734 3897 874 3945 nulla
916 3897 1039 3945 data
1072 3902 1282 3944 senatus
1314 3910 1400 3943 co-

315 3976 430 4040 pia,
454 3977 595 4025 intra
625 3975 921 4024 cubiculum
948 3973 1165 4034 audivit,
1191 3974 1401 4022 damna·

316 4054 505 4118 vitque
529 4054 644 4117 ipsa
665 4067 840 4101 coram
880 4052 1213 4112 Messaliiua3
1249 4052 1321 4099 sic
1347 4058 1402 4100 et

320 4130 514 4180 Macro
532 4135 656 4180 ante
676 4130 772 4179 sub
791 4129 1015 4178 Tiberio.
1056 4129 1071 4156 ‘
1099 4129 1219 4178 Non
1238 4128 1408 4190 enim,’

324 4206 523 4271 inquit,
544 4208 559 4235 ‘
585 4220 642 4254 se
665 4204 992 4269 negotiorum
1016 4206 1238 4255 omnium
1263 4205 1408 4269 judi-

326 4293 455 4333 cem
490 4281 641 4334 fore.’
705 4282 839 4334 Quae
873 4287 1019 4332 certe
1040 4282 1168 4332 vitia
1188 4283 1409 4349 praepol-

1473 1719 1681 1768 lucrant
1703 1717 1798 1767 sub
1814 1719 1925 1768 aliis
1945 1718 2287 1785 principibus,
2299 1721 2390 1771 sed
2409 1737 2546 1788 prae·

1475 1798 1630 1860 cipue
1653 1811 1833 1847 recens
1868 1798 1963 1847 sub
1997 1798 2232 1862 Claudio,
2266 1799 2462 1851 artibus
2483 1802 2547 1851 li-

1472 1873 1736 1923 bertorum
1749 1881 1805 1923 et
1822 1889 2058 1934 uxorum,
2071 1876 2405 1941 Messallinae,
2422 1878 2544 1929 dein

1475 1956 1531 2000 et
1556 1949 1881 2015 Agrippinae.

1542 2029 1857 2090 Negotiorum
1892 2031 2098 2080 omnium
2123 2032 2357 2097 judicem]
2407 2034 2546 2087 Quia

1474 2106 1551 2155 sic
1576 2106 1943 2169 grassabantur
1959 2109 2156 2171 liberti,
2176 2115 2233 2159 ut
2253 2118 2308 2160 et
2326 2111 2545 2162 Messal-

1473 2183 1578 2233 iina
1599 2199 1748 2245 uxor,
1770 2198 1832 2233 n.
1856 2190 1938 2234 6.:
1973 2184 2094 2235 dein
2133 2193 2188 2235 et
2219 2185 2544 2252 Agrippina3

1473 2261 1665 2308 namin
1689 2261 1929 2312 cubiculo
1958 2264 2183 2313 Caesaris
2223 2279 2339 2314 reus
2375 2273 2431 2315 et
2463 2281 2547 2317 ac-

1474 2346 1737 2390 cusatores
1760 2340 1952 2400 clausi;
1990 2340 2124 2405 quod
2150 2348 2205 2391 et
2225 2348 2411 2405 postea
2434 2343 2546 2407 ipse

1475 2418 1622 2467 Nero
1644 2432 1760 2466 cum
1785 2432 1877 2466 sua
1915 2417 2152 2482 Poppaea
2185 2425 2241 2467 et
2273 2418 2545 2483 Tigellino,

1473 2509 1571 2546 κν.
1595 2499 1678 2545 61.
1720 2496 2008 2559 usurpavit.
2092 2497 2330 2547 Libertas
2367 2496 2550 2549 suffra·

1476 2573 1681 2636 giorum
1705 2572 2056 2634 corrumpitur
2075 2572 2189 2634 ipsa
2213 2574 2297 2622 vel
2318 2588 2549 2637 presen-

1477 2649 1553 2698 tia
1576 2647 1858 2712 principis;
1893 2647 1965 2697 sic
1991 2648 2201 2698 Tiberio
2230 2649 2444 2714 judiciis
2469 2666 2547 2701 as-

1476 2725 1701 2786 sidente,
1739 2742 2028 2792 quanquam
2060 2729 2076 2756 ‘
2101 2729 2263 2778 multa
2286 2744 2348 2778 eo
2371 2744 2546 2779 coram

1475 2806 1723 2856 adversus
1746 2807 1999 2856 ambitum
2024 2813 2078 2856 et
2100 2809 2390 2872 potentium
2431 2824 2549 2875 pre-

1474 2897 1565 2933 ces
1601 2886 2057 2948 constituerentur,
2080 2892 2250 2936 tamen
2273 2886 2391 2936 dnm
2417 2888 2551 2937 veri-

1475 2963 1573 3011 tati
1597 2962 1900 3026 consulitur,
1937 2963 2148 3013 libertas
2181 2966 2550 3030 corrumpeba-

1474 3041 1593 3092 tur.'
1639 3054 1677 3091 1.
1699 3045 1782 3092 75.

1541 3117 1567 3152 ¹¹
1601 3120 1873 3170 Paucorum
1889 3122 2127 3185 pueritia]
2159 3122 2311 3175 Quod
2334 3124 2552 3187 opponi-

1478 3204 1566 3246 tur
1591 3196 1821 3246 libertati
1859 3205 1914 3247 et
1953 3199 2290 3263 principatui,
2324 3200 2410 3264 qui
2443 3215 2548 3250 non

1478 3275 1725 3338 opprimit
1780 3275 2095 3340 libertatem,
2140 3278 2232 3327 sed
2283 3278 2550 3327 licentiam

1478 3361 1697 3405 tantum.
1764 3356 1917 3408 Quod
1940 3357 2226 3421 opponitur
2248 3363 2304 3405 et
2321 3357 2553 3418 veritati,

1479 3447 1570 3481 seu
1598 3432 1838 3496 justitiae,
1873 3439 1928 3481 et
1972 3432 2207 3496 inprimis
2251 3431 2553 3483 auctoritati

1479 3516 1706 3574 patrum,
1725 3516 1780 3559 et
1802 3510 1940 3559 bono
1963 3510 2205 3574 principi,
2226 3510 2313 3574 qui
2349 3524 2445 3559 nec
2480 3514 2555 3559 to·

1481 3595 1589 3639 tam
1614 3588 1912 3637 libertatem
1941 3602 2035 3637 nec
2063 3595 2223 3638 totam
2244 3588 2551 3637 servitutem

1478 3665 1615 3715 velle
1639 3664 1813 3714 debet.

1546 3741 1560 3776 ¹
1585 3743 1726 3792 Nihil
1746 3744 1797 3791 in
1818 3742 2077 3792 Penatibus
2097 3744 2197 3791 suis
2212 3741 2393 3805 venale]
2425 3742 2553 3790 Tac.

1481 3823 1531 3872 in
1567 3822 1749 3886 Agric.
1777 3836 1896 3871 xix.
1930 3821 2010 3871 ‘A
2048 3837 2104 3870 se
2144 3822 2352 3885 suisque
2387 3835 2553 3881 orsus,

1482 3900 1703 3965 primum
1730 3902 1934 3948 domum
1965 3914 2105 3948 suam
2130 3897 2378 3959 coercuit,
2414 3895 2554 3960 quod

1485 3978 1746 4042 plerisque
1790 3975 1928 4026 haud
1972 3979 2140 4025 minus
2190 3974 2408 4023 arduum
2456 3980 2558 4035 est,

1484 4070 1638 4120 quam
1681 4055 1999 4117 provinciam
2047 4067 2255 4115 regere:
2292 4050 2417 4099 nihil
2457 4065 2554 4115 per

1486 4132 1700 4180 libertos
1738 4145 2015 4194 servosque
2055 4128 2273 4192 publicae
2311 4127 2416 4176 rei:
2449 4142 2556 4177 non

1487 4206 1672 4260 studiis
1712 4207 1950 4271 privatis,
1989 4219 2087 4254 nec
2128 4218 2194 4254 ex
2233 4206 2556 4255 commenda-

1490 4285 1635 4337 tione
1659 4291 1750 4336 aut
1771 4282 2015 4350 precibus
2046 4282 2406 4335 centurionum
2426 4282 2556 4333 mili-
