3063 4952
534 408 713 479 laes
801 434 808 435 ff
1248 426 1317 476 c.
1335 432 1344 437 ·
1361 424 1727 477 connum
1770 422 2053 475 ‘men-1-

545 612 552 615 ·
621 575 734 641 2⁷.
779 572 951 638 Mox
979 572 1126 652 iter,
1177 573 1258 638 L.
1307 567 1606 637 Ιιιιειιίἱοι
1642 569 1981 656 quondam
2024 573 2461 654 penetratum,
2490 573 2733 657 apertis

531 696 690 762 quae
745 684 1044 742 vetustas
1101 677 1516 759 obsepserat,
1576 675 1809 759 pergit.
1897 672 1987 739 Et
2036 675 2367 739 venientes
2417 675 2735 740 Tiridatis

532 777 1017 862 Vologesisque
1046 777 1129 841 de
1174 796 1345 860 pace
1381 776 1635 859 legatos
1674 776 1852 858 haud
1881 781 2303 859 aspernatu8‚
2329 778 2633 862 adjungit
2652 778 2736 841 iis

531 876 1031 957 'CenturioneS,¹¹¹
1083 899 1235 944 cum
1282 879 1618 943 mandatis
1675 898 1805 942 non
1852 875 2253 944 immitibus:
2294 878 2327 961 7‘
2355 886 2512 943 non¹
2554 880 2736 944 ‘euim

531 981 750 1049 adhuc
780 1000 862 1047 eo
890 986 1177 1061 ventum,
1207 986 1283 1046 ut
1309 981 1662 1046 certamine
1689 984 1982 1045 extremo
2022 1000 2191 1065 opus
2236 987 2430 1046 esset.
2519 979 2739 1048 Multa

2412 427 2504 493 [A.
2525 428 2599 482 U.
2619 432 2729 484 81¹1.

597 1154 732 1205 Dein
753 1155 1023 1217 ingreditur
1059 1156 1204 1218 dom,
1224 1172 1318 1219 qao
1339 1156 1400 1204 L.
1423 1155 1649 1205 Lucana
1662 1156 1771 1204 olim
1787 1160 2089 1219 pen-eperat,
2110 1154 2332 1205 reseratis
2366 1155 2429 1204 iis
2472 1171 2582 1219 quae
2617 1156 2740 1206 anti·

529 1220 687 1282 quitus
708 1221 1022 1271 obstruxerat.
1088 1223 1158 1270 Et
1172 1223 1335 1270 missos
1354 1237 1385 1269 α
1407 1221 1626 1270 Tiridate
1647 1227 1694 1270 et
1721 1221 1943 1282 Vologese
1954 1227 2163 1269 oratores
2183 1224 2242 1270 de
2258 1236 2372 1284 poce
2390 1222 2517 1270 haud
2537 1227 2739 1271 content·

529 1301 661 1348 neus,
702 1286 873 1346 adiicit
913 1287 1012 1336 illis
1043 1287 1350 1348 centuriones,
1384 1301 1487 1335 cum
1530 1286 1768 1336 madetis
1799 1287 1926 1336 haud
1963 1286 2206 1348 superbis.-
2241 1285 2467 1335 nondum
2509 1287 2651 1336 enim
2673 1301 2736 1336 eo

528 1364 842 1417 processum,
874 1357 933 1402 ut
975 1351 1154 1401 ultimo
1198 1351 1495 1401 discrimine
1535 1366 1665 1415 opus
1710 1357 1866 1401 esset.
1932 1350 2168 1403 Plurima
2203 1352 2446 1401 Romanis
2484 1366 2738 1416 prospera
2829 1386 2833 1390 -

1454 1481 1721 1502 ‘moneo
1725 1480 1811 1501 ‘0‘

523 1582 528 1587 .
595 1547 622 1594 1
643 1546 753 1596 Nec
769 1547 1038 1598 Brotierus
1050 1524 1168 1599 cum
1187 1548 1417 1600 Homero
1432 1567 1452 1611 ς
1468 1557 1525 1601 et
1543 1551 1617 1601 ita
1632 1552 1764 1600 Mss.
1783 1551 1920 1600 Flor.
1936 1551 2067 1613 Reg.
2092 1511 2250 1598 editio
2270 1548 2514 1612 princeps
2525 1553 2589 1597 et
2603 1546 2731 1597 Gro-

525 1611 728 1675 novius.
807 1613 895 1663 Sic
920 1629 1125 1680 quoque
1148 1616 1251 1666 Ms.
1278 1615 1433 1666 Bodl.
1472 1616 1702 1667 secunda
1739 1631 1909 1683 manu.
1974 1616 2153 1666 Primo
2193 1615 2461 1692 scriptum,
2492 1628 2584 1663 non
2601 1630 2623 1673 ,·
2658 1611 2731 1664 uti

1537 1746 1748 1829 NOTAE

593 1858 778 1923 Neque
822 1865 972 1924 putes
1000 1875 1117 1911 cum
1153 1861 1265 1913 aliis
1292 1862 1590 1928 interpreti-

523 1932 641 1995 bus,
677 1935 947 1987 reticuisse
996 1938 1341 1989 Corbulonem
1387 1939 1455 1990 de
1495 1940 1588 1990 illa

522 2009 736 2061 inscitia
753 2013 906 2063 Paeti.
972 2014 1138 2064 Immo
1157 2017 1588 2081 amplissimam&-

525 2087 660 2137 teria
697 2087 799 2138 fuit
826 2090 935 2142 viro
958 2091 1170 2143 militari
1206 2101 1263 2143 et
1288 2094 1474 2144 aemulo
1509 2095 1586 2144 in-

523 2162 638 2226 epti
652 2163 818 2213 ducis.
937 2213 942 2217 .

588 2240 660 2290 Et
692 2255 755 2293 eo
794 2243 961 2307 major
990 2242 1276 2310 affulgebat
1319 2248 1583 2313 spesboni

519 2319 720 2382 exitus,
751 2336 854 2386 quo
895 2323 1028 2373 bello
1066 2325 1341 2376 commissa
1372 2342 1404 2377 a
1432 2328 1585 2379 Paeto

520 2394 761 2457 graviora
792 2403 848 2447 et
869 2398 1167 2451 absurdiora
1192 2402 1517 2455 videbantur.

519 2519 522 2522 .
587 2472 745 2525 Quod
785 2473 1010 2528 facunde
1054 2486 1112 2531 et
1140 2481 1439 2533 militariter
1460 2499 1583 2534 exe-

519 2558 670 2604 cutus
736 2561 820 2605 est
874 2556 1118 2609 Corbulo.
1185 2561 1581 2628 Eri-auissetque

513 2630 741 2680 maxime
782 2632 890 2696 ille,
914 2634 1117 2699 siquod
1150 2636 1444 2703 deliquerat
1466 2640 1582 2690 Ρω-

517 2713 603 2757 tus
625 2708 828 2773 ignavia
852 2719 909 2761 et
930 2712 1155 2776 inscitia,
1200 2722 1311 2764 tum
1332 2714 1578 2767 siluisset.

513 2784 604 2834 Sic
626 2785 760 2835 enim
784 2795 979 2839 metum
1003 2797 1057 2839 et
1085 2790 1432 2855 suspicionem
1451 2792 1579 2844 Par-

515 2862 770 2912 thicarum
793 2864 998 2927 virium,
1038 2866 1261 2918 militum
1282 2869 1465 2919 animis
1488 2870 1579 2921 im-

515 2936 803 3000 prudenter
835 2940 1144 3005 reliquisset.
1212 2943 1400 3010 Itaque
1428 2961 1578 3012 repo-

513 3013 858 3065 suiudncrsum
875 3018 1113 3067 inscitiam
1142 3020 1293 3083 Poeti,
1312 3024 1411 3071 ὅτε.

576 3090 715 3154 Scio,
759 3091 862 3156 legi
899 3092 952 3142 in
983 3092 1286 3157 fragmentis
1310 3098 1573 3151 Sallustiiz

511 3166 536 3208 -‘
553 3168 864 3221 Rumoribus
905 3169 1126 3223 adversa
1153 3173 1206 3223 iu
1246 3177 1578 3242 pravitatem,

510 3249 741 3300 secunda
762 3250 813 3299 in
838 3265 1032 3314 casum,
1056 3250 1315 3302 fortunam
1338 3254 1394 3314 in
1418 3262 1577 3306 teme·

505 3325 715 3375 ritatem
738 3326 1046 3378 declinando
1075 3331 1513 3394 corrumpebant.’
1562 3375 1563 3378 ,

511 3423 517 3432 2
572 3402 646 3452 Et
676 3410 736 3452 ut
756 3418 896 3467 saepe
919 3405 1041 3455 alibi
1074 3406 1289 3456 Tacitus
1313 3408 1575 3460 Sallustia-

505 3477 607 3541 nis,
627 3478 702 3527 ita
723 3485 782 3527 et.
798 3480 898 3529 hoc
921 3481 1045 3531 loco»
1068 3482 1142 3530 uti
1166 3484 1366 3546 potuit..
1428 3486 1573 3537 Malo

507 3559 688 3603 tamen,
720 3556 838 3618 ipse
880 3556 1043 3607 verba
1079 3559 1247 3610 Taciti
1291 3574 1357 3610 ex
1398 3562 1572 3615 Taciti

502 3630 677 3699 ⁴verbis
707 3631 973 3696 colligere,
997 3640 1054 3684 et
1074 3650 1278 3686 sensum
1295 3639 1570 3692 verborum

503 3707 680 3757 -Taciti
710 3707 903 3758 inferre
947 3724 1012 3759 ex
1043 3710 1155 3774 ipso
1192 3713 1370 3765 Taciti.
1399 3730 1566 3767 seusu.

502 3781 673 3847 Adde,
692 3784 840 3849 quod.
865 3794 1012 3837 vetus
1032 3788 1191 3837 lectio
1213 3789 1345 3851 hoec,
1370 3806 1487 3855 quae
1511 3799 1566 3843 et

497 3860 754 3912 inviolata.
768 3876 881 3911 esse
912 3861 1109 3927 debuit,
1144 3870 1200 3913 et
1218 3865 1415 3917 duobus
1439 3868 1566 3919 locis

498 3935 708 3987 Tacitus
728 3936 886 3988 habet
926 3953 1105 3989 vocem
1146 3937 1276 3991 hauc
1314 3944 1565 4011 declinare,

497 4022 689 4078 quarto
702 4030 857 4065 casu.⁴
1550 4063 1556 4069 .

503 4131 506 4136 Α
560 4093 830 4141 Adversum
859 4092 1099 4144 inscitiam
1138 4094 1270 4145 Poeti
1296 4095 1559 4161 declinans]

1667 1863 1925 1927 attingere
1947 1867 2146 1913 tautum
2164 1860 2424 1924 suspensis
2445 1859 2730 1909 meditatis·

1666 1954 1769 2006 que
1807 1939 1997 2002 verbis,
2039 1944 2097 1989 et
2125 1944 2335 1988 ‘tantum
2370 1949 2489 1986 eum
2523 1935 2730 1999 oblique

1666 2017 2040 2083 perstringere,
2061 2022 2116 2065 et
2147 2014 2291 2079 quasi
2314 2011 2644 2075 vitabundus,
2666 2026 2729 2061 ne

1665 2095 1854 2146 iterum
1911 2093 2085 2144 oculis
2136 2091 2423 2154 animisque
2472 2090 2730 2154 legionum

1668 2170 1936 2221 adversam
1955 2183 2068 2220 eam
2091 2166 2292 2219 cladem
2317 2165 2567 2217 exhibere
2593 2165 2731 2214 vide·

1668 2254 1838 2298 retur.
2584 2284 2587 2287 Α

1727 2323 1927 2375 Debuit
1949 2323 2024 2375 sic
2039 2336 2122 2373 res
2140 2320 2427 2372 contrarias
2445 2332 2730 2384 opponere,

1664 2407 1721 2451 et
1744 2413 2007 2465 exponere
2033 2397 2468 2457 velut-indirecte,
2506 2395 2729 2460 oblique,

1666 2486 1723 2530 et
1746 2479 1891 2544 quasi
1913 2478 2141 2529 reticere,
2171 2476 2350 2525 vellet.
2417 2473 2487 2526 Et
2523 2473 2622 2523 boc
2647 2488 2728 2522 vo-

1664 2565 1750 2606 cat
1785 2555 2015 2616 Tacitus,
2045 2556 2288 2603 adversam
2315 2551 2555 2601 inscitiam
2588 2549 2728 2599 decli·

1660 2648 1793 2683 nare.
1859 2632 2026 2697 quue
2068 2645 2190 2696 pars
2226 2628 2577 2693 imperatoriae
2611 2642 2728 2691 pru,

1663 2709 1850 2759 dentiae
1873 2707 1996 2772 fuit,
2029 2722 2096 2758 ne
2136 2707 2318 2757 Parthi
2340 2707 2454 2771 jam
2474 2705 2603 2754 satis
2624 2702 2726 2753 for·

1659 2786 1840 2837 midaii
1866 2786 1999 2836 vires
2037 2784 2203 2834 adbuc
2237 2783 2489 2834 extollere
2524 2781 2724 2831 videre-

1660 2868 1763 2914 tur.
2708 2882 2713 2888 ·

1723 2938 1736 2974 ¹
1767 2941 1872 2991 Iter
1892 2940 1954 2991 L.
1976 2938 2195 3004 Lucullo]
2230 2935 2569 2989 Plutarchum
2593 2936 2724 2999 lege.

1655 3018 1863 3084 Lipsius.
2710 3073 2713 3076 .

1719 3102 1756 3129 ¹¹¹
1787 3094 2103 3158 Adjangieiis
2123 3092 2434 3157 centuriones]
2467 3091 2598 3141 Cum
2623 3103 2722 3140 non

1655 3175 1996 3223 convenirent
2017 3173 2083 3222 de
2124 3169 2513 3220 conditionibus
2557 3168 2735 3232 pacis,

1655 3251 1796 3316 quod
1820 3248 2029 3300 difficile
2060 3255 2143 3300 est
2161 3248 2299 3297 inter
2322 3245 2503 3311 procul
2522 3252 2719 3295 amotos

1654 3327 1937 3390 principes,
1975 3332 2030 3376 et
2073 3325 2199 3390 quia
2239 3321 2377 3372 forte
2400 3321 2563 3385 legati
2588 3320 2718 3384 regis

1653 3403 1794 3453 nulla
1816 3402 1943 3452 satis
1966 3408 2113 3452 certa
2150 3399 2394 3450 mandata
2413 3395 2722 3468 afferebant,

1652 3494 1749 3531 nec
1771 3478 1903 3530 forte
1928 3480 2130 3543 plenam
2149 3476 2292 3541 pacis
2314 3473 2607 3525 sanciendae
2630 3488 2718 3537 poe

1652 3566 1898 3610 testatem
1934 3559 2197 3619 habuere3
2230 3556 2349 3605 idco
2383 3554 2614 3606 Corbulo
2646 3554 2717 3604 le-

1650 3637 1787 3699 gatis
1810 3635 2052 3700 adjungit
2072 3633 2383 3694 centuriones,
2405 3631 2493 3696 qui
2507 3629 2718 3680 manda·

1650 3721 1706 3762 ta
1725 3714 1870 3764 ducis
1900 3712 2001 3776 ipsi
2038 3711 2148 3775 regi
2182 3713 2539 3774 proponerent
2562 3708 2721 3757 ‹smol-⁴

1646 3790 1940 3856 lirentque,
1963 3794 2122 3853 prout
2132 3787 2381 3851 jusserat,
2402 3792 2457 3834 et
2481 3799 2576 3848 pro
2601 3798 2715 3847 pru·

1646 3868 1826 3917 dentia
1847 3882 1952 3918 sua.
2016 3866 2228 3917 Terrori
2251 3862 2478 3929 addebat
2497 3863 2712 3913 consilia

1646 3944 1892 4007 Corbulo,
1915 3958 2029 4008 quae
2067 3956 2169 3991 non
2203 3942 2412 4004 ingrata
2442 3939 2571 4001 ipsis
2602 3940 2712 3989 hos·
2741 3950 2743 3952 ’

1644 4021 1783 4071 tibus
1807 4021 1880 4071 ob.
1899 4018 2090 4069 famam
2112 4016 2236 4066 fidei
2259 4021 2314 4064 et
2334 4016 2658 4066 constantiae.
2694 4041 2701 4082 3

1708 4100 1896 4162 Neque
1923 4111 2042 4165 eum
2081 4093 2285 4143 barbari
2309 4092 2487 4153 etiam,
2524 4100 2583 4141 ut
2601 4093 2707 4141 hos·

496 4166 583 4215 De
627 4169 857 4218 adversis
879 4170 1099 4221 reticere
1120 4171 1308 4222 debuit.
1330 4174 1557 4225 Corbulo
1639 4173 2194 4235 tenuaversabantur:
2231 4170 2348 4236 quia
2379 4169 2553 4231 justus
2598 4170 2707 4217 lios·

493 4256 680 4298 noram.
723 4259 856 4296 noro
910 4246 1075 4296 milite
1115 4254 1171 4297 et
1216 4249 1379 4299 cladis
1415 4251 1556 4299 inex·
1616 4251 1721 4313 <tis,
1753 4251 2039 4316 armisque,
2055 4262 2154 4298 uon
2179 4247 2326 4297 malis
2354 4245 2701 4311 artibus,.vin-

491 4326 641 4400 petto
665 4336 679 4371 z
723 4320 1179 4374 debuitinscitiam
1200 4325 1387 4390 prioris
1409 4326 1557 4384 ducis
1634 4328 1815 4384 cebat.
