3063 4952
472 389 644 467 1498
1172 418 1231 467 o,
1279 405 1638 467 consumi
1687 405 1941 468 'rAc'rm

2369 407 2463 490 ts.
2480 422 2548 477 υ.
2566 428 2693 477 sto:

471 552 864 651 impunitate
907 557 973 631 et
1019 553 1340 650 praemii5‚
1387 572 1585 651 atque
1633 569 1779 653 ipse
1829 569 2157 647 occultus⁰
2186 568 2679 652 et=plerumque

473 676 694 734 coram
742 678 1222 756 prospectans:
1269 671 1506 749 donec,
1539 670 1859 736 ‘discordi
1919 672 2189 756 popu10,
2239 676 2306 735 et
2363 672 2684 754 gravioris

473 863 626 912 tiones
659 864 926 924 mimorum,
963 864 1091 913 velut
1124 863 1178 912 in
1221 861 1480 911 certamino
1517 863 1840 922 commutavit,
1876 862 2044 912 inultis
2066 863 2302 928 flagitiis,
2342 868 2390 911 et
2427 853 2685 925 largitione

474 930 760 994 proposita,
782 933 920 992 atque
940 928 1041 992 ipse
1063 929 1266 992 abditus,
1286 934 1331 977 et
1350 943 1474 991 soepe
1496 943 1653 977 coram
1670 928 1956 991 prospiciens
1969 944 1989 985 ,·
2028 930 2170 978 donec
2184 930 2457 978 seditionem
2474 933 2686 978 :notente

1475 1060 1688 1110 NOTAE

491 1173 501 1182 ’
537 1160 613 1209 Ut
659 1161 798 1225 apud
844 1161 1124 1224 :Iustinum
1167 1162 1288 1211 lanoe
1329 1175 1442 1210 usus
1483 1176 1540 1208 nc
1621 1158 1916 1209 ficationem
1960 1173 2131 1207 rerum
2173 1163 2230 1208 et
2273 1156 2554 1207 affectuum
2594 1157 2690 1230 pa}

471 1236 686 1301 uestium,
731 1238 869 1303 quod
917 1245 1018 1300 est,
1063 1239 1286 1288 vestium
1333 1252 1364 1285 e
1418 1238 1541 1286 lana
1622 1244 1736 1285 rata
1760 1237 1958 1286 illorum
1982 1242 2062 1286 est
2085 1250 2283 1297 manus,
2317 1243 2372 1284 et
2409 1234 2690 1291 verborum

469 1327 623 1375 usus:
650 1315 886 1366 laboribus
904 1321 952 1366 et
976 1316 1128 1377 belli-s,
1152 1330 1248 1379 pro
1272 1315 1538 1365 laboribus

468 1390 613 1443 belli.
679 1392 769 1441 Sic
808 1393 1045 1442 licentium
1082 1394 1317 1442 ludicram
1347 1391 1541 1451 et-fau-

467 1473 596 1522 tores
617 1468 916 1532 histrionum,
934 1469 989 1519 id
1012 1476 1110 1533 est,
1130 1469 1542 1520 licentiamludi-

472 1560 617 1616 oram
638 1546 898 1597 fautorum
923 1546 1314 1598 histrionaliumi
1355 1548 1541 1596 Grono-

472 1637 596 1672 etus.

492 1701 499 1708 ’
535 1699 770 1751 Fautores
817 1699 1121 1764 histrionum]
1205 1699 1396 1748 Mirum
1441 1703 1539 1760 est,

473 1784 666 1852 quanto
691 1776 878 1825 ardore
912 1783 969 1825 et
1005 1776 1248 1840 cupidine
1286 1776 1402 1824 illos
1424 1789 1539 1839 pro·

472 1852 635 1900 secuti
693 1849 800 1901 sint
855 1853 1015 1902 etiam
1068 1852 1398 1902 illustrissimi
1442 1852 1539 1901 Ro-

468 1928 637 1977 mani:
672 1934 821 1991 puto,
859 1933 915 1978 et
948 1926 1176 1978 foeminae
1211 1930 1439 1993 insignes
1463 1927 1539 1977 fa-

469 2019 593 2055 vere
620 2004 808 2054 talibus
832 2005 1091 2070 portentis
1130 2020 1290 2070 usque
1323 2005 1389 2054 ad
1412 2004 1540 2054 infa-

472 2082 645 2144 mium.

490 2215 493 2220 ⁵
535 2160 720 2210 Senec.
744 2159 900 2224 epist.
923 2164 1007 2209 4⁷.
1041 2160 1056 2189 ‘
1077 2158 1361 2210 Ostendam
1394 2158 1538 2209 nobi-

467 2235 685 2288 lissimos
719 2238 941 2301 juvenes
974 2237 1232 2301 mancipia
1273 2236 1539 2286 Pantomi-

467 2313 706 2364 morum!

531 2392 664 2442 Tac.
699 2405 741 2441 1.
775 2396 858 2442 77.
891 2391 907 2421 ‘
928 2393 1010 2443 De
1051 2392 1205 2443 modo
1250 2392 1444 2444 lucaris
1483 2395 1539 2439 et

468 2468 717 2520 adversus
760 2469 1025 2520 lasciviam
1070 2469 1328 2521 fautorum
1371 2469 1540 2519 multa

467 2545 847 2608 decernuntur:
873 2563 939 2597 ex
979 2548 1165 2612 quibus
1209 2548 1430 2599 maxime
1465 2547 1539 2595 in·

458 2623 652 2689 signia:
692 2639 757 2673 ne
780 2625 962 2675 domos
984 2625 1426 2692 Pantomimorum
1448 2623 1540 2673 Se-

467 2706 621 2750 nator
665 2701 934 2750 introiret:
990 2715 1058 2750 ne
1103 2700 1435 2764 egredientes
1484 2700 1539 2749 in

469 2775 758 2843 publicum,
775 2777 978 2840 equites
999 2764 1216 2825 Romani
1240 2777 1537 2840 cingerent:

467 2858 559 2903 aut
582 2853 705 2901 alibi
728 2867 880 2916 quam
912 2853 964 2901 in
998 2853 1203 2902 theatro
1239 2859 1538 2917 spectaren-

469 2927 590 2981 tur!
658 2928 725 2977 ld
770 2934 869 2991 est,
910 2943 979 2977 ne
1014 2929 1069 2978 in
1114 2929 1268 2978 domo
1311 2943 1420 2991 sua,
1453 2929 1538 2979 vel

465 3004 636 3054 aliena
657 2991 919 3066 luderent,
939 3020 1030 3055 seu
1047 3004 1257 3054 mimum
1280 3012 1513 3068 agerent.
1547 3056 1551 3060 ,

484 3130 511 3141 ,,
536 3081 983 3146 Ideoquesaepius
1008 3082 1168 3145 ejecti
1191 3097 1367 3143 scena,
1390 3082 1538 3145 urhe,

467 3157 645 3222 Italia,
667 3163 723 3209 et
754 3173 893 3222 soepe
935 3158 1148 3219 redditi,
1184 3158 1278 3207 sed
1316 3164 1424 3206 tum
1464 3164 1540 3207 ta·

467 3249 606 3298 rnen,
624 3235 774 3284 sacris
795 3234 1130 3286 certaminibus
1138 3233 1391 3299 prohibiti,
1403 3240 1540 3285 teste

467 3311 678 3380 Tacito,
696 3312 732 3362 l.
758 3325 873 3362 xiv.

535 3392 696 3441 Certe
730 3405 1002 3455 procerum
1041 3389 1212 3454 multi,
1249 3396 1305 3440 et
1344 3389 1440 3440 viri
1483 3393 1541 3439 et

464 3466 690 3519 foeminae
743 3483 861 3518 suos
917 3468 1144 3519 habuere
1198 3468 1542 3533 pantomimos

469 3545 629 3608 domi,
650 3545 738 3611 qui
761 3546 899 3610 ipsos
921 3546 1162 3610 privatim
1186 3546 1539 3596 oblectarent.

465 3620 556 3671 sie
603 3621 843 3671 Domitia
896 3620 1144 3671 Paridem
1187 3621 1403 3682 habuit;
1463 3621 1539 3670 sic

469 3697 608 3765 apud
647 3697 876 3747 Plinium
911 3698 1173 3763 juniorem
1217 3697 1426 3749 foemina
1464 3699 1541 3747 in·

465 3774 627 3843 signis
648 3774 805 3824 habet
825 3776 1033 3825 mimum
1050 3777 1371 3826 collusorem.

534 3853 738 3916 Nempe
761 3853 856 3910 ini,
879 3854 962 3901 vel
985 3854 1138 3913 servi,
1160 3854 1246 3903 vel
1262 3852 1458 3915 liberti,
1481 3857 1540 3902 et

469 3927 535 3977 ob
581 3928 721 3977 illam
761 3936 926 3977 artem
970 3928 1325 3993 histrionicam
1362 3943 1539 3978 manu-

465 4002 610 4065 missi
631 4017 693 4054 ac
716 4002 961 4052 libertate
984 4003 1186 4068 donati,
1215 4021 1330 4055 eum
1366 4006 1539 4055 excel-

466 4078 659 4131 lerent.
726 4079 796 4128 Et
820 4088 966 4130 certe
1005 4081 1136 4131 mira
1175 4089 1233 4133 et
1268 4083 1539 4147 ingeniosa

469 4155 745 4221 admodum
769 4171 852 4206 ars
875 4156 966 4225 illa
986 4158 1303 4210 histrionica.

487 4283 494 4293 ,
532 4232 734 4283 Seneca
755 4235 909 4297 epist.
932 4240 1044 4285 120.
1077 4238 1094 4263 ⁴
1117 4237 1295 4286 Mirari
1316 4238 1538 4288 solemus

469 4298 640 4362 scenae
667 4310 882 4382 peritos,
913 4313 1052 4381 quod
1075 4313 1131 4368 in
1153 4329 1359 4387 omnem
1381 4314 1545 4385 signi?

1619 1314 1948 1370 velocitatem
1971 1320 2147 1376 gestus
2168 1310 2489 1377 assequitur!

1686 1391 1755 1439 Et
1796 1390 1939 1439 Cass.
1983 1390 2018 1438 l.
2065 1404 2140 1437 lv.
2184 1388 2339 1451 epist.
2383 1389 2480 1437 ult.
2500 1388 2688 1437 2‘Hinc

1620 1473 1742 1516 sunt
1765 1466 1954 1516 additae
1981 1466 2336 1527 horcistarum,
2358 1463 2450 1529 (id.
2468 1471 2570 1524 est,
2593 1465 2692 1513 sal-

1622 1533 1867 1606 tantium)
1912 1542 2315 1606 ‘loquacissimae
2362 1556 2544 1589 manus
2592 1541 2688 1589 liu-

1618 1622 1762 1683 guosi
1801 1620 1966 1682 digiti,
1991 1620 2268 1667 clamosum
2290 1618 2572 1680 silentium,
2597 1634 2689 1667 ex-

1619 1697 1805 1761 positio
1829 1696 2024 1746 taeita!
2061 1698 2131 1745 Et
2153 1696 2309 1759 paulo
2334 1703 2480 1758 post:
2515 1699 2531 1723 ‘
2553 1696 2700 1745 Pan-·

1620 1774 1830 1823 tomimo
1850 1774 2027 1837 igitur,
2044 1773 2127 1822 cui
2153 1788 2182 1821 a
2214 1770 2496 1823 multifaria
2519 1771 2692 1822 imita-

1620 1852 1759 1902 tione
1809 1867 2008 1901 nomen‘
2042 1858 2140 1915 est,
2195 1867 2311 1902 cum
2358 1852 2592 1916 primum'
2634 1841 2690 1903 in⁴

1619 1945 1826 1980 scenam
1851 1929 2109 1993 plausibus
2132 1930 2379 1979 invitatus
2398 1930 2689 1993 advenerit,

1618 2007 2100 2057 assistuntconsoni
2134 2006 2277 2058 chori
2301 2006 2699 2072 diversis-orga-

1619 2084 1699 2135 nis
1723 2082 1941 2143 eruditi3
1976 2089 2087 2132 tum
2111 2084 2199 2133 illa
2222 2098 2461 2133 sensuum
2485 2100 2689 2149 manus,

1618 2161 1781 2209 oculis
1820 2173 2066 2210 canorum
2108 2173 2315 2209 carmen
2358 2161 2595 2223 exponit,
2631 2168 2697 2224 et,

1618 2251 1714 2302 per
1754 2236 1904 2299 signa
1943 2235 2248 2299 composita,
2291 2237 2436 2301 quasi
2476 2236 2689 2305 quibus-2

1620 2313 1736 2363 dam
1770 2312 1957 2376 literis,
1996 2312 2181 2366 edocet
2220 2314 2469 2364 intuentis
2508 2323 2700 2380 aspec·,

1620 2395 1729 2440 tum
1748 2406 1761 2452 ;
1781 2390 1942 2438 inilia
1963 2391 2203 2453 leguntur
2222 2391 2397 2455 apices
2415 2406 2609 2456 rerum,
2632 2400 2688 2443 et

1618 2481 1719 2517 non
1744 2465 2016 2517 scribendo
2042 2465 2212 2530 docet,
2245 2467 2384 2532 quod
2422 2470 2689 2532 scriptura

1619 2545 1930 2596 declaravit:
1985 2545 2123 2595 idem
2167 2561 2357 2608 corpus
2403 2547 2689 2612 Herculem

1620 2622 1875 2691 designat,
1897 2630 1953 2673 et
1973 2623 2230 2672 Venerem
2262 2621 2524 2672 foeminam
2556 2626 2690 2689 prm}-

1618 2707 1810 2762 sentat‚
1835 2706 1890 2751 et
1942 2701 2171 2751 Martem
2215 2716 2391 2765 regem
2437 2699 2587 2764 facit,
2630 2710 2688 2755 et

1618 2777 1832 2827 militem
1856 2792 2031 2828 senem
2055 2767 2245 2840 reddit,
2265 2787 2320 2828 et
2333 2779 2607 2844 juvenem:
2632 2779 2687 2829 in

1618 2869 1721 2911 uno
1754 2856 1911 2906 credo
1952 2871 2070 2925 essg
2102 2859 2291 2907 multos
2338 2858 2490 2913 varia
2515 2857 2689 2907 imita-

1619 2932 1763 2981 tione
1783 2932 2070 2984 discretos!
2169 2984 2171 2986 ,
2563 2982 2566 2985 ,
2635 2976 2642 2982 .

1641 3064 1649 3069 ,
1683 3016 1708 3041 ¹¹
1748 3011 1883 3061 Velut
1905 3011 1956 3061 in
1972 3013 2141 3076 praelio
2162 3012 2420 3076 convertit]
2467 3012 2689 3067 Sueten.

1620 3084 1752 3159 Ner.
1794 3090 1878 3136 26.
1922 3088 2295 3154 ‘Interdiuque
2341 3091 2482 3154 clam,
2519 3090 2690 3155 gesta·

1619 3164 1754 3213 toria
1777 3165 1904 3214 sella
1940 3166 2143 3216 delatus
2167 3166 2220 3215 in
2245 3168 2522 3231 theatrum,
2556 3167 2691 3221 ,sedis

1620 3241 1845 3291 tionibus
1901 3243 2336 3306 pantomimorum
2405 3260 2482 3300 ex
2537 3250 2690 3308 parte

1622 3320 1876 3382 proscenii
1899 3320 2168 3384 superiori,
2200 3320 2417 3385 signifer
2449 3321 2601 3372 simul
2617 3310 2695 3372 ac'

1622 3403 1889 3460 spectator
1908 3397 2108 3461 aderat.
2174 3400 2244 3447 Et
2276 3415 2394 3449 cum
2417 3398 2483 3449 ad
2501 3414 2687 3448 manus

1620 3480 1834 3546 rgentum
1874 3482 2034 3538 esset,
2066 3475 2431 3540 lapidibusque
2470 3481 2527 3525 et
2563 3475 2689 3529 sub·-

1621 3551 1881 3608 selliorum
1920 3551 2260 3616 fragminibus
2296 3553 2689 3614 decerneretur,

1619 3628 1784 3677 multa
1805 3633 1859 3678 et
1883 3629 1993 3692 ipsc
2006 3629 2144 3693 jecit
2167 3631 2217 3678 in
2242 3631 2508 3693 populum,
2526 3621 2692 3692 atque

1620 3703 1777 3755 etiam
1805 3700 2042 3768 praetoris
2065 3712 2226 3770 caput
2248 3704 2642 3756 consauciavit!

1682 3789 1706 3813 ⁰
1736 3781 1895 3846 Atque
1935 3783 2036 3847 ipse
2070 3783 2310 3846 occultus]
2351 3784 2473 3833 Non
2499 3781 2694 3837 intelli·

1618 3858 1860 3925 gendum,
1882 3859 2028 3924 quasi
2060 3859 2175 3923 ipse
2207 3874 2263 3909 se
2304 3860 2593 3921 occultaret
2633 3859 2687 3908 in

1619 3936 1792 3999 turba,
1813 3943 1904 3986 aut
1927 3937 2065 3986 inter
2086 3937 2365 3985 histriones
2395 3936 2689 4003 simulper·

1620 4017 1829 4073 tantes;
1868 4012 1959 4061 sed
2005 4011 2400 4075 intelligendum
2434 4026 2497 4061 eo
2529 4011 2687 4074 modo

1619 4103 1675 4137 se
1699 4086 1985 4139 occultasse
2011 4090 2294 4152 Neronem,
2330 4090 2693 4155 quoexplicat

1617 4164 1764 4213 Suet.
1805 4164 1932 4214 Ner.
1956 4168 2037 4214 26.
2072 4165 2326 4216 ‘Delatus
2350 4166 2404 4214 in
2424 4165 2689 4219 theatrum
2749 4201 2760 4213 .

1616 4256 1683 4290 ex
1707 4246 1862 4305 parte
1899 4243 2157 4306 proscenii
2182 4243 2434 4306 superiori
2454 4304 2457 4308 Δ
2471 4240 2700 4307 signifer,

1616 4318 1769 4393 simul
1792 4333 1855 4371 ac
1878 4319 2455 4400 spectatorsaderatset
2477 4318 2687 4387 eumad
