3063 4952
1047 392 1463 443 Amumuu
1514 392 1665 443 ms.
1713 391 1892 441 xm.
2367 374 2542 443 1505

337 541 669 607 Paulinus
719 541 1099 626 Pompeius
1140 547 1206 606 et
1232 540 1312 607 L.
1343 540 1586 608 Vetus¹
1622 559 1707 604 ea
1749 542 2149 622 tempestate
2194 536 2566 605 exercitui&

335 651 690 729 praeerant.
780 644 889 709 Ne
939 651 1160 710 tamen
1205 662 1473 727 segnem
1523 642 1806 708 militem
1865 641 2234 718 attinerent,
2290 639 2404 703 ille
2450 640 2551 704 in·

295 737 303 743 ’
337 749 661 821 choatum
693 753 841 813 ante
889 755 1021 814 tres
1063 755 1133 813 et
1184 747 1533 830 sexaginta
1578 752 1818 812 annos²
1863 765 1906 810 a
1950 744 2180 810 Druso
2206 756 2507 825 aggerem
2524 750 2552 791 Ἰ

334 850 712 917 οοὸῐοειιᾶο
756 851 1017 929 Rhene,
1068 852 1397 917 absolvit:
1444 848 1661 915 Vetus
1712 848 2099 913 Mosellam¹
2144 850 2343 930 atque
2378 842 2550 909 Ara·

335 955 481 1033 rim,
561 954 745 1020 facta
814 956 980 1021 inter
1046 960 1395 1038 utrumque
1486 952 1693 1031 fossa,
1774 956 2165 1016 connectere
2246 947 2554 1034 parabat,

333 399 386 453 J.
415 399 478 451 C.
500 398 612 491 δα]
640 402 647 411 ’

332 1139 666 1189 ναίκαὶ-καί.
698 1140 930 1190 Peulim
939 1140 1196 1206 Pompeius
1210 1146 1259 1191 et
1271 1140 1331 1190 L.
1354 1142 1496 1192 Vetus
1512 1156 1567 1190 eo
1587 1145 1794 1203 tenpore
1805 1139 2012 1202 leg-‘ona
2029 1134 2273 1186 curabant.
2301 1135 2379 1183 Ne
2391 1138 2568 1183 tanen»

332 1219 476 1268 argue
489 1207 647 1254 otium
660 1210 832 1255 tereret
846 1207 994 1270 miles,
1009 1208 1241 1257 Paulinus
1262 1206 1459 1271 perfecit
1474 1208 1638 1256 molen
1654 1206 1888 1269 inceptam
1900 1219 1932 1253 a
1947 1204 2128 1263 Druso,
2139 1201 2309 1251 abhinc
2329 1199 2486 1249 tribus
2504 1202 2554 1248 et

332 1269 596 1333 «aginta
611 1271 765 1337 annis,
779 1271 1029 1321 cohibendo
1051 1273 1244 1321 Rlaeno:
1271 1273 1418 1324 Vetus
1436 1272 1702 1323 destinabat
1718 1271 1993 1332 conjungere
2008 1269 2254 1319 Mosellam
2275 1270 2324 1315 et
2338 1264 2554 1327 Ararim,

332 1336 477 1385 ducta
493 1338 628 1385 inter
641 1340 888 1401 utrumque
914 1337 1276 1403 amuemsossa,
1296 1344 1349 1388 ut
1370 1338 1606 1389 exercitur
1624 1337 1745 1386 muri
1764 1335 2174 1396 Mediterranea,
2192 1331 2303 1381 dein
2321 1331 2551 1380 Rhodano

1273 1500 1627 1521 ”OOOmOOOO

403 1619 432 1664 l
472 1614 560 1665 Sic
581 1615 831 1666 Ernestus
855 1630 918 1665 ex
937 1615 1166 1667 editione
1187 1616 1423 1680 principe
1444 1622 1498 1665 et
1515 1614 1645 1664 Mss.
1668 1613 1806 1664 Flor.
1832 1611 2011 1664 Guelf.
2077 1611 2147 1660 Et
2162 1608 2379 1660 omisere
2394 1607 2553 1658 Pute-

330 1681 522 1731 olanus
562 1694 624 1729 ac
653 1681 780 1731 Mss.
806 1680 953 1732 Harl.
975 1682 1127 1731 Bodl.
1151 1681 1262 1732 Jes.
1328 1682 1644 1732 Bretina—2
1676 1679 1899 1729 Videtur
1923 1676 2130 1742 Ryckio
2175 1673 2553 1725 emendandum

328 1761 422 1796 sex
444 1750 495 1794 et
514 1747 773 1808 sexaginta
789 1762 951 1796 annos.
999 1747 1098 1796 Tot
1120 1748 1256 1796 enim
1280 1753 1614 1796 numerantur
1638 1744 1758 1794 anni
1781 1759 1810 1793 a
1832 1753 1999 1793 morte
2018 1740 2197 1792 Drusi.
2230 1738 2303 1790 At
2322 1740 2432 1789 haee
2452 1738 2554 1787 hoc

331 1825 478 1860 anno
502 1818 652 1873 gesta
675 1825 774 1860 uon
797 1811 978 1861 scribit
996 1812 1221 1863 Tacitus.
1275 1809 1493 1875 Aliquot
1517 1817 1638 1860 ante
1659 1810 1802 1860 annis
1817 1808 1929 1859 fieri
1951 1815 2200 1873 potuere:
2236 1807 2392 1855 immo
2412 1801 2556 1853 facta

332 1882 482 1937 sunt,
502 1881 564 1924 ut
580 1881 726 1939 patet
741 1891 809 1926 ex
826 1876 984 1927 Avito
1005 1886 1062 1926 et
1076 1878 1303 1938 Mancia,
1324 1872 1595 1941 utriusque
1613 1875 1910 1925 Germaniae
1926 1874 2127 1939 legatis,
2142 1873 2208 1922 de
2226 1870 2407 1936 quibus
2423 1867 2557 1918 iufra
2655 1896 2656 1899 =
2733 1882 2738 1883 ⁷

333 1955 383 1992 c.
400 1945 489 1992 56.
522 1939 586 1990 Iu
602 1941 704 1993 Ms.
718 1941 875 1992 Corb.
888 1946 987 1991 tres
1000 1947 1046 1992 et
1059 1943 1376 2007 quadraginta
1390 1956 1536 1991 aanor
1545 1959 1566 2002 ,·
1587 1940 1723 2007 quod
1742 1955 1836 1992 cur
1852 1941 2061 1990 Mureto
2074 1936 2348 2004 placuerit,
2360 1933 2555 1985 nescio.

1341 2087 1561 2141 NOTAE

333 2208 398 2258 ut
420 2201 554 2252 nihil
577 2210 812 2267 agerent.
877 2204 1062 2271 Itaque
1089 2205 1204 2270 jam
1241 2218 1414 2254 mern·

333 2287 493 2335 eraut
533 2280 849 2346 triumphum
898 2282 1077 2345 duces,
1132 2288 1411 2347 antequam

333 2358 630 2423 provinciis
660 2358 1076 2424 imponerentur;
1109 2360 1228 2425 quia
1268 2365 1412 2410 certe

332 2435 389 2486 in
417 2434 627 2499 eastris,
647 2443 707 2487 ut
728 2436 781 2487 in
807 2437 956 2504 urbe,
965 2434 1274 2503 perpetuum
1296 2452 1412 2502 par·

335 2526 446 2578 qne
470 2511 637 2561 otium
659 2511 780 2564 fuit.

348 2639 355 2646 ,
401 2595 433 2631 1’
464 2588 740 2654 Exere-itui]
773 2591 978 2654 Nempe
1001 2590 1289 2656 legionibus
1331 2604 1417 2640 su·-

335 2664 568 2730 pen-ioris
587 2671 643 2716 et
659 2664 914 2717 inferioris
928 2667 1243 2719 Germaniae.
1276 2667 1414 2717 Pau-

332 2744 479 2796 linus
524 2740 776 2807 inferiori,
815 2744 983 2795 Vetus
1033 2744 1287 2809 superiori
1321 2759 1417 2795 exa

335 2819 532 2871 ercitui
556 2827 809 2885 praeerat:
844 2822 899 2871 iu
932 2828 1151 2887 utroque
1172 2824 1410 2873 exercitu

335 2904 464 2947 octo
485 2883 740 2962 legiones,
776 2898 1093 2964 totidemque
1117 2900 1411 2965 auxiliares,

336 2988 461 3025 cnm
483 2988 570 3024 res
588 2975 842 3041 exigeret,
864 2991 979 3026 cum
1003 2976 1297 3028 immineret
1309 2977 1408 3027 dis-

337 3050 541 3110 crimen
564 3057 619 3101 et
636 3051 848 3103 bellum.

406 3136 434 3170 ¹¹
476 3130 524 3179 A
562 3129 726 3179 Druso
762 3129 1008 3195 aggerem]
1085 3130 1411 3195 Intelligitue

340 3204 533 3266 fossam
555 3208 891 3271 Drusiauam,
928 3208 1070 3258 Iouloe
1099 3208 1251 3258 hodie
1290 3224 1410 3273 cog·

340 3284 550 3334 nomine
581 3283 871 3349 insignem,
900 3300 1015 3351 quae
1050 3286 1282 3336 Rhenum
1317 3286 1412 3335 im·

342 3362 552 3425 minuit,
593 3363 849 3427 exhausit,
870 3369 930 3414 et
962 3365 1109 3430 quasi
1140 3363 1410 3415 coercuit?

340 3438 429 3489 An
454 3439 627 3506 potius
647 3439 789 3488 aliud
817 3453 945 3504 opus
974 3441 1028 3489 in
1053 3441 1257 3492 Gallica
1278 3441 1412 3504 ripn,

343 3532 449 3583 qno
471 3515 729 3567 tumidum
752 3524 806 3566 et
829 3531 1014 3582 vagum
1035 3532 1153 3570 cum
1177 3519 1412 3583 pernicie

346 3594 638 3645 accolarum
655 3608 859 3643 amnem
883 3595 1226 3659 reprimeret?
1259 3594 1414 3645 Vide·

346 3679 451 3725 tur.

306 3753 310 3758 “
408 3753 485 3803 Et
504 3750 678 3802 refero
716 3751 793 3801 ad¹
823 3766 1064 3817 aggerem
1098 3752 1272 3814 istum,
1296 3768 1413 3817 quse

343 3831 380 3880 1.
404 3846 454 3881 v.
490 3830 634 3880 Hist.
671 3830 903 3894 scripta:
940 3830 1115 3883 ‘Quin
1160 3838 1214 3879 et
1258 3830 1419 3881 diruit

347 3909 534 3960 molem
580 3923 614 3958 a
648 3909 824 3957 Druso
849 3907 1162 3958 Germanico
1204 3907 1416 3973 factam,

348 3985 695 4052 Rhenumque
733 4001 895 4050 prono
931 3988 1078 4038 alveo
1115 3988 1165 4036 in
1188 3988 1415 4052 Galliam
1458 4045 1467 4054 .

347 4072 599 4127 ruentem,
625 4064 865 4128 disjectis
906 4080 1020 4129 quae
1061 4066 1417 4131 morabantur,

349 4140 565 4205 effudit,’
601 4142 779 4193 Civilis
809 4156 1014 4207 nempe.

408 4220 552 4283 vidi,
575 4222 661 4285 qui
700 4222 888 4270 molem
923 4236 1037 4272 eam
1082 4221 1276 4274 vellent
1305 4236 1414 4271 esse

353 4297 714 4362 Danubio-gum
747 4298 815 4349 ad
851 4299 1029 4350 Italum
1061 4313 1200 4350 nnuc
1238 4298 1414 4352 situm.

1493 2205 1595 2255 Nae
1615 2204 1691 2255 illi
1706 2203 1971 2254 falluntur.

1556 2283 1694 2333 Nam
1732 2282 1820 2347 qui
1862 2280 2076 2345 potest?
2151 2277 2214 2328 ln
2265 2274 2553 2327 Galliarum

1492 2359 1607 2425 ripa
1649 2375 1712 2410 ea
1734 2359 1894 2410 moles
1940 2355 2100 2413 fuisse
2142 2353 2344 2415 debuit,-
2363 2366 2466 2402 non
2499 2351 2558 2402 in

1492 2426 1808 2502 Germaniae,
1847 2442 1908 2487 ut
1948 2433 2091 2486 facto
2125 2433 2327 2495 Civilis,
2364 2428 2560 2486 Taciti-

1491 2531 1593 2582 que
1622 2514 1795 2565 verbis
1829 2514 1965 2566 ratio
2004 2517 2227 2566 constet.
2295 2506 2555 2560 Refellere

1490 2591 1700 2657 quidem
1721 2591 1883 2656 igitur
1918 2589 2088 2648 aliena
2109 2585 2318 2653 possim,
2346 2583 2555 2636 firmare

1487 2669 1656 2719 adhuc
1677 2669 1790 2733 ipse
1814 2667 1956 2718 nihil.
1985 2665 2196 2730 Lipsius.

1554 2746 1741 2811 Dmo]
1805 2744 1970 2795 Drusi
2008 2742 2163 2795 fossa.
2227 2740 2364 2793 Vide
2402 2745 2556 2790 notas

1489 2824 1525 2876 l.
1551 2837 1614 2875 11.
1638 2841 1686 2875 c.
1710 2829 1760 2876 8.
1814 2822 2132 2874 memnonias.

1553 2908 1574 2935 ¹'
1596 2903 1866 2967 Mosellam]
1907 2901 2146 2959 Mosella,
2176 2895 2362 2949 fluvius
2383 2894 2558 2959 Belgi-

1487 2994 1564 3030 σω
1584 2980 1763 3044 prime
1801 2978 2085 3044 provinciae
2107 2976 2316 3039 Gauiae,
2343 2975 2400 3024 in
2418 2973 2558 3024 Rbe-

1488 3071 1611 3106 num
1634 3056 1851 3107 fluvium
1874 3055 2085 3106 labitur.

1556 3132 1732 3184 Hodie
1757 3134 1954 3183 Moselle
1986 3133 2039 3182 in
2064 3127 2412 3191 Lotharingia,
2446 3126 2558 3176 Du-

1491 3216 1612 3259 catu
1629 3207 1995 3272 Luxemburgi,
2012 3213 2067 3257 et
2086 3203 2557 3270 Archiepiscopatu

1489 3286 1802 3339 Trevireusi.
1872 3283 2197 3336 Tannonius.

1557 3364 1805 3413 Mosellam
1819 3367 1958 3426 atque
1976 3356 2201 3422 Ararim]
2232 3357 2381 3408 Deus
2404 3354 2560 3420 bone,

1492 3440 1644 3503 utile,
1681 3454 1940 3505 maguum,
1982 3437 2198 3502 regium,
2238 3437 2323 3486 vel
2368 3434 2559 3485 Roma·

1490 3534 1614 3569 num
1637 3519 1792 3583 plane
1827 3518 1988 3583 opus!
2057 3516 2142 3568 Sic
2167 3515 2384 3567 Carolus
2404 3513 2559 3580 Mag·

1489 3613 1587 3647 nus
1625 3596 1921 3662 Danubium
1959 3602 2018 3646 et
2053 3595 2292 3646 Rhenum
2335 3590 2558 3654 statuit3

1490 3676 1581 3726 alii
1604 3675 1737 3726 alia:
1771 3676 1864 3725 sed
1899 3690 2077 3725 omues
2119 3678 2415 3728 statuerunt
2445 3677 2562 3721 tan·

1495 3759 1624 3816 tum,
1642 3758 1696 3802 et
1723 3753 1897 3803 nescio
1937 3767 2055 3818 quae
2088 3752 2166 3802 vis
2201 3751 2268 3802 ab
2302 3752 2412 3802 alto
2443 3748 2559 3800 fere

1495 3830 1713 3895 impedit
1735 3831 1925 3881 mutari
1942 3832 2057 3881 haec
2080 3845 2177 3896 per
2199 3836 2438 3880 naturam
2455 3833 2561 3877 sta-

1499 3916 1631 3959 tuta.
1665 3910 1876 3974 Lipsius.

1561 3986 1782 4049 Ararim]
1815 3986 2027 4037 Fluvius
2050 3984 2265 4036 Celticoe
2290 3984 2400 4034 sive
2422 3982 2559 4047 Lug-

1496 4064 1761 4129 dunensis,
1803 4069 1859 4113 et
1892 4061 2266 4124 Narbonensis,
2288 4073 2381 4109 sen
2402 4059 2563 4109 Vien-

1495 4142 1669 4191 nensis
1688 4140 1949 4205 regionum
1962 4137 2170 4201 Galliae,
2185 4136 2241 4187 in
2252 4134 2566 4187 Rhodanum

1496 4216 1709 4274 fluvium
1733 4233 1787 4268 se
1811 4221 2077 4268 exonerat.
2463 4229 2466 4230 ⁷

1562 4297 1736 4350 Hodie
1757 4297 1805 4346 lu
1824 4294 1996 4361 Saone,
2014 4293 2068 4343 in
2092 4289 2436 4360 prefecturis
2453 4305 2561 4342 ma-
