3063 4952
2292 415 2470 485 1789

260 584 441 667 agit:
464 586 467 589 ’
488 580 611 646 sed
663 577 969 647 instituta
1026 579 1260 663 prioris
1319 580 1637 663 potentiae
1699 585 2094 646 commutat:
2151 580 2469 665 prohibet

259 695 483 757 coetus
535 684 999 750 salutantium:
1056 682 1218 747 vitat
1272 684 1705 764 comitantes3
1768 705 1956 748 rarus
2017 707 2137 771 per
2192 685 2419 749 urbem
2437 703 2471 761 ς’-

259 778 867 874 ᾳιιειεῖνιιΙεῐιιᾶίιιθ
895 785 1153 851 infensa
1175 791 1290 851 aut
1319 787 1669 871 sapientiae
1700 787 1933 852 studiis
1956 789 2346 854 attineretur.

284 932 287 939 ‚
348 891 462 955 57.
510 889 831 953 Perculso
861 888 1135 966 Seneca,
1162 894 1496 972 promtum
1538 887 1686 966 fuit,
1721 887 1973 954 Rufum
2015 888 2296 953 Fenium
2338 889 2464 952 im-

256 994 578 1069 minuere,
626 995 648 1027 ‘
672 990 1065 1075 Agrippinae
1093 988 1468 1054 amicitiam’
1499 990 1567 1053 in
1595 1009 1676 1053 eo
1708 991 2250 1056 criminantibus:
2294 991 2473 1055 vali--

258 1096 546 1178 diorque
575 1095 645 1159 in
675 1094 817 1159 dies
844 1093 1230 1177 Tigellinus»,
1261 1097 1332 1156 et
1359 1093 1573 1157 malas
1601 1101 1825 1169 artes?
1853 1094 2092 1176 quibus
2123 1094 2286 1158 solis
2313 1093 2464 1178 pol-

254 1198 467 1275 lebat,
528 1198 846 1280 gratiores
901 1200 1108 1273 ratuS,
1177 1194 1237 1259 si
1298 1194 1686 1277 Principem
1750 1196 2064 1259 societate
2122 1196 2465 1260 scelerum⁸

257 1301 737 1382 obstringeret3
783 1302 996 1362 metus
1045 1297 1196 1381 ejus
1248 1297 1552 1362 rimatur:
1600 1303 2089 1382 compertoque,
2149 1297 2472 1363 Plautum‘

253 1405 328 1466 et
371 1401 629 1487 Syllam
685 1400 988 1465 maxime,
1027 1398 1262 1477 timeri,
1311 1398 1622 1464 Plautum
1664 1400 1736 1463 in
1782 1398 2043 1477 Asiam,
2098 1400 2355 1484 Syllam
2394 1400 2466 1465 in

256 1504 560 1571 Galliam
591 1504 660 1568 Ν
664 1499 1125 1568 arbonensemb
1149 1521 1357 1585 nuper
1387 1508 1687 1581 amotos:
1733 1505 1755 1537 ‘
1779 1503 2187 1567 nobilitatem
2216 1522 2471 1588 eorum,-

261 1614 330 1673 et
386 1607 798 1693 propinquos
873 1604 1032 1668 huic
1112 1595 1427 1682 Orientis‘,
1504 1604 1601 1667 illi
1667 1603 2042 1670 Germaniae
2107 1603 2464 1669 exercitus’

259 1714 758 1776 commemorat.
845 1713 866 1742 ‘
889 1707 958 1771 N
961 1727 1069 1771 on
1103 1726 1200 1785 se,
1261 1713 1336 1772 ut
1391 1707 1700 1786 Burrum,
1752 1706 2050 1772 diversas
2101 1714 2309 1792 speS,c
2344 1706 2467 1771 sed

256 442 553 506 J.c.os.]-·
972 403 1390 483 ‚inmanium
1442 433 1589 482 mn.
1636 431 1791 482 xiv.

255 1924 449 1987 gratias
468 1924 543 1974 illi
565 1922 737 1984 refert.-
771 1927 851 1974 sed
887 1939 991 1988 quoe
1022 1926 1244 1989 pristine
1262 1926 1564 1976 auctoritatis
1593 1941 1820 1990 usurpare
1839 1931 2069 1987 sueverat,
2087 1924 2307 1975 immutat
2315 1939 2335 1982 ‚·
2366 1928 2467 1972 tur·
2502 1974 2506 1983 ,

259 1992 368 2039 bam
401 1989 734 2046 celebrantium
767 1995 948 2039 amovet
958 2006 978 2047 ,·
1009 1995 1237 2040 sectantes
1272 1993 1507 2049 declinat;
1540 2007 1650 2041 raro
1682 2007 1769 2054 per
1799 1991 1957 2040 urbem
1999 1991 2212 2048 incedit;
2244 1995 2496 2053 tanquam.

258 2054 528 2105 valamine
547 2056 758 2115 adoeru,
781 2059 866 2103 aut
883 2054 1185 2119 philosophice
1207 2057 1383 2105 studiis
1399 2057 1528 2105 iutra
1542 2061 1735 2119 penates
1749 2058 2057 2105 detineretur.

327 2119 564 2168 Subverso
586 2119 782 2182 Seneca,
800 2118 951 2179 facile
958 2119 1067 2178 ,fuit
1086 2120 1361 2182 infringere
1385 2120 1569 2181 Rufum
1594 2121 1813 2181 Fenium,
1848 2118 2014 2185 Agrip
2056 2121 2152 2169 inae
2176 2117 2394 2182 gratiam
2416 2117 2474 2166 ia

256 2184 345 2233 illo
368 2183 692 2244 arguentibus.
761 2183 1094 2247 Potentiorque
1114 2185 1269 2234 indies
1295 2186 1582 2248 Tigellinus,
1607 2190 1653 2234 et
1676 2185 1895 2248 flagitia,
1929 2188 2096 2248 quinis
2125 2184 2236 2232 solis
2267 2183 2470 2245 valebat,

249 2248 538 2310 jucundiora
559 2246 674 2297 fore
696 2247 989 2312 existimans,
1008 2251 1052 2297 si
1073 2248 1347 2309 facinorum
1380 2250 1664 2297 conscientia
1702 2251 1933 2297 Coesarem
1966 2251 2241 2307 innecteret,
2279 2248 2472 2296 timores

259 2314 362 2373 ejus
399 2313 784 2361 introscrutatur.
854 2313 1160 2376 Cognitoque,
1189 2313 1428 2376 precipue
1465 2314 1611 2362 metui
1652 2313 1875 2361 Plautum
1908 2318 1957 2362 et
1993 2313 2196 2376 Syllam,
2231 2311 2357 2359 haud
2395 2310 2471 2361 ita

255 2379 443 2443 pridem
461 2376 717 2439 ablegatos,
736 2376 962 2426 Plautum
981 2379 1032 2426 iu
1051 2378 1239 2438 Asiam,
1260 2377 1438 2441 Syllam
1454 2377 1506 2425 in
1533 2378 1746 2425 Galliam
1781 2376 2160 2435 Narbonensem,-
2191 2374 2343 2434 refert
2365 2377 2471 2424 cla·

261 2441 542 2505 titudinem
568 2456 761 2504 eorum,
785 2447 839 2491 et
860 2442 1053 2492 vicinas
1087 2457 1185 2492 esse
1206 2443 1398 2493 Plauto
1420 2442 1626 2504 legiones
1659 2442 1909 2507 OrientiS,
1943 2442 2102 2506 Syllae
2135 2441 2478 2491 Germanicos,

261 2508 545 2558 exercitus.
613 2508 733 2557 Non
778 2521 850 2571 se,
890 2515 948 2558 ut
989 2509 1267 2573 Buri-hum,
1290 2507 1496 2558 diversa
1535 2507 1705 2556 habere
1747 2514 1883 2569 vota,
1920 2506 2014 2557 sed
2057 2521 2211 2557 unam
2249 2507 2470 2556 salutem

1260 2655 1480 2708 NOTAE

264 2752 449 2802 eodem
484 2752 617 2803 sumi
638 2754 845 2806 videas:
885 2756 1148 2822 praecipue
1184 2755 1324 2805 iniis

263 2844 385 2894 qnae
408 2830 475 2879 ad
514 2832 687 2881 Deum
726 2845 816 2883 aut
853 2833 1146 2898 principem
1182 2848 1329 2897 spec-

270 2911 402 2956 tant.
444 2939 447 2942 =
488 2907 562 2956 Et
612 2915 758 2960 certe
810 2908 866 2959 id
911 2909 1067 2960 decus
1111 2910 1334 2959 debetur

266 2981 513 3046 principi,
535 2985 669 3034 utin
689 2984 795 3035 fine
821 2987 1019 3052 negotii
1050 2994 1144 3040 ant
1177 2989 1335 3038 collo-

271 3058 381 3124 quii
419 3074 625 3123 semper
662 3062 823 3112 honos
857 3077 950 3112 seu
997 3064 1165 3126 gratia
1192 3063 1335 3113 exbi-

267 3134 474 3196 beatur‚
510 3150 578 3185 ne
616 3136 733 3201 quis
779 3152 960 3201 parum
994 3139 1229 3203 comiter,
1264 3154 1333 3189 ne

270 3210 381 3259 sine
435 3212 633 3261 honore
689 3219 743 3261 et
798 3214 1091 3264 reverentia
1133 3215 1247 3279 quis
1302 3230 1335 3268 a

267 3286 508 3350 principe
524 3288 772 3338 recedere
795 3290 1052 3339 videatur.

331 3370 353 3395 ²
385 3364 548 3413 Malas
568 3364 718 3427 artes]
773 3367 977 3429 Nempe
998 3364 1196 3431 flagitia
1217 3366 1332 3416 libi-

270 3439 470 3503 dinum,
491 3448 546 3491 et
565 3441 779 3491 saevitiae
801 3443 1035 3504 consilia,
1056 3443 1237 3506 quibus
1257 3458 1338 3492 ar-

271 3530 461 3580 repere
504 3518 606 3579 ille,
637 3525 692 3568 et
728 3520 929 3582 illigare
974 3519 1182 3583 penitus
1229 3520 1336 3568 ani-

270 3606 412 3641 mum
441 3592 691 3656 principis
725 3608 785 3643 ac
825 3594 1072 3658 Poppaeae
1113 3594 1336 3645 destina-

271 3669 384 3719 vit:
444 3669 584 3733 quod
625 3671 825 3735 assequi
865 3685 963 3720 non
1007 3671 1193 3735 potuit,
1238 3670 1337 3721 nisi

272 3746 509 3798 tollendo
532 3746 647 3796 illos
681 3761 712 3795 e
746 3747 938 3808 medio,
973 3762 1097 3812 quos
1118 3747 1338 3799 maxime

271 3821 545 3871 metuebat
589 3823 754 3882 Nero,
806 3829 862 3871 et
912 3838 1128 3888 quorum
1180 3831 1339 3887 metu,

273 3898 576 3961 prolatabat
619 3898 898 3947 divortium
945 3913 1065 3947 cum
1121 3898 1345 3949 Octavia

279 3981 335 4024 et
359 3974 570 4038 nuptias
590 3975 859 4038 Poppaeae.

340 4050 485 4099 Hinc
518 4048 654 4099 infra
682 4055 764 4100 59.
797 4050 904 4099 viso
939 4050 1110 4114 capite
1145 4049 1344 4113 Plauti,

277 4125 294 4154 ‘
318 4125 482 4189 Quin,
505 4125 695 4190 inquit,
720 4128 880 4190 Nero,
916 4126 1153 4189 deposito
1185 4132 1345 4190 metu,

277 4199 495 4264 nuptias
545 4202 788 4266 Poppaeae
829 4201 897 4251 ob
941 4201 1193 4265 ejusmodi
1239 4209 1344 4251 ter-

280 4290 422 4328 rores
444 4278 663 4327 dilatare
685 4286 743 4329 et
764 4287 1023 4329 maturare
1044 4277 1230 4342 parat,’
1243 4282 1345 4330 ἅς.

348 4352 487 4404 Hinc
511 4360 566 4406 et
587 4361 757 4405 metus
786 4354 901 4419 ejus
932 4355 1149 4406 rimatur
1176 4354 1346 4419 Tigel-

1412 2753 1569 2816 Ῑίιιιιε,
1593 2759 1669 2818 ut,
1690 2752 1752 2802 iis
1775 2751 2050 2817 pavoribus
2070 2747 2306 2809 sublatis,
2330 2746 2475 2797 Nero

1412 2831 1624 2881 taudem
1665 2830 1717 2879 iu
1762 2829 1931 2879 omnia
1962 2826 2159 2891 flagitia
2201 2825 2474 2874 libidinum

1413 2924 1755 2975 prorumpere
1798 2907 2016 2958 audeat:
2074 2906 2149 2956 sic
2192 2903 2474 2968 Tigellinus

1414 2987 1607 3036 ascitus
1630 2984 1827 3035 arbiter
1848 2985 2030 3035 talium
2053 2982 2397 3044 voluptatum,
2419 2983 2477 3027 et

1412 3063 1625 3114 saevitiae
1663 3062 1889 3113 Neronis
1928 3075 2022 3125 per
2042 3058 2201 3108 malas
2238 3063 2373 3106 artes
2395 3068 2478 3105 ar-

1415 3140 1583 3204 repit:
1620 3141 1745 3205 quia
1776 3138 1849 3188 sic
1870 3136 2079 3198 facilius
2114 3135 2400 3183 clarescere
2421 3131 2477 3182 in

1416 3216 1534 3266 aula
1557 3216 1873 3266 Neroniana.
2295 3253 2304 3256 ,

1481 3299 1507 3325 ¹²
1539 3292 1779 3341 Societate
1823 3288 2069 3350 scelerum]
2152 3285 2303 3336 Unde
2356 3298 2478 3335 con·-

1417 3367 1639 3416 scientia
1660 3365 1860 3424 eadem,
1882 3362 2201 3413 familiaritas
2224 3367 2281 3410 et
2300 3374 2480 3409 neces-

1416 3442 1589 3491 situdo
1612 3449 1668 3492 et
1690 3442 1861 3490 vincla
1882 3438 2105 3503 majora:
2139 3438 2262 3500 quia
2282 3435 2480 3487 eaedem

1418 3517 1755 3581 suspiciones,
1810 3515 1995 3565 eadem
2049 3514 2254 3576 invidia,
2321 3511 2480 3576 iidem

1415 3601 1587 3646 metus
1609 3593 1932 3657 impendent,
1954 3599 2044 3642 aut
2065 3588 2365 3654 impendere
2385 3587 2480 3636 fin-

1417 3680 1637 3735 guntur:
1672 3671 1791 3720 hinc
1815 3684 2024 3730 arcana,
2058 3668 2339 3731 eademque
2360 3678 2482 3716 con·n

1417 3749 1547 3810 silia,
1590 3747 1777 3812 quibus
1822 3754 1995 3796 tamen
2043 3743 2299 3809 plerisque
2348 3754 2484 3803 nnus¹
2514 3792 2519 3799 ,

1420 3825 1650 3874 adhiberi
1673 3824 1830 3873 debet
1852 3817 2114 3887 princeps,
2145 3825 2203 3869 ut
2226 3817 2482 3878 nemiuem

1384 3911 1395 3920 ’
1421 3900 1613 3950 socium
1636 3899 1838 3963 imperii
1860 3898 2050 3948 habere
2072 3895 2247 3945 debet.

1486 3972 1510 4007 ¹>
1545 3974 1757 4025 Galeam
1799 3970 2168 4056 Narbmaeguem]
2231 3970 2400 4031 snpra
2443 3967 2481 4020 ι.

1486 4135 1509 4161 ⁰
1543 4128 1770 4177 Diversa
1799 4124 1926 4190 spes]
2012 4123 2211 4184 Nempe
2241 4117 2483 4168 ‘Burrhus

1424 4204 1577 4255 famae
1600 4219 1707 4254 suae
1730 4211 1787 4252 et
1802 4202 2011 4268 proprio
2029 4196 2207 4247 decori
2222 4191 2489 4260 studebat,

1425 4295 1593 4346 neque
1635 4285 1775 4330 totus
1815 4275 2040 4342 principi
2077 4273 2398 4338 invigilabat,
2428 4278 2486 4322 et

1427 4356 1575 4423 quasi
1596 4370 1715 4421 spes
1736 4361 1795 4405 et
1825 4358 1948 4405 vota
1966 4346 2310 4417 partiebatur.
2376 4348 2485 4399 No-
