3063 4952
511 350 737 451 1584‘

1215 342 1279 434 C·
1327 379 1691 437 connubii
1733 381 1994 434 ‘raom
2029 424 2040 431 .

2393 387 2487 457 [Ag.
2510 389 2714 443 usis.

591 534 707 600 46.
753 531 953 609 Otho,
987 531 1130 597 sive
1158 550 1380 596 amore
1401 532 1758 610 incautus:
1785 531 2061 597 laudare
2093 536 2114 567 ‘
2143 531 2713 618 formam-elegan-

512 740 519 747 ’
581 729 708 779 Otho
728 723 1060 792 sive‘cupidiae
1077 740 1285 791 prm-eps
1319 729 1368 776 et
1397 726 1712 790 inconsultus,
1724 722 2046 787 commendare
2066 714 2292 792 speciem
2316 718 2376 777 ac
2395 718 2716 778 venustatem

1499 898 1721 952 NOT⁴AE
1807 900 1814 907 ’

509 1035 658 1085 ritus.
745 1035 905 1084 Forte
954 1040 1231 1100 utrumque
1280 1032 1417 1095 fuit3
1470 1032 1573 1083 fuit

508 1113 753 1173 moechus,
800 1127 918 1163 cum
958 1128 1073 1162 eam
1113 1110 1331 1162 abduxit
1365 1127 1395 1161 a
1434 1110 1571 1162 Rufo

510 1194 663 1255 vir03
692 1191 791 1244 fuit
830 1193 1072 1256 moechus,
1105 1206 1220 1243 cum
1258 1191 1572 1243 transiit-Sa-

509 1270 633 1320 bina
649 1271 701 1320 in
720 1272 906 1333 aulam,
922 1276 978 1320 et
991 1270 1191 1322 Neroni
1209 1270 1372 1320 mixta
1390 1276 1574 1334 stupro

509 1354 601 1396 aut
624 1347 946 1397 matrimonio
965 1352 1075 1396 est:
1108 1344 1209 1396 fuit
1231 1344 1367 1396 forte
1389 1352 1443 1395 et
1466 1360 1575 1394 ma-

511 1421 802 1488 ritus,'cum
825 1414 937 1475 eam
961 1423 1097 1488 apud
1122 1432 1176 1472 se
1201 1422 1493 1487 depositam
1519 1426 1576 1471 et

510 1498 804 1567 corruptam
829 1502 980 1552 duxit
1001 1515 1234 1562 uxorem,
1258 1505 1349 1549 ant
1364 1498 1575 1548 duxisse

511 1581 789 1631 simulavit.
1184 1616 1189 1617 ν

575 1658 762 1722 Itaque
781 1672 844 1708 eo
862 1672 983 1707 casu
1008 1663 1113 1706 tam
1136 1654 1453 1718 multiplicis,
1467 1659 1575 1703 tam

487 1787 490 1790 ,
511 1736 638 1784 varii
664 1728 1007 1800 perplexique
1034 1733 1194 1794 mimi,
1217 1739 1272 1781 et
1308 1732 1443 1798 inre
1466 1736 1576 1779 tam

510 1812 730 1874 incerta,
767 1818 823 1862 et
844 1811 1031 1861 fabulis
1066 1824 1234 1859 scenae
1265 1809 1402 1857 haud
1428 1808 1577 1858 dissi-

461 1914 473 1928 ·
512 1887 640 1950 mili,
659 1901 761 1936 non
796 1887 996 1947 mirum,
1020 1885 1304 1939 dissideant
1337 1891 1576 1935 auctores

513 1966 650 2013 inter
670 1978 748 2026 se,
768 1970 825 2013 et
847 1964 1003 2013 etiam
1021 1962 1124 2027 ipsi
1142 1977 1172 2010 a
1190 1961 1387 2025 seipsis.
1441 1962 1578 2011 Nam

512 2043 626 2104 quis
645 2041 875 2091 mimicas
899 2041 1013 2090 illas
1038 2039 1247 2104 nuptias
1271 2040 1396 2088 satis
1421 2052 1578 2103 expe-

513 2119 627 2168 diat
668 2125 759 2169 aut
808 2118 1078 2182 explicet?
1148 2115 1290 2166 Otho
1333 2116 1580 2178 moechus,

515 2196 660 2246 Otho
681 2195 914 2258 maritus,
933 2194 1162 2256 abducit,
1183 2193 1330 2243 ducit
1349 2209 1582 2257 uxorem,

512 2273 747 2338 deposita
786 2280 841 2323 et
886 2271 1159 2322 abducitur
1205 2272 1269 2320 ab
1308 2262 1440 2335 ipso.
1508 2273 1582 2322 Et

512 2353 629 2415 ipsa
667 2350 856 2401 Sabina
906 2350 1059 2400 modo
1115 2350 1289 2420 pellex
1335 2349 1579 2411 Othonis,

514 2428 670 2479 modo
694 2443 842 2492 uxor,
863 2427 983 2479 dein
1003 2428 1176 2493 pellex
1199 2427 1444 2491 Neronis,
1458 2426 1578 2476 dein

486 2519 487 2522 ’
516 2513 574 2557 et
595 2506 742 2557 uxor.

579 2587 650 2635 Et
687 2598 804 2635 cum
837 2596 1075 2636 auctores
1098 2586 1252 2634 hasce
1277 2592 1416 2635 artes
1440 2584 1579 2634 frau-

450 2685 457 2688 ’
515 2663 709 2728 desque
739 2664 1002 2726 occultas,
1044 2678 1146 2712 non
1191 2676 1288 2726 per
1336 2664 1581 2713 minutias

514 2746 857 2806 exequantur,
877 2754 982 2808 uon
1005 2740 1208 2802 mirum,
1243 2740 1286 2789 si
1312 2742 1439 2790 satis
1475 2740 1578 2790 sibi

515 2822 752 2867 constare
774 2831 872 2865 non
898 2815 1188 2865 videantur.

580 2895 668 2944 Sic
709 2893 862 2958 fingit
906 2894 1067 2958 Otho,
1119 2897 1193 2946 sic
1225 2894 1378 2960 fingit
1414 2897 1580 2962 Nero,

518 2984 705 3035 nempe
731 2971 797 3021 ob
820 2972 1096 3022 Octaviam
1132 2988 1366 3035 uxorem,
1390 2973 1455 3023 ob
1480 2989 1582 3024 ma-

519 3054 654 3098 trem
693 3048 932 3098 acerbius
974 3048 1349 3113 increpantem,
1372 3051 1437 3099 ob
1477 3066 1583 3100 ma·

521 3125 709 3188 gistros
731 3124 1093 3175 dominationis
1117 3127 1372 3177 Bur-rhum
1410 3138 1466 3178 et
1491 3127 1582 3177 Se-

520 3213 723 3268 necam,
760 3209 817 3253 et
854 3204 1009 3253 etiam
1048 3205 1342 3255 reverentia
1375 3214 1583 3270 patrum

519 3296 910 3354 procerumque.
979 3281 1182 3348 Aliquis
1219 3282 1385 3332 adhuc
1415 3283 1586 3347 pudor
1612 3312 1616 3316 ·

512 3359 697 3423 juveni
722 3362 958 3421 relictus,
992 3375 1087 3410 nec
1112 3360 1298 3425 jugum
1320 3361 1487 3413 adhuc
1509 3364 1583 3413 lo·

522 3450 644 3502 gum
667 3444 723 3487 et
755 3438 875 3488 boni
917 3438 1071 3487 moris
1107 3439 1310 3503 penitus
1343 3437 1584 3490 excusse4

521 3523 624 3578 rat,
653 3516 818 3566 adhuc
853 3517 1094 3566 violentae
1137 3518 1495 3569 dominationis
1530 3526 1586 3569 et

522 3592 846 3657 impotentiae
869 3593 1092 3641 nondum
1119 3608 1306 3656 gnarus
1322 3594 1457 3645 inec
1480 3611 1586 3645 ma·

520 3669 583 3718 lis
609 3669 830 3718 consiliis
850 3670 967 3719 ullis
990 3669 1221 3721 firmatus
1255 3673 1424 3722 adhue
1443 3674 1586 3723 inva-

520 3744 757 3797 lescebat
793 3746 1037 3797 adversus
1075 3749 1231 3799 bonos
1267 3757 1322 3800 et
1357 3752 1586 3802 retinen-

520 3830 619 3875 tes.
680 3849 695 3863 2

586 3902 744 3952 Forte
762 3917 862 3952 non
882 3904 1059 3952 statim
1078 3905 1240 3968 primo
1259 3920 1429 3955 amore
1440 3907 1583 3972 Pop-

522 3994 689 4044 paeam
713 3979 905 4029 ducere
929 3981 1180 4043 cogitavit
1221 3988 1313 4031 aut
1352 3983 1584 4046 speravit

523 4057 688 4120 Nero,
708 4058 891 4105 saltem
915 4058 1124 4107 vivente
1159 4065 1320 4108 matre
1340 4077 1354 4120 ;
1392 4060 1483 4109 sed
1507 4059 1586 4110 ta}

523 4147 643 4182 men
681 4148 797 4182 eam
834 4133 1050 4183 abduxit
1087 4134 1228 4184 Otho
1265 4151 1356 4184 suo
1483 4137 1585 4202 rito

524 4228 586 4263 ea
606 4229 698 4278 spe
722 4213 946 4263 illectam
978 4213 1292 4263 matrimonii
1325 4209 1587 4278 principa-

523 4287 587 4342 Υιι
603 4291 635 4353 5‘
657 4290 935 4342 abductam
957 4291 1148 4343 marito
1164 4307 1167 4310 ’
1182 4291 1280 4357 per
1302 4292 1587 4357 Othonem,

1659 1050 1773 1085 eam
1811 1042 1870 1085 ut
1903 1034 2048 1101 apud
2090 1033 2311 1087 amicum
2354 1033 2630 1098 deposuit;
2665 1038 2721 1083 et

1659 1114 1782 1163 dato
1803 1119 2057 1175 tempore,
2070 1120 2126 1162 et
2149 1111 2393 1161 audacior
2406 1110 2722 1170 factns‚eam

1657 1190 1850 1254 repetit
1869 1190 2035 1251 Nero,
2057 1202 2275 1253 eamque
2312 1187 2518 1237 inducit
2550 1187 2603 1236 in
2636 1201 2724 1252 pua

1652 1267 1867 1328 latium3
1919 1267 2039 1314 dein
2087 1274 2160 1328 et,
2199 1272 2258 1315 ut
2304 1267 2494 1315 crescit
2535 1266 2720 1329 libido,

1654 1361 1764 1394 eam
1786 1345 1933 1394 duxit
1957 1358 2185 1394 uxorem.
2253 1343 2360 1393 Per
2393 1344 2508 1392 illos
2530 1344 2720 1408 gradus

1652 1416 2036 1471 matrimonium
2053 1427 2370 1471 transactum
2392 1426 2491 1470 est.

1661 1532 1664 1537 ,
1721 1506 1739 1531 ¹
1776 1499 1920 1562 Otho,
1940 1499 2039 1549 rive
2059 1500 2470 1563 amoreincautus,
2489 1498 2599 1562 δῖα]
2621 1500 2730 1549 Ve-

1567 1594 1577 1605 ··
1654 1591 1710 1625 re
1754 1576 2022 1626 incautus:
2072 1583 2128 1625 et
2179 1575 2436 1626 simillima
2477 1577 2725 1626 vecordia

1653 1653 1739 1702 ille
1778 1652 2067 1702 Candaules
2106 1651 2245 1715 apud
2288 1652 2551 1703 Justinum
2599 1655 2633 1703 1.
2682 1662 2724 1702 t.‘

1654 1730 1669 1757 ‘
1696 1730 1798 1779 Hic
1823 1728 2053 1792 uxorem,
2074 1745 2229 1795 quam
2258 1737 2486 1795 propter·
2498 1730 2726 1800 pulchri-¹

1656 1807 1890 1857 tudinem
1926 1805 2221 1870 deperibat,
2244 1806 2531 1871 praedicare
2567 1806 2725 1857 omni:

1660 1884 1752 1934 bus
1789 1880 2007 1946 solebat,
2047 1878 2151 1933 uon
2186 1876 2462 1934 contentus
2488 1879 2726 1948 volupta-

1658 1969 1768 2012 tum
1809 1976 2014 2013 suarum
2040 1951 2199 2013 tacita
2223 1956 2559 2024 conscientia,
2582 1977 2725 2026 pror-

1658 2054 1739 2090 sus
1760 2040 1904 2105 quasi
1940 2040 2200 2090 silentium
2233 2040 2474 2092 damnum
2498 2040 2724 2105 pulchri-

1660 2118 1856 2168 tudinis
1889 2118 2059 2168 esset?
2106 2117 2386 2180 vecordia,
2408 2120 2637 2183 inquam,
2660 2118 2727 2167 si

1659 2195 1788 2255 mili,
1812 2195 1903 2244 sed
1923 2201 1979 2245 et
1999 2193 2124 2244 fato.
2157 2196 2368 2259 Lipsius.

1730 2272 1882 2336 Otho]
1916 2274 2001 2322 De
2023 2288 2127 2343 quo
2152 2272 2293 2322 Plin.
2317 2285 2442 2324 xm.
2465 2277 2514 2324 3.
2538 2273 2626 2323 ubi
2656 2272 2726 2323 de

1659 2350 1823 2398 luxu
1810 2364 1862 2397 ιιι
1886 2351 2190 2414 unguentis:
2228 2353 2244 2378 ⁸
2269 2352 2403 2401 Haec
2443 2358 2525 2400 est
2561 2358 2725 2401 mate-

1660 2427 1738 2476 ria
1760 2428 1930 2491 luxus,
1951 2442 1980 2476 e
2003 2427 2206 2478 cunctis
2236 2429 2454 2479 maxime
2478 2443 2724 2494 superva-

1659 2504 1764 2555 cui.
1830 2505 2137 2570 Margaritae
2161 2506 2293 2556 enim
2313 2522 2646 2573 gemmaequev
2662 2505 2728 2557 ad

1659 2582 1919 2632 haeredem
1961 2583 2137 2633 tamen
2182 2590 2484 2645 transeunt3
2552 2591 2726 2635 vestes

1661 2666 1945 2726 prorogant
1987 2667 2227 2726 tempus:
2283 2668 2546 2726 unguenta
2586 2661 2728 2715 illico

1666 2735 1928 2802 eipirant,
1972 2753 2032 2788 ac
2076 2739 2180 2788 suis
2229 2739 2518 2789 moriuntur
2565 2740 2726 2791 horis.

1663 2815 1872 2864 Summa
1888 2816 2266 2868 commendatio
2279 2831 2473 2880 eornm,
2484 2823 2544 2867 ut
2562 2817 2731 2868 transss
2752 2811 2758 2815 ’

1665 2897 1821 2940 eunte
1874 2890 2100 2954 foemina,
2146 2892 2277 2942 odor
2330 2893 2517 2944 invitet
2566 2896 2728 2945 etiam

1664 2968 1806 3017 aliud
1831 2969 2082 3033 agentesss
2104 2973 2232 3021 ὅτε.

1729 3048 1744 3074 ‘
1766 3046 2031 3098 Quosdam
2067 3048 2352 3099 crassitudo
2389 3049 2617 3101 maxime
2642 3051 2730 3102 dea

1664 3125 1847 3188 lectat,
1870 3124 2087 3189 spissum
2140 3128 2486 3191 appellantes,
2531 3129 2730 3195 linique

1652 3202 1781 3266 jam,
1812 3216 1915 3251 non
1958 3204 2121 3252 solum
2166 3203 2410 3268 perfundi
2448 3209 2730 3271 unguentis

1666 3279 1910 3341 gaudent.
1975 3280 2211 3331 Vidimus
2228 3284 2383 3331 etiam
2402 3284 2623 3348 vestigia
2641 3286 2733 3349 pe:

1664 3356 1785 3406 dum
1822 3357 1982 3421 tingi:
2018 3359 2157 3422 quod
2194 3361 2270 3410 M.
2291 3361 2555 3410 Othonem
2588 3373 2736 3413 moni

1666 3440 1857 3484 strasse
1913 3436 2113 3486 Neroni
2179 3438 2407 3504 principi
2464 3437 2729 3491 ferebant.

1665 3513 1857 3564 Qnaeso
1903 3520 1961 3564 ut
1997 3514 2219 3579 qualiter
2256 3516 2555 3580 sentiretur,
2580 3516 2733 3580 juva-

1665 3597 1851 3655 retque
1874 3591 1938 3641 ab
1962 3606 2025 3640 ea
2054 3599 2204 3657 parte
2229 3594 2495 3656 corporis?
2526 3599 2737 3644 necnon*

1665 3668 1888 3733 aliquem
1906 3684 1970 3718 ex
2000 3670 2218 3734 privatis
2241 3670 2529 3719 audivimus
2543 3671 2731 3735 jussis-

1664 3760 1719 3795 se
1740 3748 1913 3811 spargi
1932 3748 2156 3811 parietes
2180 3748 2479 3797 balnearum
2501 3763 2731 3814 unguen-

1664 3830 1739 3888 to,
1754 3831 1910 3889 atque
1924 3825 2104 3875 Caium
2126 3827 2431 3890 principem,
2452 3828 2582 3877 solia
2599 3834 2728 3877 tem-

1663 3895 1867 3965 periuri:
1905 3918 1965 3951 ac
1985 3918 2049 3952 ne
2068 3905 2357 3972 principale
2377 3903 2616 3953 videatur
2632 3905 2734 3954 boo

1663 3979 1874 4044 bonum,
1897 3989 1953 4030 et
1985 3986 2169 4044 postea
2191 3980 2448 4047 quendam
2472 3995 2540 4029 ex
2565 3980 2727 4031 servis

1667 4058 1928 4109 Neronis!
2010 4059 2236 4111 Quidam
2289 4060 2488 4124 legunt,
2534 4062 2589 4107 ut
2637 4072 2729 4121 qua

1664 4135 1777 4199 iret,
1794 4137 2069 4187 sentiretur.
2136 4138 2298 4186 Forte
2333 4137 2428 4198 sic,
2455 4136 2579 4201 quia
2610 4127 2731 4188 malr

1663 4217 1866 4279 pedatus
1886 4215 2052 4279 Otho,
2074 4220 2212 4264 teste
2235 4214 2448 4280 Sueton.
2473 4212 2603 4263 oth.
2628 4217 2738 4264 12:⁸⁷·

1736 4292 1886 4358 ocho,
1901 4292 2002 4343 sive
2028 4306 2187 4344 amore
2217 4292 2454 4358 imatus,
2472 4290 2589 4357 qm]
2609 4291 2734 4345 Non·
