3063 4952
534 357 709 438 1650

1245 385 1314 433 G·
1358 378 1724 433 connum}
1765 378 2029 432 ’rAcl'rr

2426 389 2519 454 [A.
2543 391 2610 441 1³.
2629 381 2749 442 8²18.

533 534 841 611 Burrum,
866 518 956 599 ‘ac
985 527 1397 633 sciscitari,⁷f
1417 534 1438 564 ‘
1460 525 1552 596 an
1577 528 1773 595 militi
1799 528 2188 614 imperanda
2216 530 2746 617 cendam-essetf?
2774 582 2784 584 ff

533 637 659 702 Ille
704 642 726 672 ‘
745 635 1200 702 Praetorianos
1251 634 1391 702 toti·
1420 633 1769 701 Caesarum
1811 632 2042 698 domui
2083 634 2469 716 obsti-icmS,
2500 657 2748 704 memo·

517 855 794 919 But-rhum,
824 856 1063 972 perinde
1060 871 1118 907 ac
1134 856 1182 906 εἰ
1210 861 1342 907 nutu
1358 856 1700 919 interrogaret,
1737 869 1801 906 an
1817 855 2145 932 praetorianis
2160 854 2401 918 jubenda
2424 870 2529 907 nex
2552 856 2743 974 Λευ-ὄρ..

522 922 654 985 pinoe
686 928 823 974 esset
883 922 973 973 Ille
1003 923 1264 990 rmum,
1297 922 1492 975 milites

1526 921 1795 972 devinctos
1835 918 2087 972 universae
2127 920 2387 973 Caesarum
2422 921 2743 987 familiam&

1465 1064 1826 1088 “OOOOOO‘OOO

524 1194 637 1241 nus,
660 1186 800 1232 eteo.
864 1182 996 1233 Mss.
1021 1183 1171 1233 Harl.
1194 1180 1349 1232 Bodl.
1368 1181 1481 1235 Jes.
1503 1184 1589 1230 aut
1611 1193 1678 1228 eo.
1680 1182 1778 1229 -7
1801 1179 1898 1228 Sic
1931 1179 2130 1256 optime
2153 1180 2452 1232 emendavit
2472 1180 2745 1232 Freinshe-

526 1247 676 1299 mius.
741 1248 949 1313 Vulgo
935 1264 988 1297 in
1010 1248 1135 1299 Mss.
1160 1253 1216 1304 et
1236 1246 1550 1298 editionibus
1571 1243 1838 1295 veteribus
1858 1244 2172 1309 eicitur-etur,
2194 1247 2278 1295 vel
2299 1247 2343 1300 si
2362 1246 2637 1309 scitantur,
2657 1248 2741 1298 vel

524 1310 859 1365 sciscitaretur.
893 1313 1119 1365 Brotier.
1122 1317 1218 1363 —8
1252 1312 1383 1365 eod.
1418 1310 1622 1377 Ryckii
1659 1324 1769 1361 nex.
1771 1314 1869 1361 -9
1916 1307 2004 1360 Ita
2048 1311 2178 1362 Mss.
2220 1311 2356 1362 Flor.
2402 1312 2563 1363 Corb.
2608 1285 2742 1378 Re'g.

1520 1441 1737 1495 NOTAE

525 1554 703 1605 multis
725 1554 830 1606 fide
852 1556 1023 1621 dignis
1046 1556 1244 1608 dictum
1272 1563 1373 1621 est,
1397 1556 1596 1608 Seneca

524 1647 642 1683 eum
680 1633 946 1694 incitavit;
981 1634 1090 1684 sive
1129 1633 1346 1697 crimen,
1372 1632 1509 1699 quod
1545 1633 1595 1682 ei

523 1708 929 1773 impingebatur,
947 1709 1168 1773 caligine
1191 1709 1414 1775 quadam
1434 1710 1597 1773 invol-

524 1800 670 1847 vere,
688 1786 798 1836 sive
821 1786 1085 1837 Neronem
1110 1785 1176 1834 ad
1215 1777 1461 1836 nefariam
1498 1803 1595 1837 cae·

527 1861 646 1912 dem
690 1861 983 1914 faciendam
1026 1863 1338 1928 perducere,
1373 1871 1433 1915 ut
1476 1880 1595 1916 eum

525 1952 681 2001 quam
714 1939 984 1990 celerrime
1006 1940 1100 1991 Dii
1122 1940 1463 2007 hominesque
1477 1957 1595 2008 per-

527 2014 749 2065 derent.'

591 2091 640 2142 0
665 2094 977 2142 scelerosum
1015 2099 1070 2144 et
1107 2097 1410 2147 mendacem
1444 2096 1593 2147 Grae·

526 2169 723 2218 culum!
784 2168 950 2220 Immo
971 2170 1172 2222 Seneca
1191 2175 1381 2224 avertit
1404 2173 1593 2239 Agrip-

524 2245 700 2309 pinam
728 2246 794 2296 ab
819 2247 1035 2299 incesto.
1104 2250 1194 2312 Et,
1225 2258 1362 2302 teste
1384 2252 1595 2317 Tacito,

525 2323 809 2388 cupiebant
827 2326 1005 2376 cuncti
1026 2327 1232 2392 infringi
1247 2328 1417 2379 matris
1431 2334 1595 2393 poten·

521 2401 657 2464 tium,
679 2407 736 2451 et
757 2415 908 2451 nemo
943 2403 1213 2465 credebat,
1245 2420 1384 2469 usque
1417 2407 1481 2454 ad
1500 2421 1591 2454 σω-

522 2478 624 2526 dem
647 2476 744 2540 eius
763 2480 992 2529 duratura
1012 2481 1120 2547 ficii
1151 2482 1279 2532 odia.
1345 2483 1418 2531 Et
1438 2495 1589 2532 nemo

522 2552 660 2603 haud
695 2555 852 2606 dubie
883 2559 1114 2620 speravit
1149 2565 1242 2610 aut
1278 2559 1445 2610 voluit
1478 2565 1589 2610 tan-

524 2640 631 2682 tum
654 2632 874 2685 facinus,

585 2710 688 2759 Sed
708 2712 938 2761 tollendo
957 2712 1319 2779 Agrippinam,
1332 2714 1594 2800 quodnam

520 2804 552 2839 a
574 2805 629 2839 se
652 2791 845 2840 amoliri
868 2792 1063 2841 crimen
1086 2794 1248 2844 voluit
1262 2793 1487 2844 Seneca?
1520 2808 1587 2842 an

522 2874 777 2931 stupr‚um
799 2882 862 2917 an
887 2869 1198 2920 adulterium
1221 2885 1337 2919 cum
1362 2870 1477 2933 ipsa
1498 2870 1589 2919 ad·

520 2944 749 3006 missum,
785 2950 874 2993 aut
913 2960 1028 2994 cum
1065 2946 1176 3009 ipso
1199 2948 1444 2997 Nerone?
1509 2946 1588 2997 At

521 3022 617 3072 hoc
637 3021 831 3070 crimen
854 3022 1068 3072 Senecae
1092 3023 1274 3074 tribuit
1295 3025 1444 3074 solus
1456 3017 1582 3075 Dio.

523 3102 594 3151 Et
619 3101 755 3166 quod
796 3102 974 3152 fictum
1013 3110 1212 3153 tantum
1253 3119 1320 3153 ex
1359 3103 1494 3166 odio,
1526 3110 1585 3155 et

521 3193 765 3242 perverso
832 3178 1039 3242 ingenio
1108 3180 1311 3231 Dionis.
1398 3182 1584 3245 Neque

522 3256 657 3304 enim
691 3255 741 3304 id
767 3256 1065 3306 reticuisset
1101 3256 1315 3306 Tacitus
1343 3263 1435 3305 aut
1460 3257 1586 3306 Sue-

522 3332 713 3395 tonius,
739 3332 820 3399 qni
844 3348 1020 3383 omnes
1055 3334 1152 3382 aevi
1179 3332 1458 3382 Neroniani
1479 3347 1585 3381 me-

522 3410 712 3459 morias
784 3417 1028 3460 accurate
1096 3412 1363 3475 perlegere
1428 3418 1586 3477 atque

514 3486 780 3535 evolvere.
930 3547 947 3562 υ

512 3627 515 3630 ¹
586 3563 752 3614 Addit
784 3566 909 3629 Dio,
937 3570 993 3615 ut
1024 3581 1309 3629 cuma-quam
1344 3566 1584 3617 celerrime

520 3640 614 3690 Dii
636 3641 926 3706 hominesque
946 3645 1220 3706 perderent:
1252 3658 1353 3707 quo
1374 3643 1583 3691 menda-

508 3719 586 3768 Acii
630 3728 808 3788 aperte
853 3720 1188 3770 convincitur.
1280 3721 1434 3786 Nam,
1488 3735 1583 3768 eur

519 3797 649 3846 adeo
692 3797 918 3846 infensus
958 3798 1092 3846 fmet
1127 3798 1326 3846 Seneca
1360 3797 1582 3858 Neroni,

518 3874 607 3937 qui
643 3875 944 3939 obsequium
984 3875 1162 3923 matris
1196 3874 1493 3938 reliquerat,
1525 3879 1581 3923 ut

516 3966 565 4000 sc
601 3952 790 4001 Senecoe
823 3952 1137 4015 permitteret.
1206 3951 1311 3999 Cur
1345 3949 1578 4000 infensus

518 4030 718 4086 Neroni
736 4030 956 4091 Seneca,
973 4044 1003 4077 a
1022 4044 1121 4092 quo
1138 4035 1193 4078 et
1217 4028 1377 4078 tantis
1393 4030 1577 4093 opibus

519 4107 805 4156 cumulatus
825 4114 938 4156 erat
962 4107 1098 4156 intra
1120 4106 1545 4171 quadriennium?

584 4185 690 4232 Cur
728 4184 954 4241 intensus
991 4192 1148 4234 tantae
1188 4184 1518 4233 clementiae
1503 4199 1579 4247 ip-

1676 1554 1762 1620 qui
1787 1556 2013 1606 nondum
2035 1557 2086 1606 in
2113 1556 2305 1620 caedes,
2341 1561 2432 1607 aut
2471 1558 2747 1623 sacrilegia

1674 1635 2020 1697 proruperat?
2068 1634 2227 1684 Certe
2250 1634 2370 1685 odio
2389 1649 2481 1683 suo
2500 1643 2556 1684 et
2581 1634 2743 1685 livore

1674 1723 1910 1774 praeceps
1953 1724 2015 1760 ac
2059 1725 2280 1760 vesanus
2321 1710 2581 1775 Bithynus
2619 1711 2745 1761 Dio.

1675 1786 1865 1851 sicque
1889 1792 2146 1850 perpetuo
2169 1801 2268 1835 non
2287 1792 2486 1836 tantum
2508 1778 2745 1849 Senecae,

1676 1861 1768 1912 sed
1794 1863 1976 1912 virtuti
2008 1861 2108 1926 ipsi
2140 1861 2375 1912 infestus·
2441 1862 2601 1925 Puto,
2622 1861 2743 1911 odio

1676 1945 1731 1988 et
1765 1939 1959 1989 invidia
1980 1939 2180 1990 exarsit
2198 1938 2253 1988 in
2291 1939 2551 1991 Romanos
2584 1939 2745 1990 domi-

1672 2022 1876 2066 nantes.

1739 2098 1762 2125 ⁶
1792 2093 2061 2157 Promtior]
2141 2092 2349 2157 Nempe
2403 2093 2458 2142 in
2513 2095 2744 2157 consiliis

1672 2168 2143 2233 subministrandis,
2161 2176 2223 2218 ut
2243 2174 2413 2234 supra.
2470 2171 2741 2243 Neronem

1670 2264 1945 2300 occurrere
1954 2249 2111 2314 jubet
2129 2250 2302 2312 matri,
2324 2264 2389 2299 ne
2411 2251 2594 2302 solium
2619 2267 2743 2304 con-

1666 2327 1899 2392 scendat,
1921 2343 2038 2377 cum
2059 2327 2287 2377 Armenii
2310 2327 2471 2393 legati
2493 2328 2743 2390 audiendi

1669 2401 1874 2464 forent3
1909 2403 2099 2454 Actem
2123 2403 2375 2466 immittit,
2401 2411 2460 2454 ut
2482 2401 2741 2467 flagitium

1670 2486 1905 2543 avertat3
1939 2481 2114 2530 multis
2155 2480 2470 2531 orationibus
2514 2481 2741 2533 clemen·

1670 2558 1795 2608 tiam
1836 2557 2059 2607 Caesaris
2101 2556 2379 2621 obstringit
2417 2559 2558 2623 apud
2597 2574 2741 2610 sena-

1669 2640 1801 2698 tum,
1845 2642 1906 2685 ut
1935 2632 2002 2686 ‘et
2044 2636 2231 2686 edictis
2272 2635 2410 2700 apud
2451 2638 2736 2701 populum:

1670 2728 1787 2777 quae
1831 2712 2003 2763 omnia
2045 2712 2253 2776 ingenio
2291 2715 2505 2764 Senecae
2545 2714 2738 2766 forma·

1667 2789 1872 2841 bantur.
1937 2790 2025 2841 Sic
2046 2790 2519 2856 hactenuepromtior
2540 2792 2743 2845 Seneca.

1730 2864 1751 2900 ¹
1765 2866 1839 2917 Ac
1857 2867 2114 2931 sciscitari]
2135 2869 2306 2932 Vulgo
2324 2884 2380 2918 ac
2399 2869 2444 2918 ei
2462 2870 2735 2922 scitur-etur.

1666 2945 1828 3011 Lego,
1848 2961 1902 2995 ac
1924 2949 1967 2995 si
1982 2947 2323 2997 sciscitaretur.

1732 3023 2025 3088 Seirai-etur]
2104 3026 2243 3088 Lego
2286 3024 2610 3077 sciscitaretur
2647 3001 2742 3077 Se·

1664 3114 1779 3148 neca
1796 3101 2036 3163 hactenus,
2058 3099 2110 3148 id
2134 3101 2265 3164 est,'
2252 3116 2306 3150 in
2335 3102 2573 3153 omnibus
2597 3104 2736 3167 prio·

1664 3176 1803 3225 ribus
1827 3177 2069 3240 negotiis,
2100 3191 2192 3226 seu
2228 3177 2341 3226 aliis
2382 3179 2609 3228 consiliis
2643 3186 2735 3231 aut

1665 3252 1907 3316 periculis
1944 3253 2165 3317 Reipub.
2206 3255 2485 3317 promtior3
2521 3265 2578 3304 at
2621 3263 2732 3307 tum

1665 3330 1982 3379 solummodo
2006 3330 2220 3393 respicit
2235 3332 2512 3394 Burrhum,
2530 3348 2633 3382 non
2653 3348 2732 3384 se-

1666 3421 1755 3454 cus
1778 3420 1840 3455 ac
1862 3407 1904 3455 si
1923 3406 2084 3456 oculis
2109 3413 2163 3456 et
2184 3414 2314 3457 nutu
2333 3408 2476 3458 illum
2507 3409 2733 3461 interro·

1666 3492 1833 3548 garet,
1848 3486 1947 3536 ὅτε.

1726 3563 1855 3611 Vult
1908 3561 2308 3624 FreinshemiuS,
2348 3566 2468 3626 post
2513 3561 2748 3629 longum'

1662 3638 1941 3701 silentium,
1988 3639 2143 3688 hosce
2190 3638 2508 3688 consiliarios
2560 3642 2730 3691 multa

1663 3716 1875 3766 dixisse.
1938 3717 2043 3765 Sed
2078 3717 2198 3782 quid
2233 3718 2288 3766 in
2312 3718 2405 3767 tali
2439 3733 2562 3767 casu
2588 3718 2726 3770 dice·

1663 3799 1779 3842 rent
1820 3794 2187 3844 modestissimi
2228 3809 2288 3843 ac
2333 3796 2727 3860 prudentissimi

1661 3870 1787 3919 viri?
1822 3870 1941 3921 silet
1961 3872 2031 3921 ibi
2052 3872 2283 3934 Tacitus,
2306 3879 2362 3921 et
2398 3873 2530 3922 haud
2566 3868 2726 3923 dubie

1660 3948 1862 3998 silentio
1909 3950 2080 4012 potius
2125 3957 2351 3999 mentem
2403 3960 2722 4013 presserunt.

1660 4030 1730 4079 Et
1755 4036 1813 4078 ut
1834 4030 1886 4078 in
1924 4038 2029 4078 tam
2052 4030 2265 4093 ancipiti
2288 4029 2606 4094 discrimine,
2640 4029 2721 4079 cui

1660 4107 1856 4156 mederi
1888 4108 2023 4155 intra
2062 4107 2283 4155 animum
2317 4108 2619 4171 voluissent,
2660 4122 2721 4157 ac

1658 4183 1765 4232 sine
1810 4184 1916 4232 ullo
1953 4184 2199 4233 sermonis
2237 4184 2565 4247 commercio,
2620 4198 2719 4232 non

517 4258 688 4323 sisque
726 4260 904 4324 primis
939 4260 1090 4322 annis
1121 4260 1358 4323 imperii?
1382 4276 1482 4327 cur
1504 4263 1577 4309 in·
1641 4261 1757 4309 .nisi
1782 4261 1961 4314 ultima
1982 4262 2295 4314 necessit-lte
2316 4261 2509 4326 coacti,
2538 4276 2720 4340 expet:

516 4333 682 4386 festus
728 4336 848 4387 Diis
889 4337 1280 4401 hominibusque
1320 4336 1579 4401 princepe,

1659 4336 1856 4402 gefacti
1880 4343 2015 4388 sunt.
