3063 4952
578 398 754 470 1792

574 562 1057 651 praesidentem,
1101 561 1195 625 si4
1222 560 1388 626 clari
1416 565 1612 644 atque
1637 551 1932 627 insontes
1972 559 2512 643 interficerentur,
2542 565 2772 649 praeci-

576 686 782 752 puum
820 664 907 731 ad
936 663 1262 748 pericula:
1310 665 1332 697 ‘
1351 664 1509 747 quin
1530 668 1598 728 et
1624 660 1867 728 Asiam
1894 662 2122 728 favore
2142 664 2414 749 juvenis
2458 686 2647 732 arma
2673 688 2777 733 ce-

575 769 795 853 pisse3
839 787 962 831 nec
987 766 1249 842 milites,
1295 765 1382 829 ad
1424 765 1650 830 scelus
1692 764 1952 842 missoS‚
2009 771 2125 830 aut
2169 786 2444 833 numero
2491 768 2772 848 validm,

577 877 691 936 aut
730 870 951 934 animo
992 872 1318 952 promtos:
1364 874 1723 952 postquam
1764 868 1967 952 jussa
2011 869 2265 934 efficere
2310 872 2773 954 nequiverint‚⁵

574 972 661 1036 ad
711 991 867 1056 spes
912 991 1121 1037 novas
1154 972 1530 1037 'transisse’
1617 970 1843 1038 Vana⁶
1886 972 2059 1049 haec,
2089 980 2297 1036 more⁷
2328 969 2596 1051 famae).
2635 992 2775 1039 cre-

574 1073 901 1138 dentiumm
929 1074 1090 1139 olio⁸
1121 1075 1578 1156 augebantur.⁹
1665 1072 1974 1139 Ceterum
2015 1074 2295 1139 libertus
2340 1074 2573 1140 Plauti
2605 1075 2777 1142 cele·

1287 415 1353 465 0.
1398 412 1761 465 CORNELII
1805 414 2062 464 'rAcm
2465 421 2647 489 [AJU.
2659 427 2784 477 8162

570 1302 769 1358 rentem,
792 1301 848 1345 et
864 1295 1071 1360 primum
1101 1297 1163 1346 ad
1183 1294 1810 1357 discriminadestinatum‚
1832 1295 1875 1343 si
1913 1295 2124 1345 illustres
2154 1301 2203 1345 et
2233 1297 2500 1347 innocentes
2524 1298 2626 1347 viri
2647 1313 2780 1348 neca-

571 1366 765 1411 reneur:
799 1361 963 1410 Immo
983 1369 1039 1411 et
1062 1360 1236 1410 Asiam
1259 1362 1407 1425 ipsam
1430 1373 1604 1409 amore
1625 1359 1991 1422 adolescentis,
2013 1375 2156 1409 arma
2176 1363 2479 1425 capessisse,
2501 1378 2604 1417 nec
2628 1365 2779 1413 satel-

567 1425 687 1475 lites
708 1426 889 1476 missos
913 1425 976 1475 ad
996 1425 1216 1487 facinus,
1236 1433 1325 1475 aut
1347 1438 1559 1473 numero
1579 1423 1771 1483 firmos,
1794 1433 1884 1473 aut
1901 1425 2022 1474 satis
2037 1433 2302 1475 strenuos:
2342 1436 2618 1491 postquam
2642 1436 2780 1476 man-

570 1490 693 1540 data
710 1491 900 1555 exequi
916 1505 1018 1540 non
1040 1490 1406 1554 potuerint‚·ad
1431 1504 1510 1538 res
1533 1503 1690 1539 novas
1715 1489 1864 1538 simul
1883 1505 1988 1539 eum
2002 1490 2090 1538 illo
2106 1491 2419 1541 transivisse.
2488 1492 2636 1552 Hae,
2652 1498 2710 1541 at
2724 1492 2777 1541 in

569 1555 834 1606 rumoribus
852 1557 986 1617 solet,
1005 1558 1291 1607 credentiam
1310 1555 1406 1603 otio
1427 1554 1781 1604 invalescebant.
1850 1556 2070 1604 Ceteram
2090 1555 2283 1605 libertas
2303 1555 2470 1605 Plauti
2486 1558 2778 1620 pernicitate

1489 1712 1845 1734 OOOOMOOU‘

567 1823 867 1887 magnis—4
885 1825 1011 1874 Mss.
1033 1824 1176 1874 Flor.
1201 1825 1330 1889 Reg.
1352 1823 1510 1875 Corb.
1529 1829 1584 1874 et
1600 1822 1765 1873 editio
1783 1824 2047 1889 princeps,
2062 1830 2118 1874 nt
2134 1824 2270 1874 clari.
2316 1823 2402 1874 Sic
2419 1838 2624 1890 quoque
2643 1825 2774 1876 Mss.

567 1888 721 1938 Bodl.
746 1887 921 1938 Guelf.
991 1887 1064 1939 At
1085 1895 1270 1951 postea
1288 1889 1638 1949 emendatum,
1660 1903 1731 1939 ne.
1800 1889 1862 1938 In
1887 1891 1987 1939 Ms.
2010 1890 2119 1941 Jes.
2138 1907 2213 1939 ne.
2279 1890 2343 1938 In
2368 1891 2471 1939 Ms.
2495 1891 2653 1939 Harl.
2670 1905 2774 1939 nee.

566 1954 756 2005 Mallet
778 1955 1044 2015 Ernestus‚
1063 1958 1129 2015 et,
1146 1954 1189 2002 si
1211 1954 1349 2006 clari.
1406 1955 1475 2003 Et
1497 1954 1670 2003 omitti
1695 1959 1887 2017 potest.
1910 1955 2221 2003 Breuem—5
2249 1956 2354 2003 Ms.
2381 1954 2537 2003 Corb.
2557 1954 2775 2018 nequive-

565 2022 792 2068 rant—6
819 2017 1071 2068 OE'ransssoe.
1111 2019 1219 2067 Una
1229 2019 1345 2068 hoec.
1376 2019 1464 2085 Sic
1480 2018 1704 2068 Brotier.
1721 2032 1837 2066 cum
1857 2019 2071 2070 Homer.
2109 2019 2169 2068 In
2196 2020 2298 2068 Ms.
2316 2020 2444 2082 Reg.
2464 2028 2518 2067 et
2536 2018 2774 2068 editione

566 2082 821 2145 principe,
841 2082 1130 2131 transissent.
1176 2084 1284 2132 Una
1301 2084 1418 2133 hoec.
1487 2083 1826 2143 Puteolanus,
1850 2083 2073 2133 transisse
2093 2099 2205 2132 nna.
2274 2085 2421 2133 Hoee:
2459 2090 2514 2131 et
2537 2084 2613 2133 sic
2638 2085 2775 2134 Gro-

564 2146 745 2196 novius
765 2153 822 2196 et
842 2146 1095 2210 Ryckius.
1161 2147 1379 2198 Minime
1399 2147 1672 2211 probabile
1689 2148 1923 2196 Tacitum
1963 2149 2245 2212 scripsisse,
2267 2147 2492 2197 transisse
2515 2163 2632 2197 ana.
2696 2148 2777 2198 At

564 2212 648 2260 vel
671 2211 936 2274 scripserit
956 2226 1050 2260 una
1070 2212 1322 2275 transisse;
1356 2214 1437 2262 vel
1513 2213 1650 2261 otius
1683 2214 1923 2262 transisse.
1998 2213 2133 2262 Vana
2151 2213 2267 2263 hoee.
2342 2213 2477 2263 Vana
2500 2212 2613 2276 jam
2647 2213 2778 2262 olfe-

563 2281 710 2325 cerat
730 2277 1075 2326 Boxhornius.
1108 2277 1322 2327 Brotier.
1386 2278 1475 2326 Du
1513 2277 1615 2325 ium
1642 2277 1728 2324 vix
1750 2284 1851 2338 est,
1890 2276 2011 2340 quin
2047 2277 2307 2341 Boxhorn.
2344 2291 2521 2326 verum
2563 2277 2774 2328 viderit.

490 2360 497 2367 ’
565 2340 778 2403 Recipio
817 2341 975 2403 igitur
1011 2356 1132 2390 vana
1168 2356 1283 2390 cum
1329 2341 1543 2404 Bipont.
1591 2352 1596 2353 ⁷
1628 2341 1816 2403 Recte,
1854 2349 1914 2390 ut
1954 2340 2097 2402 dedi,
2137 2342 2462 2404 interpunxit
2499 2343 2776 2393 Ernestus.

567 2404 877 2465 Oberlin.—7
912 2406 998 2454 Ita
1021 2407 1148 2455 Mss.
1171 2407 1310 2455 Flor.
1326 2405 1452 2469 Agr.
1476 2405 1635 2456 Corb.
1657 2405 1818 2456 editio
1838 2406 2081 2470 princeps
2101 2412 2155 2454 et
2175 2407 2505 2455 recentiores.
2577 2406 2775 2455 Puteo·

559 2470 730 2533 lanus,
748 2470 801 2520 in
821 2487 902 2520 ore
910 2469 1178 2531 saman—8
1213 2472 1320 2523 Pro
1350 2472 1475 2530 ‘olim
1516 2471 1768 2522 assentior
1799 2471 1953 2535 plane
1992 2470 2045 2522 J.
2070 2472 2127 2521 F.
2152 2471 2419 2522 Gronovio
2446 2471 2531 2520 vix
2555 2486 2690 2535 esse,
2711 2479 2771 2521 ut

560 2550 661 2584 non
683 2536 949 2600 scripserit
969 2537 1179 2586 Tacitus
1200 2537 1321 2586 odio.
1385 2536 1473 2585 Sic
1494 2535 1686 2586 Annal.
1709 2550 1786 2589 w.
1812 2541 1892 2585 11.
1931 2536 2264 2599 Κροκέαι-9
2295 2537 2381 2586 Sic
2418 2536 2554 2586 bene
2588 2551 2770 2587 recen-

560 2600 718 2651 tiores
740 2614 806 2650 ex
826 2600 1125 2665 conjectura
1146 2601 1329 2668 Modii.
1395 2601 1459 2650 In
1493 2601 1623 2651 Mss.
1664 2606 1719 2651 et
1752 2600 2066 2652 editionibus
2101 2600 2388 2666 veteribus,
2419 2601 2772 2664 agebantur.—

1527 2736 1748 2789 NOTAE

558 2833 713 2884 maris
746 2843 1004 2886 commota
1040 2836 1249 2887 interim
1279 2834 1435 2899 fama,
1455 2836 1619 2885 multa

559 2907 870 2960 differebant
891 2913 1209 2962 sermonibus
1232 2911 1299 2961 de
1323 2912 1529 2960 Plauto.

624 2983 638 3017 ¹
670 2985 792 3034 Haec
812 2986 865 3035 in
883 3002 964 3036 ore
981 2986 1156 3049 famoe]
1198 2987 1406 3037 Medius
1439 2993 1619 3036 noster

557 3059 610 3108 in
656 3060 1052 3126 Novo-antiquis
1094 3063 1238 3126 legit,
1279 3078 1407 3111 more
1445 3061 1618 3124 famia,

558 3141 615 3184 et
649 3136 958 3201 augebantur,
990 3145 1160 3188 acute.
1228 3139 1312 3188 Ita
1358 3138 1494 3187 Hist.
1538 3152 1616 3186 iv.

558 3211 575 3239 ‘
610 3211 761 3262 More
803 3211 953 3263 famae
1006 3213 1059 3261 in
1108 3215 1274 3279 majus
1316 3212 1620 3264 innotuere.'

554 3287 766 3353 Lipsius.

592 3367 760 3432 ‘Hoec,
777 3384 904 3418 more
906 3369 1083 3433 samoe]
1115 3368 1221 3419 Alii
1241 3370 1395 3419 aliter
1416 3370 1616 3433 legunt,

554 3444 777 3494 transisse
797 3448 1036 3513 vana-haec
1058 3462 1184 3497 more
1193 3446 1363 3509 samoe,
1385 3448 1616 3495 credenti-

552 3532 633 3565 um
669 3519 765 3568 otio
783 3521 1090 3583 augebantur.
1124 3523 1351 3572 Boxhor.
1421 3515 1545 3571 Hc'ec
1564 3523 1616 3573 in

553 3589 810 3653 arefamae.
897 3597 982 3647 Sic
1016 3598 1154 3647 Plin.
1202 3601 1398 3664 Paneg.
1444 3602 1459 3626 ‘
1485 3602 1616 3649 Sunt

552 3667 608 3716 in
635 3682 724 3718 ore
747 3671 1021 3735 hominum,
1057 3681 1111 3723 et
1142 3690 1228 3723 ore
1250 3673 1400 3724 famae
1424 3691 1615 3740 magna

549 3745 789 3797 nomina?
824 3748 1088 3800 Acidaliae.
1150 3752 1273 3801 Odia
1288 3751 1577 3801 credentiam
1593 3769 1616 3811 ,-

553 3815 864 3887 Gronovius,
888 3823 1019 3872 bono
1043 3841 1210 3875 sensu.

618 3897 755 3947 Nam
776 3906 832 3964 et
870 3901 1027 3949 otium
1064 3901 1181 3965 fuit,
1224 3910 1279 3953 et
1314 3905 1485 3954 odium
1508 3905 1609 3954 Ro-

550 3988 650 4023 mae
697 3984 912 4042 propter
948 3979 1071 4027 talia
1110 3977 1342 4029 facinora
1374 3977 1612 4044 Tigellini

552 4052 918 4120 Neronisque:
955 4057 1047 4104 sed
1088 4070 1245 4119 parco
1279 4058 1612 4107 correctioni-

551 4127 667 4189 bus,
683 4131 943 4193 suspendo
961 4148 1183 4184 manum.
1250 4134 1484 4184 validior
1498 4150 1614 4183 sen-

556 4218 642 4252 sus
678 4204 901 4271 videtur,
943 4210 985 4258 si
1020 4210 1162 4273 legas
1185 4212 1470 4260 creaminm
1490 4210 1613 4260 odio.

554 4278 657 4360 Sed
677 4282 795 4347 quia
812 4287 962 4335 otium
981 4286 1034 4334 in
1066 4286 1196 4336 urbe
1220 4285 1339 4350 fuit,
1362 4302 1462 4352 quo
1483 4288 1615 4349 talia
1653 4335 1662 4347 ,

1698 2831 2174 2896 confabularentur,
2226 2840 2284 2884 et
2320 2834 2619 2896 crederent,
2662 2849 2770 2885 ma·

1696 2918 1821 2961 neat
1842 2910 2018 2961 lectio.
2085 2910 2211 2959 Hoee
2251 2925 2378 2960 more
2402 2908 2559 2969 samoe
2578 2912 2770 2959 creden-

1697 2989 1820 3036 tiam
1858 2986 1954 3035 otio
1996 2985 2304 3049 angebantur.
2391 2985 2460 3034 Et
2501 3000 2768 3057 nunquam

1697 3065 1762 3113 ab
1802 3064 2061 3112 extraneis
2122 3063 2267 3127 quies
2312 3069 2402 3111 aut
2444 3077 2552 3126 pax
2592 3063 2776 3126 altior-2

1695 3156 1846 3207 quam
1871 3142 1965 3190 sub
1997 3141 2226 3190 Nerone.
2512 3201 2519 3207 .
2643 3182 2650 3185 .

1761 3224 1799 3250 ¹¹²
1835 3216 2159 3280 credentiam]
2230 3217 2434 3281 Legunt
2485 3218 2618 3266 otio.-
2674 3216 2766 3267 sed

1698 3290 1850 3358 forte·
1873 3293 2056 3342 melius
2089 3292 2213 3355 odio,
2251 3298 2306 3340 et
2347 3291 2587 3341 validiori
2611 3306 2764 3342 sensu

1696 3370 1770 3418 sic
1793 3370 1968 3433 legas3
2009 3368 2130 3433 quid
2175 3367 2311 3417 enim
2351 3366 2478 3416 facit
2517 3368 2676 3417 otium
2699 3366 2763 3416 ad

1695 3445 2007 3494 credentes?
2056 3451 2199 3494 certe
2243 3442 2400 3492 odiam
2433 3442 2585 3502 facit,
2632 3449 2693 3492 ut
2712 3442 2764 3493 id
2805 3444 2820 3460 ’

1695 3522 1867 3585 potius
1890 3522 2127 3580 credant,
2148 3520 2353 3584 sibique
2376 3519 2599 3582 fingant,
2618 3519 2763 3585 quod

1696 3597 1999 3661 contingere
2024 3596 2204 3657 velint,
2248 3610 2435 3659 nempe
2464 3597 2574 3645 odio
2597 3597 2653 3647 in
2675 3597 2762 3647 Ti-

1696 3672 1937 3738 gellinum
1957 3679 2012 3720 et
2030 3673 2311 3721 Neronem.

1760 3745 2009 3795 Attamen
2033 3745 2149 3808 otio,
2174 3761 2271 3793 non
2294 3748 2405 3796 sine
2428 3763 2585 3798 sensu
2605 3766 2619 3799 z
2644 3764 2761 3801 nam

1693 3823 1746 3872 in
1771 3823 1897 3872 urbe
1920 3835 2208 3873 sermonum
2240 3824 2411 3884 avida,
2446 3827 2627 3875 statim
2650 3841 2765 3876 cre-

1689 3901 1819 3950 dunt
1842 3901 2147 3962 rumoribus,
2191 3915 2318 3965 qnos
2344 3916 2439 3964 per
2476 3902 2631 3952 otiam
2664 3901 2762 3951 dif-

1691 3976 1868 4027 ferunt
1923 3977 2286 4042 disseruntque
2314 3994 2327 4038 ;
2384 3987 2434 4026 et
2494 3979 2759 4029 credendo

1690 4053 2095 4116 disserendaque
2120 4066 2212 4115 per
2232 4053 2397 4116 otium,
2413 4060 2613 4117 augent
2630 4055 2758 4103 tales

1692 4147 1953 4182 rumores:
2011 4131 2164 4180 otiosi
2204 4130 2467 4193 differunt,
2518 4132 2758 4198 credunt,

1694 4217 1990 4274 augentque
2028 4207 2328 4257 disserendo
2363 4209 2757 4275 spargendoqne

1692 4287 1747 4336 in
1769 4286 1950 4337 obvios
1969 4277 2219 4351 quosque.
2511 4297 2518 4303 ·
