3063 4952
494 376 683 462 ms

1208 411 1289 460 ‘oa
1337 395 1700 459 commis-11
1731 392 2036 460 ‘'mci-1112

2387 400 2727 483 {Actaeos}

1500 602 1721 684 'No‘ra's

495 752 817 827 &lutarclius
840 780 897 826 et
919 773 1188 841 Appianus
1212 769 1425 833 tradunt
1448 774 1572 826 Dic·

506 854 667 913 tatori
699 852 857 904 fuisse
879 853 1063 918 viginti
1095 859 1315 919 quatuor
1337 853 1571 912 lictores,

506 931 691 997 quibus
745 938 999 996 repugnat
1053 924 1295 994 Epitome
1353 930 1489 980 Livii
1529 929 1569 978 l.

494 1004 741 1084 bstux.
773 1013 788 1040 ‘
811 1013 955 1078 Sylla
977 1012 1200 1071 dictator
1221 1013 1408 1074 factm,
1432 1011 1571 1078 quod

505 1102 660 1145 nemo
697 1087 903 1159 quidem
939 1104 1162 1154 unquam
1202 1089 1422 1150 fecerat,
1455 1104 1573 1138 cum

492 1162 730 1237 sfascibus
751 1168 935 1231 viginti
958 1173 1177 1233 quatuor
1197 1164 1480 1231 processit.'

571 1243 898 1294 Probabilius
939 1250 1036 1305 est,
1058 1238 1372 1307 processisse
1410 1243 1572 1292 dicta-

506 1323 674 1370 torem
715 1319 898 1368 eodem
943 1327 1217 1385 apparatu,
1261 1335 1363 1384 quo
1400 1320 1571 1382 Reges

504 1396 670 1448 olim:
708 1396 857 1446 atilli
892 1402 1092 1447 tantum
1127 1396 1420 1445 babuerunt
1443 1394 1570 1444 duo-

503 1472 671 1527 decim
699 1472 938 1533 lictores3
976 1477 1028 1521 et
1068 1472 1178 1536 ipse
1211 1471 1441 1522 dictator
1463 1485 1567 1521 non

494 1530 687 1601 babuit
741 1549 1030 1617 imperium,
1078 1549 1172 1598 nisi
1230 1549 1433 1612 Regum,
1475 1556 1569 1599 aut

499 1641 623 1681 mox
659 1629 912 1684 consillum.
980 1626 1054 1676 At
1094 1626 1195 1690 ipsi
1230 1626 1485 1689 consules,
1512 1620 1567 1674 in

462 1728 465 1731 ·
501 1705 690 1771 quibus
733 1708 909 1754 tamen
948 1716 1199 1761 summum
1239 1702 1566 1767 Reipublicae

499 1779 794 1845 imperium,
808 1779 1103 1830 habuerunt
1138 1784 1338 1828 tautum
1373 1777 1566 1827 duode-

487 1854 602 1909 'cim
641 1858 872 1919 lictores,
897 1872 991 1906 sua
1025 1856 1158 1919 vice,
1199 1861 1257 1905 et
1295 1871 1386 1906 suo
1418 1855 1562 1907 loco·

500 1941 688 2024 nempe
728 1935 921 2000 primus
955 1938 1136 1984 consul
1172 1934 1339 1999 primo
1375 1948 1570 1999 mense,

500 2011 652 2069 etsie
676 2011 858 2067 ordine
883 2011 1103 2067 alterno.

486 2152 508 2163 Ἠ
562 2089 754 2155 Sicque
771 2089 1030 2161 praeibant
1047 2077 1345 2138 consulibus
1363 2093 1567 2139 tantum

499 2166 773 2216 duodecim
828 2166 1055 2228 lictores,
1103 2170 1165 2214 ut
1219 2171 1276 2215 et
1330 2164 1564 2230 Regibus

499 2244 658 2306 olim3
694 2246 866 2312 itaque
902 2243 1078 2294 similis
1117 2257 1308 2307 pompa
1330 2249 1385 2293 et
1408 2242 1569 2292 dicta·

480 2319 603 2372 'tori
627 2319 729 2372 fuit
748 2321 1121 2372 verisimiliter.
1531 2332 1537 2339 ·

561 2398 666 2448 Sed
709 2398 852 2463 Sylla
896 2398 1119 2448 dictator
1155 2396 1337 2447 habuit
1373 2395 1566 2460 viginti

482 2481 720 2542 'quatuor
757 2475 981 2535 lictores.
1032 2476 1192 2526 Certe
1232 2473 1368 2540 quod
1408 2474 1560 2525 nemo

495 2553 628 2603 alius
652 2551 869 2616 fecerat,
891 2568 1079 2618 nempe
1117 2559 1173 2602 ut
1209 2552 1369 2616 magis
1397 2559 1564 2603 metu-

480 2631 683 2690 ''endam
707 2637 1018 2697 potestatem
1040 2631 1328 2681 exhiberet.

1626 2166 1852 2230 castris,
1908 2166 2125 2217 absente
2178 2167 2409 2221 consule.

1650 773 1896 825 habebat.
1963 773 2039 826 At
2081 774 2124 826 si
2170 766 2397 840 gladium
2442 768 2724 841 spectares,

1650 868 1752 921 quo
1772 851 2097 918 cingebatur,
2120 862 2176 903 et
2205 854 2601 911 multitudinem
2627 846 2723 903 mi·

1643 930 1823 993 litum,
1844 930 1931 996 qui
1974 945 2091 979 eum
2114 930 2513 991 comitabantur,
2536 944 2724 989 revera

1652 1006 1962 1056 ostendebat
2000 1022 2219 1078 reguum
2258 1015 2314 1058 et
2348 1007 2647 1095 imperium
2650 1022 2724 1085 ιι·

1654 1081 1809 1132 nius!

1719 1159 1929 1210 Consuli
1984 1150 2279 1226 duodecim,
2311 1120 2567 1210 Praetori
2625 1174 2719 1210 sex

1637 1236 1864 1288 ‘lictores
1902 1238 2156 1302 aderant3
2191 1247 2262 1291 at
2268 1238 2516 1289 Tribunis
2551 1245 2608 1337 et
2631 1237 2718 1317 AE-

1652 1313 1840 1364 dilibus
1860 1317 2085 1366 viatores.
2579 1331 2586 1337 “
2643 1331 2647 1337 ’

1713 1392 1937 1442 'lribuni
1953 1393 2181 1444 habuere
2203 1394 2446 1457 viatoreS,
2469 1388 2558 1466 'qui
2584 1386 2718 1463 prae-

1648 1469 1803 1520 irent.
1857 1470 2118 1539 *Attamen
2148 1472 2348 1537 quoties
2380 1473 2561 1539 aliquis
2591 1473 2727 1524 civi-

1649 1562 1735 1596 um
1768 1548 2011 1598 auxilium
2041 1549 2364 1599 tribunorum
2384 1550 2713 1614 imploraret,

1647 1626 1866 1699 petebat
1906 1643 1935 1676 a
1980 1626 2199 1677 tribunis
2243 1628 2473 1690 lictorem,
2513 1628 2607 1693 qui*
2653 1638 2726 1681 se*

1647 1710 1829 1753 contra
1875 1704 1978 1753 vim
2023 1711 2276 1755 tueretur.
2345 1704 2463 1756 Nisi
2497 1704 2730 1757 courum

1646 1779 1773 1831 dant
1815 1788 2054 1831 auctores
2091 1782 2305 1832 lictorem
2348 1793 2469 1832 cum
2516 1783 2715 1848 viatore,

1648 1862 1704 1907 et
1747 1857 1821 1908 sic
1860 1856 1974 1908 fere
1999 1865 2309 1917 vocarentur
2332 1859 2587 1909 communi
2622 1866 2719 1945 no‘·¹

1647 1935 1785 1991 mine
1810 1937 1947 1986 servi
1971 1935 2185 2007 publici.

1710 2013 1955 2065 Quaestor
1976 2028 2145 2101 neque
2168 2013 2381 2063 lictores
2416 2026 2585 2079 neque
2609 2013 2718 2067 via·

1647 2094 1784 2140 tores
1808 2087 2005 2151 habuit,
2034 2090 2133 2139 nisi
2154 2089 2293 2140 forte
2313 2105 2433 2145 cum
2462 2090 2721 2156 praeesset·

2487 2166 2639 2218 Gell.
2677 2167 2713 2220 1.

1647 2254 1774 2293 1111.
1799 2248 1879 2294 12.
2497 2258 2500 2261 ’
2669 2250 2678 2266 ”

1710 2321 2117 2372 Proconsulibus
2174 2322 2445 2375 duodecim
2496 2323 2712 2381 lictores

1643 2405 1792 2449 erant
1827 2399 1879 2449 in
1902 2414 1993 2449 sua
2012 2400 2299 2466 provincia,
2321 2407 2474 2452 extra
2496 2401 2712 2462 urbem,

1640 2482 1698 2526 et
1733 2492 1851 2527 cum
1888 2478 2124 2528 exercitu
2161 2478 2610 2545 proficiscentibus
2643 2480 2711 2530 ad

1644 2554 1855 2606 bellum.
1924 2555 1997 2605 Et
2051 2555 2094 2605 si
2139 2556 2478 2621 triumphales
2517 2551 2724 2621 forent,

1595 2667 1598 2670 >
1643 2641 1735 2685 aut
1769 2637 1990 2685 victores
2033 2633 2283 2698 redirent,
2321 2647 2439 2683 cum
2483 2633 2712 2683 laureatis

541 2709 631 2758 *Et
671 2709 964 2771 exemplum
1007 2708 1248 2757 lictorum
1301 2705 1559 2756 desumse·
1628 2712 1845 2780 fascibus
1878 2711 2225 2785 incedebant3
2260 2711 2395 2775 quod
2432 2718 2585 2777 patet
2620 2718 2713 2761 ex·-

475 2792 612 2836 ·rant
633 2786 756 2835 olim
782 2787 949 2849 Reges
970 2785 1191 2835 Romani
1214 2784 1280 2834 ab
1308 2786 1560 2848 Etruscis,

478 2875 711 2930 ‘quorum
749 2861 919 2927 Reges‘
952 2864 1174 2913 habuere
1212 2869 1412 2912 tantum
1435 2862 1559 2911 duo·

470 2939 663 2990 'decim
690 2939 921 3005 lictores,
943 2948 1002 2991 ut
1025 2946 1175 2990 erant
1197 2939 1468 2989 duodecim
1490 2940 1559 2988 E-

490 3018 671 3074 truriae
694 3020 900 3088 populi·
936 3019 989 3068 hi
1015 3018 1202 3082 singuli
1224 3023 1402 3067 creato
1426 3011 1559 3081 Reg'i

490 3097 719 3162 singulos
736 3097 946 3147 lictores
967 3097 1180 3145 dabant.

553 3175 743 3248 Itaque
785 3175 1016 3239 regibus,
1047 3171 1364 3230 consulibus,
1394 3155 1557 3222 diota-

470 3251 592 3303 ‘tori
626 3251 840 3302 fuerunt
880 3256 1080 3307 tantum
1105 3248 1382 3299 duodecim
1406 3247 1556 3299 licto-

485 3344 590 3394 res,
611 3329 653 3378 si
677 3328 872 3393 Syllam
897 3328 1146 3392 excipias,
1163 3327 1253 3391 qui
1278 3332 1337 3375 ut
1361 3332 1557 3389 praeter

474 3407 564 3471 jus
588 3421 758 3467 omne,
781 3406 1092 3455 dictaturam
1133 3408 1443 3468 perpetuam
1482 3404 1557 3453 in·
1617 3457 1620 3462 ⁴

473 3482 641 3547 vasit,
664 3482 739 3531 ita
778 3488 834 3530 et
857 3482 1041 3544 viginti
1084 3487 1304 3545 quatuor
1344 3480 1555 3530 lictores

472 3545 586 3624 sibi
622 3567 876 3622 apparere
906 3557 1065 3645 jussit
1106 3561 1313 3621 praeter
1338 3570 1552 3610 morem.

470 3634 800 3709 Imperator,
841 3649 930 3684 seu
953 3636 1216 3699 prinecps
1262 3635 1458 3699 habuit,
1492 3644 1552 3687 ut

482 3719 634 3777 puto,
653 3719 854 3760 tantum
895 3711 1168 3770 duodecim
1207 3712 1435 3777 lictores,
1457 3728 1547 3779 qui

464 3786 743 3839 ‘dictatore
760 3788 942 3851 major.

548 3853 806 3933 Magistro
861 3870 1095 3935 equitum
1155 3885 1247 3919 sex
1278 3867 1546 3921 lictores.

460 3945 648 3995 ‘Dior
672 3958 806 3995 xur.
842 3946 908 3995 de
941 3948 1016 3996 M.
1030 3947 1293 4012 Antonio,
1315 3963 1404 4013 qui
1442 3964 1556 3998 ma·-

465 4019 644 4087 'gister
679 4024 912 4087 equitum
952 4017 1208 4075 Caesaris}
1245 4025 1356 4076 ‘At
1387 4017 1552 4076 Anto·

477 4101 612 4165 nius,
633 4100 676 4150 si
697 4101 940 4151 vestitum
963 4104 1075 4168 ejus
1108 4111 1392 4167 spectares,
1426 4103 1550 4174 imaf

479 4177 652 4256 ginem
688 4178 948 4242 popularis
987 4187 1154 4229 status
1187 4177 1545 4243 praeferebat}

408 4257 412 4264 '
462 4247 745 4318 'praetexta'
798 4255 934 4305 enim
985 4249 1267 4317 utebatur,
1324 4256 1450 4305 item
1505 4255 1550 4304 si

479 4323 723 4405 lictores,
736 4346 849 4381 non
876 4332 1027 4384 enim
1052 4333 1241 4397 plures
1267 4345 1420 4397 quam
1457 4345 1550 4382 sex

1627 2790 1813 2856 emplo
1854 2788 2091 2854 Pompeii
2128 2788 2473 2852 triumphalis,
2493 2787 2562 2837 ad
2600 2786 2718 2836 bel·-

1638 2867 1745 2916 lum
1779 2864 2192 2915 Mithridaticum
2216 2863 2620 2929 proficiscentis,
2651 2861 2722 2922 tit

1617 2942 1843 2992 'Luculli
1883 2941 2151 3007 provincia
2182 2948 2300 3007 post
2323 2942 2597 3021 victoriam
2617 2937 2709 2991 de-

1619 3018 1893 3074 'cedentis
2571 3037 2576 3042 ⁶
2677 3025 2687 3042 ⁴
2715 3035 2718 3038 ¹

1703 3095 2085 3160 Propraetoribus
2102 3109 2227 3145 vero
2248 3093 2465 3146 fuerunt
2501 3093 2714 3146 tanturn

1618 3169 1950 3232 'salictam-s,-
1982 3172 2080 3223 nisi
2113 3172 2262 3224 forte
2287 3173 2587 3223 consulares
2627 3169 2709 3223 es-

1616 3251 1771 3316 'sent,
1794 3260 1849 3302 et
1887 3249 2080 3302 belluni
2110 3251 2164 3300 in
2200 3250 2469 3324 provincia
2502 3245 2716 3304 armata

1617 3333 1622 3338 ’
1638 3326 2075 3382 administrarent.
2489 3349 2490 3358 ι

1703 3399 1920 3472 Legatis
1944 3404 2305 3468 proconsulum
2340 3403 2393 3452 in
2416 3404 2715 3467 provinciis.

1633 3485 1840 3534 lictores.
1905 3482 2213 3546 Spartianus
2237 3482 2290 3529 in
2306 3481 2499 3530 Severo
2520 3477 2705 3545 legato
2722 3497 2733 3524 1

1636 3552 1957 3624 proconsulis
1982 3554 2211 3606 Africae:
2247 3557 2263 3584 ⁴
2287 3551 2354 3606 In
2390 3571 2451 3605 ea
2488 3555 2707 3621 legatio·-

1635 3651 1722 3699 ne,
1778 3651 1901 3686 cum
1938 3650 2056 3684 eum
2090 3633 2318 3697 quidam
2371 3631 2732 3698 Leptitanus,

1627 3705 2047 3786 praecedentibus
2069 3710 2345 3811 fascibus,
2334 3723 2442 3776 ipse
2461 3712 2722 3814 plebeius

1632 3792 1899 3854 amplexus
1920 3788 2091 3840 esset!
2669 3789 2692 3812 ’

1696 3869 1871 3917 Etiam
1894 3866 2240 3930 senatoribus,
2260 3867 2346 3931 qui
2382 3882 2498 3917 cum
2533 3850 2724 3919 libera

1611 3941 1887 4008 'legatione
1924 3944 1975 3993 in
2016 3943 2316 4006 provincias
2335 3938 2706 4014 mittebantur,

1611 4021 1865 4071 ‘concessi
1900 4021 2236 4086 quaudoque
2268 4021 2502 4084 lictores,
2545 4028 2726 4096 ιιιιιο,Ὺ

1613 4100 1747 4148 ‘sine
1776 4096 2023 4161 fascibus,
2040 4105 2099 4147 ut
2131 4112 2256 4168 cum
2286 4099 2467 4161 majori
2500 4089 2703 4151 honore

1627 4176 1910 4224 lustrarent
1939 4171 2249 4255 provincias,
2268 4182 2322 4225 et
2360 4176 2550 4239 majori
2576 4173 2722 4227 auci-

1610 4241 1845 4310 toritate
1864 4250 2084 4316 negotia·
2101 4251 2192 4301 seu
2215 4253 2427 4316 privata
2458 4268 2548 4303 seu
2566 4255 2703 4318 pub

1628 4330 1746 4395 lica
1765 4330 2128 4395 peragerent.
2154 4319 2526 4414 Reprehendit
2545 4327 2720 4384 Cice*
