3063 4952
532 375 708 445 1778
1233 396 1298 445 c.
1338 395 1720 452 commun.
1751 398 2021 450 *raom
2414 411 2504 476 [A.
2524 412 2593 465 u.
2618 418 2738 470 εις,

534 540 706 621 nati,
730 541 896 607 mbe
943 538 1014 609 in
1049 540 1222 626 ipsa,
1263 544 1445 610 velut
1489 545 1903 629 peregrinum
1930 550 2137 615 otium
2163 552 2504 635 permisitt
2571 560 2739 640 quo-

536 662 684 712 rum
726 643 891 709 alter
937 644 1255 711 bellorum
1284 647 1531 733 sociuS,
1562 648 1723 714 alter
1752 648 1993 716 Romae
2041 653 2345 736 pluribus
2389 657 2740 725 laboribus

526 743 853 831 jactatus»,
885 745 1110 829 ampla
1139 747 1428 830 quidem,
1463 750 1580 814 sed
1609 772 1734 834 pro
1757 751 2130 835 ingentibus
2157 759 2427 837 meritiS,
2457 764 2743 843 praemia

538 854 954 932 acceperant.
1043 849 1191 931 Ego
1236 851 1397 934 quid
1420 853 1620 918 aliud
1667 856 2164 925 munificentiae?
2198 866 2364 926 tum*
2389 863 2740 929 adhiberes

537 950 752 1036 potui,
784 971 981 1034 quam
1006 953 1251 1033 studia,
1279 960 1357 1020 ut
1385 957 1483 1025 sic
1511 958 1825 1036 dixerim,
1843 960 1914 1024 in
1938 964 2193 1027 umbra*
2224 964 2595 1031 educata‘v
2644 973 2741 1030 et⁴

538 1152 693 1216 qua-m
715 1140 978 1216 quietem:
1031 1157 1246 1208 quorum
1286 1146 1419 1196 alter
1458 1149 1754 1212 praeliorum
1778 1152 2058 1216 particeps,
2082 1154 2215 1205 alter
2258 1155 2312 1205 iu
2348 1154 2475 1205 urbe
2508 1155 2744 1217 plurimis

539 1210 678 1253 curis
711 1211 955 1268 agitatus,
977 1210 1290 1271 acceperant
1315 1226 1500 1275 magna
1523 1214 1730 1278 quidem
1755 1231 1987 1277 munera,
2026 1218 2118 1268 sed
2154 1233 2247 1282 pro
2286 1220 2617 1282 amplissimis
2639 1219 2745 1268 offi-

539 1267 651 1344 ciis.
717 1271 829 1334 Ego
850 1271 976 1347 quid
1007 1272 1145 1348 aliud
1169 1273 1292 1324 dare
1315 1284 1407 1326 aut
1432 1277 1621 1328 afferre
1656 1281 1803 1344 potui
1842 1294 2051 1332 simmae
2089 1283 2394 1339 liberalitati
2433 1292 2563 1346 tuae,
2586 1299 2741 1349 quam

533 1331 737 1398 literas,
768 1343 827 1384 ut
867 1343 944 1385 ita
973 1337 1162 1402 dicam,
1201 1339 1253 1389 in
1287 1342 1468 1392 umbra
1491 1346 1782 1396 enutritas?
1828 1348 1910 1396 Ex
1950 1348 2129 1414 quibus
2153 1348 2311 1403 decus
2334 1357 2561 1412 emanat,
2601 1348 2738 1415 quod

1461 1470 1515 1489 ‘O
1521 1471 1818 1492 “Oueoeeae

535 1547 817 1596 atavus—2
850 1548 935 1624 Ita
963 1549 1212 1600 Ernestus
1234 1565 1263 1599 e
1290 1553 1392 1601 Ms.
1412 1551 1543 1619 Agr.
1587 1546 1694 1604 ‘Sic
1716 1570 1916 1627 quoque
1939 1557 2066 1609 Mss.
2087 1557 2242 1608 Harl.
2267 1558 2419 1609 Bodl.
2443 1558 2557 1609 Jes.
2630 1559 2743 1609 Tuoe

538 1608 691 1662 abest
713 1626 744 1660 a
765 1612 1025 1663 veteribus
1048 1614 1386 1677 editionibus,
1410 1624 1465 1668 et
1501 1632 1531 1666 a
1572 1618 1836 1670 Gronovio
1875 1626 1932 1671 et
1964 1622 2284 1687 Ryckio.--—3
2318 1621 2533 1672 Amicus
2558 1623 2606 1671 R
2643 1623 2744 1672 ckii

536 1675 716 1750 mallet
735 1678 1037 1727 θάησαί-4
1071 1680 1154 1730 Sic
1178 1680 1310 1731 beue
1336 1682 1629 1733 Gronovius
1655 1699 1685 1733 e
1710 1685 1814 1734 Ms.
1840 1687 1981 1737 Flor.
2047 1688 2112 1737 In
2153 1688 2255 1737 Ms.
2289 1687 2424 1750 Reg.
2464 1694 2521 1736 et
2558 1702 2590 1736 e
2631 1688 2743 1738 'tio-

537 1738 689 1789 nibus
728 1743 1007 1807 veteribus,
1045 1758 1071 1792 e
1108 1745 1292 1811 quibus.
1358 1747 1422 1797 In
1459 1750 1585 1798 Mss.
1625 1748 1777 1798 Harl.
1812 1751 2096 1806 Bodl.Jes.
2133 1768 2165 1801 a
2200 1752 2383 1816 quibus.
2448 1751 2744 1803 Brotier.—

1529 1898 1576 1946 N
1586 1898 1743 1947 01·AE

534 1977 681 2031 fecta
717 1982 836 2031 est?
918 1985 1019 2035 Sed
1067 1988 1159 2038 has
1208 1991 1452 2042 minutias
1494 2008 1597 2044 non
1677 1995 1769 2046 bus
1792 1997 1977 2051 studiis
1996 1997 2195 2060 Seneca
2227 2001 2378 2061 pater
2414 1994 2667 2045 Controv·
2703 1994 2740 2044 l·

535 2055 720 2105 stricte
751 2060 1024 2123 exequitur
1045 2064 1276 2128 Tacitus,
1309 2070 1598 2130 praesertim
1676 2085 1757 2122 lx.
1782 2072 1999 2124 Praefat.
2031 2075 2047 2102 ‘
2075 2074 2205 2124 Cum
2227 2078 2435 2121 ventum
2459 2077 2544 2119 est
2577 2070 2630 2118 in
2667 2068 2741 2121 fo·

535 2130 592 2180 in
626 2132 943 2193 orationibus
962 2152 975 2184 ε
1024 2152 1184 2201 quare
1206 2149 1415 2192 maneat
1437 2145 1598 2208 scrip·
1674 2161 1803 2209 rum,
1824 2156 1879 2198 et
1902 2148 2053 2199 desiit
2074 2148 2189 2197 illos
2211 2147 2275 2196 ad
2299 2161 2501 2196 omnem
2536 2152 2738 2210 gestum

534 2205 679 2270 sisse,
697 2212 879 2258 atam.
949 2212 1031 2262 Sic
1053 2221 1108 2263 et
1143 2214 1276 2266 infra
1295 2223 1378 2270 55.
1409 2221 1426 2247 ‘
1448 2219 1594 2271 Avus
1647 2224 1886 2287 plausus
1923 2225 2184 2289 excipere,
2216 2230 2307 2273 aut
2341 2221 2614 2286 deficiunt,
2649 2228 2741 2272 aut

533 2295 680 2332 meus
728 2283 1025 2349 Augustus‚'
1079 2291 1166 2355 qui
1219 2301 1363 2344 certe
1416 2296 1594 2360 quinto
1671 2298 1868 2350 labant.
1932 2299 2121 2363 Adjice
2160 2313 2315 2361 nunc,
2345 2297 2484 2362 quod
2523 2296 2591 2348 ab
2626 2299 2739 2349 allis

533 2357 717 2422 gradu,
739 2368 792 2409 et
812 2361 984 2412 abavus
1004 2365 1107 2415 dici
1129 2366 1324 2420 debuit.

600 2441 625 2467 ⁰
687 2436 922 2502 Agrippae
977 2442 1290 2508 Mitylenen-se
1339 2450 1595 2515 secretum]

533 2512 643 2563 Dio
662 2514 737 2563 sic
760 2530 868 2564 rem
891 2526 1071 2569 narrat
1094 2521 1124 2570 l.
1146 2534 1263 2572 Lm.
1292 2524 1308 2551 ‘
1328 2524 1595 2589 Augustus

534 2587 760 2640 allevato
778 2607 1012 2657 corpore,
1031 2611 1148 2645 cum
1167 2598 1503 2665 intelligeret,
1518 2604 1596 2653 his

534 2665 604 2732 de
626 2668 789 2717 causis
812 2670 1135 2734 Marcellum,
1169 2674 1480 2726 simultatem
1504 2680 1596 2728 ali·

534 2755 687 2812 quam
740 2752 924 2795 contra
968 2747 1254 2812 Agrippam
1295 2754 1599 2818 suscepisse,

533 2831 602 2876 ne
624 2818 666 2867 si
687 2834 788 2868 uno
821 2821 871 2868 in
905 2821 1019 2872 loco
1037 2826 1362 2889 mansissent,
1384 2827 1596 2886 offense

533 2892 780 2944 intereos
817 2910 878 2945 ac
914 2901 1277 2952 contentiones
1310 2905 1598 2957 intercede-

532 2975 673 3032 rent,
706 2969 990 3035 Agrippam
1029 2975 1271 3025 contiuuo
1308 2978 1361 3027 iu
1393 2981 1596 3043 Syriam

533 3043 847 3098 amandavit.
910 3046 1142 3113 Agrippa
1164 3052 1293 3101 urbe
1324 3054 1594 3117 profectus

490 3117 497 3124 '
530 3117 587 3172 iu
625 3119 824 3183 Syriam
865 3135 967 3171 non
1012 3128 1258 3191 perrexit,
1299 3130 1389 3179 sed
1427 3133 1593 3184 adbuc

531 3192 715 3258 majori
755 3210 875 3246 usus
916 3191 1283 3268 moderatione,
1321 3220 1382 3255 eo
1426 3209 1593 3259 missis

529 3267 719 3334 legatis
765 3272 886 3336 sui-⁸,
922 3272 1031 3341 ipse
1071 3277 1231 3336 Lesbi
1273 3285 1591 3344 permansit!

531 3344 607 3395 At
624 3347 777 3397 Lesbi
802 3351 1065 3415 praecipua
1098 3356 1282 3407 civitas
1315 3360 1594 3428 Mitylene,

528 3421 649 3473 hinc
672 3425 986 3490 mitylenem
1005 3437 1251 3484 secretum.

537 3520 543 3536 =
594 3499 932 3569 Mitylenme]
966 3505 1097 3557 Vide
1119 3518 1270 3561 notas
1293 3512 1327 3565 1.
1345 3521 1419 3564 vr.
1443 3529 1488 3565 c.
1509 3521 1590 3569 18.

514 3572 779 3626 wiennam

590 3655 620 3692 Ρ
687 3654 1089 3726 Μιιηιζήοεπέἰω]
1130 3663 1269 3715 Quid
1323 3666 1589 3735 adbibere,

527 3725 657 3791 quid
673 3727 860 3781 afferre
899 3736 1046 3797 potui
1083 3739 1445 3792 munificentiae
1481 3751 1586 3795 tuae

526 3800 874 3870 impellendae,
892 3811 1014 3875 quid
1036 3812 1317 3867 incitandae
1340 3819 1394 3867 in
1417 3834 1499 3871 me
1528 3822 1589 3871 li·

526 3875 795 3931 beralitati
818 3887 955 3934 tum?

591 3959 616 3995 ‘¹
670 3955 931 4034 Aethione]
995 3963 1288 4032 Utrumque
1345 3968 1590 4035 importat

505 4028 765 4091 ‚adhibet-e,
808 4041 863 4084 et
900 4037 1159 4103 redhibere,
1191 4041 1378 4095 afferre
1418 4055 1473 4098 et
1505 4064 1585 4098 re-

522 4100 688 4169 ferre,
716 4114 778 4159 et
815 4119 1093 4180 utrumque
1113 4121 1359 4182 praestitit
1383 4124 1585 4187 Neroni

523 4177 743 4235 Seneca.

588 4260 611 4292 '
639 4256 813 4322 Studia
831 4263 884 4314 is
901 4266 1065 4319 umbra
1086 4271 1303 4338 cama]
1361 4276 1448 4328 De
1471 4277 1586 4327 tan-

1674 2376 1861 2426 nullius
1879 2377 2176 2427 interventu
2199 2375 2478 2435 excutitur,
2497 2389 2655 2429 nemo
2675 2390 2741 2425 ex

1675 2451 1927 2502 industria
1948 2451 2280 2519 obloquitur;
2311 2448 2592 2500 familiares
2620 2456 2744 2501 sunt

1676 2529 1898 2577 omnium
1937 2530 2124 2578 vultus.
2221 2525 2285 2577 In
2327 2526 2461 2590 foro,
2501 2534 2563 2577 ut
2612 2528 2742 2577 nibil

1674 2603 1832 2666 aliud,
1854 2603 2021 2669 ipsum
2042 2604 2156 2653 illos
2177 2602 2343 2653 forum
2367 2602 2562 2651 turbat.
2621 2603 2741 2653 Hoc

1676 2678 1815 2743 quod
1840 2680 1993 2742 vulgo
2016 2685 2275 2743 narratur,
2294 2692 2357 2730 an
2376 2692 2556 2726 verum
2577 2678 2665 2741 sit,
2682 2682 2741 2736 ts

1675 2754 1856 2804 melius
1909 2764 2064 2819 potes
2116 2753 2285 2806 scire:
2350 2753 2741 2805 declamatoriae

1676 2830 1887 2882 virtutis
1929 2831 2209 2881 Latronem
2247 2829 2489 2879 Porcium
2525 2828 2741 2880 unicum

1674 2907 1968 2970 exemplum
1992 2921 2110 2958 cum
2143 2921 2240 2971 pro
2272 2919 2362 2954 reo
2393 2904 2448 2956 in
2481 2905 2743 2969 Hispania

1673 2980 1896 3034 Rustico
1931 2982 2123 3032 Porcio
2145 2982 2455 3045 'propinquo
2479 2995 2574 3029 suo
2598 2982 2739 3031 dice·

1674 3064 1775 3117 ret,
1795 3073 1955 3123 usque
1978 3073 2042 3108 eo
2075 3073 2188 3107 esse
2216 3055 2500 3125 confusum,
2519 3062 2582 3124 ut
2604 3072 2636 3106 a
2659 3072 2738 3107 so·

1672 3133 1898 3184 loecismo
1917 3133 2202 3197 inciperetz
2236 3146 2334 3181 nec
2356 3137 2478 3180 ante
2501 3132 2738 3195 potuisse

1672 3208 1981 3274 confirmari,
2012 3215 2210 3259 tectum
2245 3222 2307 3257 ac
2346 3206 2576 3271 parietes
2606 3208 2737 3257 desi·

1670 3283 1955 3348 derantem,
1978 3299 2129 3348 quam
2154 3282 2467 3346 impetravit,
2499 3289 2562 3352 ut
2592 3283 2734 3347 judi·

1671 3360 1805 3409 cium
1830 3374 1895 3409 ex
1921 3357 2033 3408 foro
2067 3359 2118 3407 in
2142 3358 2402 3408 basilicam
2427 3353 2734 3410 transferre·

1672 3442 1772 3487 tur.
1837 3436 2014 3500 Usque
2036 3448 2099 3483 eo
2115 3434 2340 3497 ingenia,
2359 3438 2416 3483 ut
2437 3433 2490 3482 iu
2509 3435 2734 3484 scholas-

1669 3513 1788 3562 ticis
1824 3509 2284 3564 exercitationibus
2321 3512 2543 3562 delicate
2570 3513 2733 3563 untri-

1668 3599 1847 3654 untur,
1887 3592 2181 3652 clamorem,
2223 3589 2498 3651 silentium,
2550 3589 2731 3652 risum,

1667 3668 1852 3716 coelum
1876 3666 2095 3731 denique
2114 3667 2224 3730 pati
2247 3664 2515 3714 nesciant!

1739 3741 1942 3805 Umbra]
2007 3743 2116 3791 Per
2134 3742 2363 3805 umbram,
2392 3740 2620 3791 scholam
2642 3741 2731 3790 de·

1667 3819 2003 3868 clamatorum
2031 3819 2298 3883 iutelligit.
2364 3819 2581 3868 Petron.
2598 3816 2727 3868 Arb-

1665 3895 1682 3924 ⁴
1707 3895 1949 3945 Nondum
1971 3894 2285 3945 umbraticus
2307 3894 2490 3944 doctor
2519 3893 2731 3958 ingenia

1665 3969 1934 4022 deleverat
1954 3972 1987 4020 ι’
2015 3971 2071 4020 id
2095 3976 2193 4033 est,
2209 3969 2563 4020 scholasticus.

1730 4047 1931 4097 Seneca
1950 4047 2002 4096 in
2026 4046 2273 4112 prooemio
2297 4046 2543 4095 Contrmr.
2581 4046 2618 4095 l.
2643 4058 2729 4096 ιιι.

1663 4123 1681 4153 ‘
1702 4123 1838 4173 Istos
1856 4123 2232 4173 declamatores
2266 4122 2464 4186 produc
2488 4135 2519 4169 e
2541 4127 2727 4171 senatu

1663 4198 1717 4249 in
1740 4198 1929 4262 forum,
1964 4213 2082 4249 cum
2111 4198 2227 4248 loco
2248 4196 2600 4260 mutabuntur,
2622 4196 2724 4245 vel·

1663 4283 1724 4325 ut
1744 4274 1799 4326 iu
1816 4280 2026 4326 ”sueta
2038 4274 2219 4340 classe,
2236 4279 2291 4323 et
2302 4272 2512 4323 delecta
2521 4270 2724 4335 umbra,
