<?xml version="1.0" encoding="UTF-8"?>
<!DOCTYPE html PUBLIC "-//W3C//DTD XHTML 1.0 Transitional//EN"
    "http://www.w3.org/TR/xhtml1/DTD/xhtml1-transitional.dtd">
<html xmlns="http://www.w3.org/1999/xhtml" xml:lang="en" lang="en">
 <head>
  <title>
</title>
<meta http-equiv="Content-Type" content="text/html;charset=utf-8" />
  <meta name='ocr-system' content='tesseract 3.04.00' />
  <meta name='ocr-capabilities' content='ocr_page ocr_carea ocr_par ocr_line ocrx_word'/>
</head>
<body>
  <div class='ocr_page' id='page_1' title='image "./operaomniavolum00tacigoog/operaomniavolum00tacigoog_0468.png"; bbox 0 0 3063 4952; ppageno 0'>
   <div class='ocr_carea' id='block_1_1' title="bbox 527 435 702 506">
    <p class='ocr_par' dir='ltr' id='par_1_1' title="bbox 527 435 702 506">
     <span class='ocr_line' id='line_1_1' title="bbox 527 435 702 506; baseline 0.006 -1"><span class='ocrx_word' id='word_1_1' title='bbox 527 435 702 506; x_wconf 82' lang='lat'>1844</span> 
     </span>
    </p>
   </div>
   <div class='ocr_carea' id='block_1_2' title="bbox 526 582 2758 1294">
    <p class='ocr_par' dir='ltr' id='par_1_2' title="bbox 526 582 2758 1294">
     <span class='ocr_line' id='line_1_2' title="bbox 529 582 2755 673; baseline -0.006 -14"><span class='ocrx_word' id='word_1_2' title='bbox 529 594 708 673; x_wconf 80' lang='lat' dir='ltr'><strong>silio,</strong></span> <span class='ocrx_word' id='word_1_3' title='bbox 732 591 874 658; x_wconf 86' lang='lat' dir='ltr'><strong>sed³</strong></span> <span class='ocrx_word' id='word_1_4' title='bbox 900 590 971 657; x_wconf 90' lang='lat' dir='ltr'><strong>vi</strong></span> <span class='ocrx_word' id='word_1_5' title='bbox 999 609 1083 655; x_wconf 89' lang='lat' dir='ltr'><strong>ac</strong></span> <span class='ocrx_word' id='word_1_6' title='bbox 1102 589 1308 654; x_wconf 85' lang='lat' dir='ltr'><strong>minis</strong></span> <span class='ocrx_word' id='word_1_7' title='bbox 1339 582 1573 654; x_wconf 86' lang='lat' dir='ltr'><strong>alares¹</strong></span> <span class='ocrx_word' id='word_1_8' title='bbox 1597 585 1928 663; x_wconf 83' lang='lat' dir='ltr'><strong>exterruit,</strong></span> <span class='ocrx_word' id='word_1_9' title='bbox 1949 582 2394 666; x_wconf 72' lang='lat' dir='ltr'><strong>legionarios¹¹¹</strong></span> <span class='ocrx_word' id='word_1_10' title='bbox 2422 584 2755 662; x_wconf 84' lang='lat' dir='ltr'><strong>obtrivit,¹²</strong></span> 
     </span>
     <span class='ocr_line' id='line_1_3' title="bbox 528 687 2752 772; baseline -0.005 -10"><span class='ocrx_word' id='word_1_11' title='bbox 528 717 659 762; x_wconf 89' lang='lat' dir='ltr'><strong>uno</strong></span> <span class='ocrx_word' id='word_1_12' title='bbox 690 702 939 762; x_wconf 89' lang='lat' dir='ltr'><strong>tautum</strong></span> <span class='ocrx_word' id='word_1_13' title='bbox 967 693 1383 769; x_wconf 77' lang='lat' dir='ltr'><strong>centurione,</strong></span> <span class='ocrx_word' id='word_1_14' title='bbox 1413 689 1764 772; x_wconf 85' lang='lat' dir='ltr'><strong>Tarquitio</strong></span> <span class='ocrx_word' id='word_1_15' title='bbox 1795 687 2175 765; x_wconf 83' lang='lat' dir='ltr'><strong>Crescente,</strong></span> <span class='ocrx_word' id='word_1_16' title='bbox 2226 687 2479 765; x_wconf 90' lang='lat' dir='ltr'><strong>turrim,</strong></span> <span class='ocrx_word' id='word_1_17' title='bbox 2510 688 2576 750; x_wconf 92' lang='lat' dir='ltr'><strong>in</strong></span> <span class='ocrx_word' id='word_1_18' title='bbox 2605 705 2752 768; x_wconf 88' lang='lat' dir='ltr'><strong>qua</strong></span> 
     </span>
     <span class='ocr_line' id='line_1_4' title="bbox 526 791 2752 891; baseline -0.007 -26"><span class='ocrx_word' id='word_1_19' title='bbox 526 800 915 891; x_wconf 68' lang='lat' dir='ltr'><strong>praesidium</strong></span> <span class='ocrx_word' id='word_1_20' title='bbox 962 798 1277 882; x_wconf 83' lang='lat' dir='ltr'><strong>agitabat,</strong></span> <span class='ocrx_word' id='word_1_21' title='bbox 1329 794 1680 860; x_wconf 86' lang='lat' dir='ltr'><strong>defendere</strong></span> <span class='ocrx_word' id='word_1_22' title='bbox 1737 811 1930 867; x_wconf 88' lang='lat' dir='ltr'><strong>auso,</strong></span> <span class='ocrx_word' id='word_1_23' title='bbox 1981 791 2196 855; x_wconf 70' lang='lat' dir='ltr'><strong>facta*</strong></span> <span class='ocrx_word' id='word_1_24' title='bbox 2244 791 2499 873; x_wconf 84' lang='lat' dir='ltr'><strong>saepius</strong></span> <span class='ocrx_word' id='word_1_25' title='bbox 2547 808 2752 872; x_wconf 91' lang='lat' dir='ltr'><strong>erup-</strong></span> 
     </span>
     <span class='ocr_line' id='line_1_5' title="bbox 528 892 2753 984; baseline -0.007 -15"><span class='ocrx_word' id='word_1_26' title='bbox 528 904 733 980; x_wconf 83' lang='lat' dir='ltr'><strong>tione,</strong></span> <span class='ocrx_word' id='word_1_27' title='bbox 778 908 847 967; x_wconf 89' lang='lat' dir='ltr'><strong>et</strong></span> <span class='ocrx_word' id='word_1_28' title='bbox 891 902 1114 980; x_wconf 70' lang='lat' dir='ltr'><strong>caesia,</strong></span> <span class='ocrx_word' id='word_1_29' title='bbox 1162 900 1278 984; x_wconf 90' lang='lat' dir='ltr'><strong>qui</strong></span> <span class='ocrx_word' id='word_1_30' title='bbox 1321 898 1745 962; x_wconf 88' lang='lat' dir='ltr'><strong>barbarorum</strong></span> <span class='ocrx_word' id='word_1_31' title='bbox 1788 894 2063 980; x_wconf 87' lang='lat' dir='ltr'><strong>propius</strong></span> <span class='ocrx_word' id='word_1_32' title='bbox 2108 892 2753 976; x_wconf 82' lang='lat' dir='ltr'><strong>suggrediebautur,5</strong></span> 
     </span>
     <span class='ocr_line' id='line_1_6' title="bbox 529 994 2753 1088; baseline -0.008 -16"><span class='ocrx_word' id='word_1_33' title='bbox 529 1006 744 1072; x_wconf 89' lang='lat' dir='ltr'><strong>donec</strong></span> <span class='ocrx_word' id='word_1_34' title='bbox 772 1005 1022 1087; x_wconf 82' lang='lat' dir='ltr'><strong>ignium</strong></span> <span class='ocrx_word' id='word_1_35' title='bbox 1041 1002 1234 1088; x_wconf 82' lang='lat' dir='ltr'><strong>jactu</strong></span> <span class='ocrx_word' id='word_1_36' title='bbox 1263 999 1837 1066; x_wconf 86' lang='lat' dir='ltr'><strong>circumveniretur</strong></span> <span class='ocrx_word' id='word_1_37' title='bbox 1853 995 1902 1063; x_wconf 86' lang='lat'><strong>:⁶</strong></span> <span class='ocrx_word' id='word_1_38' title='bbox 1947 997 2274 1082; x_wconf 82' lang='lat' dir='ltr'><strong>peditum⁰</strong></span> <span class='ocrx_word' id='word_1_39' title='bbox 2306 998 2364 1060; x_wconf 86' lang='lat' dir='ltr'><strong>si</strong></span> <span class='ocrx_word' id='word_1_40' title='bbox 2394 997 2545 1078; x_wconf 89' lang='lat' dir='ltr'><strong>quis</strong></span> <span class='ocrx_word' id='word_1_41' title='bbox 2571 994 2753 1056; x_wconf 90' lang='lat' dir='ltr'><strong>inte-.-</strong></span> 
     </span>
     <span class='ocr_line' id='line_1_7' title="bbox 532 1099 2749 1194; baseline -0.008 -19"><span class='ocrx_word' id='word_1_42' title='bbox 532 1130 673 1194; x_wconf 86' lang='lat' dir='ltr'><strong>ger,</strong></span> <span class='ocrx_word' id='word_1_43' title='bbox 728 1108 1116 1193; x_wconf 85' lang='lat' dir='ltr'><strong>longinqua⁷</strong></span> <span class='ocrx_word' id='word_1_44' title='bbox 1133 1115 1162 1156; x_wconf 74' lang='grc' dir='ltr'><strong>Ρ</strong></span> <span class='ocrx_word' id='word_1_45' title='bbox 1217 1111 1286 1170; x_wconf 92' lang='lat' dir='ltr'><strong>et</strong></span> <span class='ocrx_word' id='word_1_46' title='bbox 1344 1105 1534 1186; x_wconf 81' lang='lat' dir='ltr'><strong>avia3</strong></span> <span class='ocrx_word' id='word_1_47' title='bbox 1606 1102 1955 1185; x_wconf 83' lang='lat' dir='ltr'><strong>vulnerati,</strong></span> <span class='ocrx_word' id='word_1_48' title='bbox 2015 1107 2267 1166; x_wconf 80' lang='lat' dir='ltr'><strong>castraq</strong></span> <span class='ocrx_word' id='word_1_49' title='bbox 2320 1099 2692 1182; x_wconf 87' lang='lat' dir='ltr'><strong>repetivere</strong></span> <span class='ocrx_word' id='word_1_50' title='bbox 2728 1116 2749 1159; x_wconf 90' lang='lat'>:</span> 
     </span>
     <span class='ocr_line' id='line_1_8' title="bbox 536 1202 2758 1294; baseline -0.007 -16"><span class='ocrx_word' id='word_1_51' title='bbox 536 1215 557 1249; x_wconf 84' lang='lat'>‘</span> <span class='ocrx_word' id='word_1_52' title='bbox 583 1214 886 1278; x_wconf 85' lang='lat' dir='ltr'><strong>virtutem</strong></span> <span class='ocrx_word' id='word_1_53' title='bbox 917 1210 1147 1294; x_wconf 76' lang='lat' dir='ltr'><strong>RegiS,</strong></span> <span class='ocrx_word' id='word_1_54' title='bbox 1177 1209 1527 1275; x_wconf 76' lang='lat' dir='ltr'><strong>saevitiam‘</strong></span> <span class='ocrx_word' id='word_1_55' title='bbox 1557 1212 1625 1271; x_wconf 92' lang='lat' dir='ltr'><strong>et</strong></span> <span class='ocrx_word' id='word_1_56' title='bbox 1651 1206 1890 1289; x_wconf 87' lang='lat' dir='ltr'><strong>copias</strong></span> <span class='ocrx_word' id='word_1_57' title='bbox 1913 1202 2247 1288; x_wconf 84' lang='lat' dir='ltr'><strong>gentium,&#39;</strong></span> <span class='ocrx_word' id='word_1_58' title='bbox 2274 1207 2520 1268; x_wconf 86' lang='lat' dir='ltr'><strong>cuncta</strong></span> <span class='ocrx_word' id='word_1_59' title='bbox 2542 1203 2758 1263; x_wconf 64' lang='lat' dir='ltr'><strong>metu*⁵</strong></span> 
     </span>
    </p>
   </div>
   <div class='ocr_carea' id='block_1_3' title="bbox 1220 439 2754 510">
    <p class='ocr_par' dir='ltr' id='par_1_3' title="bbox 1220 439 2754 510">
     <span class='ocr_line' id='line_1_9' title="bbox 1220 439 2754 510; baseline 0.001 -15"><span class='ocrx_word' id='word_1_60' title='bbox 1220 448 1286 495; x_wconf 79' lang='lat'><strong>0.</strong></span> <span class='ocrx_word' id='word_1_61' title='bbox 1332 441 1694 494; x_wconf 65' lang='lat' dir='ltr'><strong>commun</strong></span> <span class='ocrx_word' id='word_1_62' title='bbox 1740 439 1995 491; x_wconf 80' lang='lat' dir='ltr'><strong>TAcl&#39;rl</strong></span> <span class='ocrx_word' id='word_1_63' title='bbox 2424 443 2517 510; x_wconf 83' lang='lat' dir='ltr'><strong>[A.</strong></span> <span class='ocrx_word' id='word_1_64' title='bbox 2538 446 2754 497; x_wconf 78' lang='lat' dir='ltr'><strong>U.816·</strong></span> 
     </span>
    </p>
   </div>
   <div class='ocr_carea' id='block_1_4' title="bbox 518 1395 2762 1736">
    <p class='ocr_par' dir='ltr' id='par_1_4' title="bbox 518 1395 2762 1736">
     <span class='ocr_line' id='line_1_10' title="bbox 518 1395 2757 1481; baseline -0.01 -15"><span class='ocrx_word' id='word_1_65' title='bbox 518 1413 710 1467; x_wconf 56' lang='lat' dir='ltr'><strong>„alarios</strong></span> <span class='ocrx_word' id='word_1_66' title='bbox 723 1413 924 1481; x_wconf 84' lang='lat' dir='ltr'><strong>equites</strong></span> <span class='ocrx_word' id='word_1_67' title='bbox 940 1411 1256 1475; x_wconf 72' lang='lat' dir='ltr'><strong>proturbavit,</strong></span> <span class='ocrx_word' id='word_1_68' title='bbox 1272 1411 1456 1474; x_wconf 82' lang='lat' dir='ltr'><strong>pedites</strong></span> <span class='ocrx_word' id='word_1_69' title='bbox 1470 1408 1770 1475; x_wconf 74' lang='lat' dir='ltr'><strong>profligavit,</strong></span> <span class='ocrx_word' id='word_1_70' title='bbox 1791 1423 1881 1457; x_wconf 75' lang='lat' dir='ltr'><strong>uuo</strong></span> <span class='ocrx_word' id='word_1_71' title='bbox 1900 1405 2184 1454; x_wconf 71' lang='lat' dir='ltr'><strong>solummodo</strong></span> <span class='ocrx_word' id='word_1_72' title='bbox 2206 1401 2472 1451; x_wconf 75' lang='lat' dir='ltr'><strong>centurione</strong></span> <span class='ocrx_word' id='word_1_73' title='bbox 2494 1395 2757 1460; x_wconf 73' lang='lat' dir='ltr'><strong>Tarquitio</strong></span> 
     </span>
     <span class='ocr_line' id='line_1_11' title="bbox 538 1463 2757 1543; baseline -0.009 -13"><span class='ocrx_word' id='word_1_74' title='bbox 538 1481 785 1530; x_wconf 71' lang='lat' dir='ltr'><strong>Crescente</strong></span> <span class='ocrx_word' id='word_1_75' title='bbox 803 1493 1103 1543; x_wconf 71' lang='lat' dir='ltr'><strong>propugnare</strong></span> <span class='ocrx_word' id='word_1_76' title='bbox 1123 1492 1235 1526; x_wconf 79' lang='lat' dir='ltr'><strong>auso</strong></span> <span class='ocrx_word' id='word_1_77' title='bbox 1258 1475 1453 1539; x_wconf 76' lang='lat' dir='ltr'><strong>turrim,</strong></span> <span class='ocrx_word' id='word_1_78' title='bbox 1473 1491 1613 1540; x_wconf 80' lang='lat' dir='ltr'><strong>quam</strong></span> <span class='ocrx_word' id='word_1_79' title='bbox 1629 1473 1854 1538; x_wconf 67' lang='lat' dir='ltr'><strong>praesidio</strong></span> <span class='ocrx_word' id='word_1_80' title='bbox 1888 1470 2148 1528; x_wconf 76' lang='lat' dir='ltr'><strong>obtinebat,</strong></span> <span class='ocrx_word' id='word_1_81' title='bbox 2169 1483 2272 1517; x_wconf 81' lang='lat' dir='ltr'><strong>cum</strong></span> <span class='ocrx_word' id='word_1_82' title='bbox 2305 1468 2478 1529; x_wconf 71' lang='lat' dir='ltr'><strong>saepius</strong></span> <span class='ocrx_word' id='word_1_83' title='bbox 2499 1463 2757 1524; x_wconf 75' lang='lat' dir='ltr'><strong>erupisset,</strong></span> 
     </span>
     <span class='ocr_line' id='line_1_12' title="bbox 533 1527 2759 1608; baseline -0.009 -14"><span class='ocrx_word' id='word_1_84' title='bbox 533 1546 911 1608; x_wconf 67' lang='lat' dir='ltr'><strong>succedentesque</strong></span> <span class='ocrx_word' id='word_1_85' title='bbox 943 1543 1141 1607; x_wconf 75' lang='lat' dir='ltr'><strong>propius</strong></span> <span class='ocrx_word' id='word_1_86' title='bbox 1177 1542 1332 1590; x_wconf 75' lang='lat' dir='ltr'><strong>hostes</strong></span> <span class='ocrx_word' id='word_1_87' title='bbox 1362 1540 1624 1600; x_wconf 80' lang='lat' dir='ltr'><strong>occidisset,</strong></span> <span class='ocrx_word' id='word_1_88' title='bbox 1657 1541 1801 1589; x_wconf 74' lang='lat' dir='ltr'><strong>donec</strong></span> <span class='ocrx_word' id='word_1_89' title='bbox 1838 1535 2022 1598; x_wconf 73' lang='lat' dir='ltr'><strong>injectis</strong></span> <span class='ocrx_word' id='word_1_90' title='bbox 2048 1532 2265 1598; x_wconf 77' lang='lat' dir='ltr'><strong>flammis</strong></span> <span class='ocrx_word' id='word_1_91' title='bbox 2283 1530 2671 1592; x_wconf 78' lang='lat' dir='ltr'><strong>interciperetur.-</strong></span> <span class='ocrx_word' id='word_1_92' title='bbox 2703 1527 2759 1575; x_wconf 73' lang='lat' dir='ltr'><strong>si</strong></span> 
     </span>
     <span class='ocr_line' id='line_1_13' title="bbox 535 1598 2760 1674; baseline -0.009 -14"><span class='ocrx_word' id='word_1_93' title='bbox 535 1612 639 1673; x_wconf 69' lang='lat' dir='ltr'><strong>quis</strong></span> <span class='ocrx_word' id='word_1_94' title='bbox 655 1611 870 1674; x_wconf 78' lang='lat' dir='ltr'><strong>peditum</strong></span> <span class='ocrx_word' id='word_1_95' title='bbox 890 1607 1151 1668; x_wconf 76' lang='lat' dir='ltr'><strong>incolumis,</strong></span> <span class='ocrx_word' id='word_1_96' title='bbox 1167 1608 1218 1655; x_wconf 75' lang='lat' dir='ltr'><strong>in</strong></span> <span class='ocrx_word' id='word_1_97' title='bbox 1240 1610 1417 1667; x_wconf 68' lang='lat' dir='ltr'><strong>annoto,</strong></span> <span class='ocrx_word' id='word_1_98' title='bbox 1438 1610 1485 1654; x_wconf 84' lang='lat' dir='ltr'><strong>et</strong></span> <span class='ocrx_word' id='word_1_99' title='bbox 1516 1606 1649 1655; x_wconf 75' lang='lat' dir='ltr'><strong>invia</strong></span> <span class='ocrx_word' id='word_1_100' title='bbox 1671 1606 1772 1653; x_wconf 82' lang='lat' dir='ltr'><strong>loca</strong></span> <span class='ocrx_word' id='word_1_101' title='bbox 1792 1603 2112 1659; x_wconf 80' lang='lat' dir='ltr'><strong>abscessere,</strong></span> <span class='ocrx_word' id='word_1_102' title='bbox 2129 1598 2279 1647; x_wconf 79' lang='lat' dir='ltr'><strong>saucii</strong></span> <span class='ocrx_word' id='word_1_103' title='bbox 2307 1598 2358 1645; x_wconf 79' lang='lat' dir='ltr'><strong>in</strong></span> <span class='ocrx_word' id='word_1_104' title='bbox 2379 1600 2535 1644; x_wconf 82' lang='lat' dir='ltr'><strong>castra</strong></span> <span class='ocrx_word' id='word_1_105' title='bbox 2565 1607 2760 1641; x_wconf 80' lang='lat' dir='ltr'><strong>remea-</strong></span> 
     </span>
     <span class='ocr_line' id='line_1_14' title="bbox 534 1658 2762 1736; baseline -0.009 -11"><span class='ocrx_word' id='word_1_106' title='bbox 534 1690 666 1725; x_wconf 69' lang='lat' dir='ltr'><strong>vere.-</strong></span> <span class='ocrx_word' id='word_1_107' title='bbox 701 1673 1062 1730; x_wconf 78' lang='lat' dir='ltr'><strong>fortitudinem</strong></span> <span class='ocrx_word' id='word_1_108' title='bbox 1101 1672 1257 1736; x_wconf 78' lang='lat' dir='ltr'><strong>regis,</strong></span> <span class='ocrx_word' id='word_1_109' title='bbox 1290 1670 1666 1720; x_wconf 81' lang='lat' dir='ltr'><strong>immanitatem</strong></span> <span class='ocrx_word' id='word_1_110' title='bbox 1708 1676 1761 1718; x_wconf 87' lang='lat' dir='ltr'><strong>et</strong></span> <span class='ocrx_word' id='word_1_111' title='bbox 1799 1667 1936 1718; x_wconf 88' lang='lat' dir='ltr'><strong>vires</strong></span> <span class='ocrx_word' id='word_1_112' title='bbox 1974 1665 2261 1727; x_wconf 90' lang='lat' dir='ltr'><strong>nationum,</strong></span> <span class='ocrx_word' id='word_1_113' title='bbox 2294 1661 2452 1710; x_wconf 75' lang='lat' dir='ltr'><strong>omnia</strong></span> <span class='ocrx_word' id='word_1_114' title='bbox 2484 1672 2658 1724; x_wconf 78' lang='lat' dir='ltr'><strong>pacm-e</strong></span> <span class='ocrx_word' id='word_1_115' title='bbox 2696 1658 2762 1706; x_wconf 77' lang='lat' dir='ltr'><strong>in</strong></span> 
     </span>
    </p>
   </div>
   <div class='ocr_carea' id='block_1_5' title="bbox 1453 1815 1810 1842">
    <p class='ocr_par' dir='ltr' id='par_1_5' title="bbox 1453 1815 1810 1842">
     <span class='ocr_line' id='line_1_15' title="bbox 1453 1815 1810 1842; baseline -0.017 0"><span class='ocrx_word' id='word_1_116' title='bbox 1453 1819 1686 1842; x_wconf 56' lang='lat' dir='ltr'><strong>‘neceto</strong></span> <span class='ocrx_word' id='word_1_117' title='bbox 1695 1818 1778 1837; x_wconf 60' lang='grc' dir='ltr'><strong>ΝΟ</strong></span> <span class='ocrx_word' id='word_1_118' title='bbox 1791 1815 1810 1829; x_wconf 70' lang='grc'><em>·</em></span> 
     </span>
    </p>
   </div>
   <div class='ocr_carea' id='block_1_6' title="bbox 535 1864 2760 1976">
    <p class='ocr_par' dir='ltr' id='par_1_6' title="bbox 535 1864 2760 1976">
     <span class='ocr_line' id='line_1_16' title="bbox 535 1864 2760 1976; baseline -0.009 -15"><span class='ocrx_word' id='word_1_119' title='bbox 535 1915 569 1961; x_wconf 76' lang='grc'><strong>4</strong></span> <span class='ocrx_word' id='word_1_120' title='bbox 590 1911 827 1976; x_wconf 78' lang='lat' dir='ltr'><strong>Factaque</strong></span> <span class='ocrx_word' id='word_1_121' title='bbox 850 1911 1167 1974; x_wconf 83' lang='lat' dir='ltr'><strong>Gronovius,</strong></span> <span class='ocrx_word' id='word_1_122' title='bbox 1188 1917 1246 1960; x_wconf 90' lang='lat' dir='ltr'><strong>et</strong></span> <span class='ocrx_word' id='word_1_123' title='bbox 1265 1908 1490 1960; x_wconf 85' lang='lat' dir='ltr'><strong>Brotier.</strong></span> <span class='ocrx_word' id='word_1_124' title='bbox 1513 1923 1631 1958; x_wconf 88' lang='lat' dir='ltr'><strong>cum</strong></span> <span class='ocrx_word' id='word_1_125' title='bbox 1657 1906 1902 1955; x_wconf 68' lang='lat' dir='ltr'><strong>Romen:</strong></span> <span class='ocrx_word' id='word_1_126' title='bbox 1930 1910 1987 1953; x_wconf 90' lang='lat' dir='ltr'><strong>et</strong></span> <span class='ocrx_word' id='word_1_127' title='bbox 2007 1864 2084 1951; x_wconf 55' lang='lat' dir='ltr'><strong>ita</strong></span> <span class='ocrx_word' id='word_1_128' title='bbox 2100 1899 2231 1950; x_wconf 89' lang='lat' dir='ltr'><strong>Mss.</strong></span> <span class='ocrx_word' id='word_1_129' title='bbox 2258 1899 2398 1948; x_wconf 85' lang='lat' dir='ltr'><strong>Flor.</strong></span> <span class='ocrx_word' id='word_1_130' title='bbox 2426 1895 2575 1945; x_wconf 87' lang='lat' dir='ltr'><strong>Harl.</strong></span> <span class='ocrx_word' id='word_1_131' title='bbox 2592 1892 2760 1942; x_wconf 90' lang='lat' dir='ltr'><strong>Bodl.</strong></span> 
     </span>
    </p>
   </div>
   <div class='ocr_carea' id='block_1_7' title="bbox 539 1959 2762 2104">
    <p class='ocr_par' dir='ltr' id='par_1_7' title="bbox 539 1959 2762 2104">
     <span class='ocr_line' id='line_1_17' title="bbox 539 1959 2759 2040; baseline -0.009 -12"><span class='ocrx_word' id='word_1_132' title='bbox 539 1976 655 2028; x_wconf 83' lang='lat' dir='ltr'><strong>Jes.</strong></span> <span class='ocrx_word' id='word_1_133' title='bbox 679 1977 834 2027; x_wconf 87' lang='lat' dir='ltr'><strong>Corb.</strong></span> <span class='ocrx_word' id='word_1_134' title='bbox 858 1976 1022 2026; x_wconf 86' lang='lat' dir='ltr'><strong>editio</strong></span> <span class='ocrx_word' id='word_1_135' title='bbox 1042 1977 1299 2040; x_wconf 89' lang='lat' dir='ltr'><strong>princeps,</strong></span> <span class='ocrx_word' id='word_1_136' title='bbox 1314 1976 1530 2039; x_wconf 82' lang='lat' dir='ltr'><strong>aliaeque</strong></span> <span class='ocrx_word' id='word_1_137' title='bbox 1555 1972 1807 2036; x_wconf 72' lang='lat' dir='ltr'><strong>plurimae.</strong></span> <span class='ocrx_word' id='word_1_138' title='bbox 1855 1969 2177 2019; x_wconf 84' lang='lat' dir='ltr'><strong>Puteolanus</strong></span> <span class='ocrx_word' id='word_1_139' title='bbox 2199 1964 2392 2022; x_wconf 86' lang='lat' dir='ltr'><strong>omisit,</strong></span> <span class='ocrx_word' id='word_1_140' title='bbox 2414 1965 2620 2025; x_wconf 63' lang='lat' dir='ltr'><strong>qua—5</strong></span> <span class='ocrx_word' id='word_1_141' title='bbox 2646 1959 2759 2008; x_wconf 89' lang='lat' dir='ltr'><strong>Ms.</strong></span> 
     </span>
     <span class='ocr_line' id='line_1_18' title="bbox 541 2024 2762 2104; baseline -0.009 -11"><span class='ocrx_word' id='word_1_142' title='bbox 541 2041 697 2095; x_wconf 74' lang='lat' dir='ltr'><strong>Cotb.</strong></span> <span class='ocrx_word' id='word_1_143' title='bbox 737 2040 1275 2104; x_wconf 69' lang='lat' dir='ltr'><strong>subgrediebnntur.-6</strong></span> <span class='ocrx_word' id='word_1_144' title='bbox 1308 2041 1438 2092; x_wconf 79' lang='lat' dir='ltr'><strong>Mss.</strong></span> <span class='ocrx_word' id='word_1_145' title='bbox 1476 2039 1626 2089; x_wconf 83' lang='lat' dir='ltr'><strong>Harl.</strong></span> <span class='ocrx_word' id='word_1_146' title='bbox 1668 2036 1822 2086; x_wconf 84' lang='lat' dir='ltr'><strong>Bodl.</strong></span> <span class='ocrx_word' id='word_1_147' title='bbox 1861 2035 1975 2087; x_wconf 85' lang='lat' dir='ltr'><strong>Jes.</strong></span> <span class='ocrx_word' id='word_1_148' title='bbox 2012 2029 2574 2082; x_wconf 56' lang='lat' dir='ltr'><strong>circummanentem—⁷</strong></span> <span class='ocrx_word' id='word_1_149' title='bbox 2609 2024 2762 2074; x_wconf 86' lang='lat' dir='ltr'><strong>Male</strong></span> 
     </span>
    </p>
   </div>
   <div class='ocr_carea' id='block_1_8' title="bbox 1542 2169 1757 2233">
    <p class='ocr_par' dir='ltr' id='par_1_8' title="bbox 1542 2169 1757 2233">
     <span class='ocr_line' id='line_1_19' title="bbox 1542 2169 1757 2233; baseline -0.009 -10"><span class='ocrx_word' id='word_1_150' title='bbox 1542 2169 1757 2233; x_wconf 71' lang='lat' dir='ltr'>NOTAE</span> 
     </span>
    </p>
   </div>
   <div class='ocr_carea' id='block_1_9' title="bbox 466 2272 1613 4417">
    <p class='ocr_par' dir='ltr' id='par_1_9' title="bbox 528 2272 1605 2805">
     <span class='ocr_line' id='line_1_20' title="bbox 602 2272 1600 2342; baseline -0.006 -16"><span class='ocrx_word' id='word_1_151' title='bbox 602 2276 775 2342; x_wconf 84' lang='lat' dir='ltr'><strong>Igitur</strong></span> <span class='ocrx_word' id='word_1_152' title='bbox 795 2277 878 2326; x_wconf 85' lang='lat' dir='ltr'><strong>hic</strong></span> <span class='ocrx_word' id='word_1_153' title='bbox 897 2292 993 2341; x_wconf 88' lang='lat' dir='ltr'><strong>per</strong></span> <span class='ocrx_word' id='word_1_154' title='bbox 1007 2277 1182 2327; x_wconf 79' lang='lat' dir='ltr'><strong>alarios</strong></span> <span class='ocrx_word' id='word_1_155' title='bbox 1202 2272 1418 2337; x_wconf 86' lang='lat' dir='ltr'><strong>intelligi</strong></span> <span class='ocrx_word' id='word_1_156' title='bbox 1443 2272 1600 2321; x_wconf 87' lang='lat' dir='ltr'><strong>indis-</strong></span> 
     </span>
     <span class='ocr_line' id='line_1_21' title="bbox 535 2349 1601 2418; baseline -0.007 -15"><span class='ocrx_word' id='word_1_157' title='bbox 535 2353 703 2403; x_wconf 86' lang='lat' dir='ltr'><strong>tincte</strong></span> <span class='ocrx_word' id='word_1_158' title='bbox 751 2352 968 2414; x_wconf 85' lang='lat' dir='ltr'><strong>debent,</strong></span> <span class='ocrx_word' id='word_1_159' title='bbox 1011 2355 1322 2418; x_wconf 84' lang='lat' dir='ltr'><strong>quicumque</strong></span> <span class='ocrx_word' id='word_1_160' title='bbox 1376 2349 1601 2414; x_wconf 81' lang='lat' dir='ltr'><strong>equites,</strong></span> 
     </span>
     <span class='ocr_line' id='line_1_22' title="bbox 539 2425 1601 2495; baseline -0.008 -16"><span class='ocrx_word' id='word_1_161' title='bbox 539 2429 647 2480; x_wconf 84' lang='lat' dir='ltr'><strong>sive</strong></span> <span class='ocrx_word' id='word_1_162' title='bbox 671 2430 935 2495; x_wconf 85' lang='lat' dir='ltr'><strong>legionarii</strong></span> <span class='ocrx_word' id='word_1_163' title='bbox 959 2437 1048 2481; x_wconf 89' lang='lat' dir='ltr'><strong>aut</strong></span> <span class='ocrx_word' id='word_1_164' title='bbox 1073 2429 1310 2491; x_wconf 83' lang='lat' dir='ltr'><strong>Romani,</strong></span> <span class='ocrx_word' id='word_1_165' title='bbox 1326 2428 1433 2476; x_wconf 88' lang='lat' dir='ltr'><strong>sive</strong></span> <span class='ocrx_word' id='word_1_166' title='bbox 1457 2425 1601 2475; x_wconf 88' lang='lat' dir='ltr'><strong>auxi·</strong></span> 
     </span>
     <span class='ocr_line' id='line_1_23' title="bbox 536 2504 1602 2558; baseline -0.006 -3"><span class='ocrx_word' id='word_1_167' title='bbox 536 2506 694 2556; x_wconf 88' lang='lat' dir='ltr'><strong>liares</strong></span> <span class='ocrx_word' id='word_1_168' title='bbox 732 2509 825 2557; x_wconf 85' lang='lat' dir='ltr'><strong>aut</strong></span> <span class='ocrx_word' id='word_1_169' title='bbox 863 2508 1118 2558; x_wconf 89' lang='lat' dir='ltr'><strong>sociorum</strong></span> <span class='ocrx_word' id='word_1_170' title='bbox 1163 2512 1353 2558; x_wconf 81' lang='lat' dir='ltr'><strong>essent.</strong></span> <span class='ocrx_word' id='word_1_171' title='bbox 1441 2504 1602 2553; x_wconf 80' lang='lat' dir='ltr'><strong>Forte</strong></span> 
     </span>
     <span class='ocr_line' id='line_1_24' title="bbox 539 2578 1605 2641; baseline -0.005 -10"><span class='ocrx_word' id='word_1_172' title='bbox 539 2582 755 2632; x_wconf 89' lang='lat' dir='ltr'><strong>totidem</strong></span> <span class='ocrx_word' id='word_1_173' title='bbox 780 2590 927 2635; x_wconf 85' lang='lat' dir='ltr'><strong>eraut</strong></span> <span class='ocrx_word' id='word_1_174' title='bbox 960 2584 1107 2634; x_wconf 79' lang='lat' dir='ltr'><strong>alarii</strong></span> <span class='ocrx_word' id='word_1_175' title='bbox 1138 2581 1376 2641; x_wconf 86' lang='lat' dir='ltr'><strong>Romani,</strong></span> <span class='ocrx_word' id='word_1_176' title='bbox 1398 2587 1453 2630; x_wconf 89' lang='lat' dir='ltr'><strong>et</strong></span> <span class='ocrx_word' id='word_1_177' title='bbox 1483 2578 1605 2628; x_wconf 89' lang='lat' dir='ltr'><strong>toti·</strong></span> 
     </span>
     <span class='ocr_line' id='line_1_25' title="bbox 528 2654 1605 2723; baseline -0.006 -16"><span class='ocrx_word' id='word_1_178' title='bbox 528 2656 658 2708; x_wconf 57' lang='lat' dir='ltr'><strong>dem</strong></span> <span class='ocrx_word' id='word_1_179' title='bbox 711 2660 1007 2723; x_wconf 75' lang='lat' dir='ltr'><strong>auxiliares,</strong></span> <span class='ocrx_word' id='word_1_180' title='bbox 1056 2658 1310 2723; x_wconf 69' lang='lat' dir='ltr'><strong>utrimque</strong></span> <span class='ocrx_word' id='word_1_181' title='bbox 1366 2654 1605 2720; x_wconf 87' lang='lat' dir='ltr'><strong>quadrin-</strong></span> 
     </span>
     <span class='ocr_line' id='line_1_26' title="bbox 539 2732 1579 2805; baseline -0.004 -20"><span class='ocrx_word' id='word_1_182' title='bbox 539 2737 704 2801; x_wconf 72' lang='lat' dir='ltr'><strong>genti,</strong></span> <span class='ocrx_word' id='word_1_183' title='bbox 723 2737 903 2805; x_wconf 75' lang='lat' dir='ltr'><strong>sicque</strong></span> <span class='ocrx_word' id='word_1_184' title='bbox 923 2737 1043 2788; x_wconf 79' lang='lat' dir='ltr'><strong>duae</strong></span> <span class='ocrx_word' id='word_1_185' title='bbox 1063 2738 1161 2787; x_wconf 81' lang='lat' dir='ltr'><strong>alae</strong></span> <span class='ocrx_word' id='word_1_186' title='bbox 1177 2735 1364 2786; x_wconf 81' lang='lat' dir='ltr'><strong>validae</strong></span> <span class='ocrx_word' id='word_1_187' title='bbox 1386 2732 1579 2783; x_wconf 82' lang='lat' dir='ltr'><strong>forent.</strong></span> 
     </span>
    </p>

    <p class='ocr_par' dir='ltr' id='par_1_10' title="bbox 539 2810 1606 2963">
     <span class='ocr_line' id='line_1_27' title="bbox 604 2810 1606 2881; baseline -0.006 -16"><span class='ocrx_word' id='word_1_188' title='bbox 604 2810 619 2846; x_wconf 83' lang='lat'><strong>¹</strong></span> <span class='ocrx_word' id='word_1_189' title='bbox 648 2816 842 2881; x_wconf 63' lang='lat' dir='ltr'><strong>Atat-en]</strong></span> <span class='ocrx_word' id='word_1_190' title='bbox 907 2811 1026 2865; x_wconf 85' lang='lat' dir='ltr'><strong>Fuit</strong></span> <span class='ocrx_word' id='word_1_191' title='bbox 1045 2815 1130 2863; x_wconf 89' lang='lat' dir='ltr'><strong>hic</strong></span> <span class='ocrx_word' id='word_1_192' title='bbox 1154 2814 1413 2879; x_wconf 70' lang='lat' dir='ltr'><strong>equitatus</strong></span> <span class='ocrx_word' id='word_1_193' title='bbox 1439 2811 1606 2861; x_wconf 87' lang='lat' dir='ltr'><strong>socio·</strong></span> 
     </span>
     <span class='ocr_line' id='line_1_28' title="bbox 539 2889 1362 2963; baseline 0 -24"><span class='ocrx_word' id='word_1_194' title='bbox 539 2903 672 2952; x_wconf 88' lang='lat' dir='ltr'><strong>rum,</strong></span> <span class='ocrx_word' id='word_1_195' title='bbox 693 2897 749 2940; x_wconf 90' lang='lat' dir='ltr'><strong>et</strong></span> <span class='ocrx_word' id='word_1_196' title='bbox 772 2889 977 2963; x_wconf 86' lang='lat' dir='ltr'><strong>quide’m</strong></span> <span class='ocrx_word' id='word_1_197' title='bbox 1003 2891 1362 2942; x_wconf 76' lang='lat' dir='ltr'><strong>validissimus.</strong></span> 
     </span>
    </p>

    <p class='ocr_par' dir='ltr' id='par_1_11' title="bbox 535 2964 1604 3115">
     <span class='ocr_line' id='line_1_29' title="bbox 602 2964 1604 3038; baseline -0.005 -19"><span class='ocrx_word' id='word_1_198' title='bbox 602 2968 800 3033; x_wconf 76' lang='lat' dir='ltr'><strong>Alares]</strong></span> <span class='ocrx_word' id='word_1_199' title='bbox 864 2969 1156 3038; x_wconf 84' lang='lat' dir='ltr'><strong>Pannonios</strong></span> <span class='ocrx_word' id='word_1_200' title='bbox 1189 2980 1397 3030; x_wconf 87' lang='lat' dir='ltr'><strong>nempe,</strong></span> <span class='ocrx_word' id='word_1_201' title='bbox 1426 2966 1516 3031; x_wconf 89' lang='lat' dir='ltr'><strong>qui</strong></span> <span class='ocrx_word' id='word_1_202' title='bbox 1548 2964 1604 3015; x_wconf 88' lang='lat' dir='ltr'><strong>in</strong></span> 
     </span>
     <span class='ocr_line' id='line_1_30' title="bbox 535 3045 1253 3115; baseline -0.003 -20"><span class='ocrx_word' id='word_1_203' title='bbox 535 3052 693 3110; x_wconf 83' lang='lat' dir='ltr'><strong>parte</strong></span> <span class='ocrx_word' id='word_1_204' title='bbox 716 3046 887 3110; x_wconf 86' lang='lat' dir='ltr'><strong>campi</strong></span> <span class='ocrx_word' id='word_1_205' title='bbox 898 3045 1062 3115; x_wconf 75' lang='lat' dir='ltr'><strong>locati</strong></span> <span class='ocrx_word' id='word_1_206' title='bbox 1083 3051 1253 3114; x_wconf 84' lang='lat' dir='ltr'><strong>erant.</strong></span> 
     </span>
    </p>

    <p class='ocr_par' dir='ltr' id='par_1_12' title="bbox 466 3118 1610 3341">
     <span class='ocr_line' id='line_1_31' title="bbox 466 3118 1605 3192; baseline -0.006 -18"><span class='ocrx_word' id='word_1_207' title='bbox 466 3185 469 3188; x_wconf 12' lang='lat' dir='ltr'>y</span> <span class='ocrx_word' id='word_1_208' title='bbox 604 3128 643 3156; x_wconf 81' lang='lat'><strong>¹¹</strong></span> <span class='ocrx_word' id='word_1_209' title='bbox 673 3122 1004 3192; x_wconf 67' lang='lat' dir='ltr'><strong>Legiouarios]</strong></span> <span class='ocrx_word' id='word_1_210' title='bbox 1038 3124 1245 3190; x_wconf 83' lang='lat' dir='ltr'><strong>Nempe</strong></span> <span class='ocrx_word' id='word_1_211' title='bbox 1264 3121 1363 3171; x_wconf 81' lang='lat' dir='ltr'><strong>tria</strong></span> <span class='ocrx_word' id='word_1_212' title='bbox 1382 3119 1476 3169; x_wconf 85' lang='lat' dir='ltr'><strong>illa</strong></span> <span class='ocrx_word' id='word_1_213' title='bbox 1496 3118 1605 3168; x_wconf 70' lang='lat' dir='ltr'><strong>mit·</strong></span> 
     </span>
     <span class='ocr_line' id='line_1_32' title="bbox 537 3195 1610 3264; baseline -0.006 -14"><span class='ocrx_word' id='word_1_214' title='bbox 537 3198 608 3250; x_wconf 69' lang='lat' dir='ltr'><strong>tia</strong></span> <span class='ocrx_word' id='word_1_215' title='bbox 643 3201 814 3252; x_wconf 77' lang='lat' dir='ltr'><strong>delecti</strong></span> <span class='ocrx_word' id='word_1_216' title='bbox 848 3200 1047 3264; x_wconf 75' lang='lat' dir='ltr'><strong>peditis,</strong></span> <span class='ocrx_word' id='word_1_217' title='bbox 1080 3215 1186 3263; x_wconf 81' lang='lat' dir='ltr'><strong>quoe</strong></span> <span class='ocrx_word' id='word_1_218' title='bbox 1221 3197 1435 3264; x_wconf 70' lang='lat' dir='ltr'><strong>proximo</strong></span> <span class='ocrx_word' id='word_1_219' title='bbox 1472 3195 1610 3245; x_wconf 77' lang='lat' dir='ltr'><strong>tauri</strong></span> 
     </span>
     <span class='ocr_line' id='line_1_33' title="bbox 520 3261 1290 3341; baseline 0.001 -17"><span class='ocrx_word' id='word_1_220' title='bbox 520 3273 650 3339; x_wconf 67' lang='lat' dir='ltr'><strong>,fugo</strong></span> <span class='ocrx_word' id='word_1_221' title='bbox 670 3274 987 3341; x_wconf 83' lang='lat' dir='ltr'><strong>imposuerat</strong></span> <span class='ocrx_word' id='word_1_222' title='bbox 1008 3264 1205 3325; x_wconf 71' lang='lat' dir='ltr'><strong>Paetus.</strong></span> <span class='ocrx_word' id='word_1_223' title='bbox 1285 3261 1290 3268; x_wconf 47' lang='lat'>⁵</span> 
     </span>
    </p>

    <p class='ocr_par' dir='ltr' id='par_1_13' title="bbox 538 3348 1611 4108">
     <span class='ocr_line' id='line_1_34' title="bbox 607 3348 1609 3418; baseline -0.006 -15"><span class='ocrx_word' id='word_1_224' title='bbox 607 3359 633 3386; x_wconf 76' lang='lat'>⁸</span> <span class='ocrx_word' id='word_1_225' title='bbox 669 3352 906 3417; x_wconf 76' lang='lat' dir='ltr'><strong>obtrivit]</strong></span> <span class='ocrx_word' id='word_1_226' title='bbox 975 3354 1041 3403; x_wconf 83' lang='lat' dir='ltr'><strong>Et</strong></span> <span class='ocrx_word' id='word_1_227' title='bbox 1062 3359 1208 3403; x_wconf 84' lang='lat' dir='ltr'><strong>certe</strong></span> <span class='ocrx_word' id='word_1_228' title='bbox 1231 3349 1357 3418; x_wconf 76' lang='lat' dir='ltr'><strong>quid</strong></span> <span class='ocrx_word' id='word_1_229' title='bbox 1375 3349 1473 3411; x_wconf 78' lang='lat' dir='ltr'><strong>tria</strong></span> <span class='ocrx_word' id='word_1_230' title='bbox 1496 3348 1609 3398; x_wconf 83' lang='lat' dir='ltr'><strong>mil-</strong></span> 
     </span>
     <span class='ocr_line' id='line_1_35' title="bbox 543 3424 1611 3492; baseline -0.003 -15"><span class='ocrx_word' id='word_1_231' title='bbox 543 3428 613 3478; x_wconf 86' lang='lat' dir='ltr'><strong>lia</strong></span> <span class='ocrx_word' id='word_1_232' title='bbox 637 3430 869 3492; x_wconf 85' lang='lat' dir='ltr'><strong>peditum</strong></span> <span class='ocrx_word' id='word_1_233' title='bbox 893 3430 1138 3479; x_wconf 86' lang='lat' dir='ltr'><strong>adversus</strong></span> <span class='ocrx_word' id='word_1_234' title='bbox 1175 3433 1374 3477; x_wconf 83' lang='lat' dir='ltr'><strong>tantam</strong></span> <span class='ocrx_word' id='word_1_235' title='bbox 1410 3424 1611 3489; x_wconf 80' lang='lat' dir='ltr'><strong>procel·</strong></span> 
     </span>
     <span class='ocr_line' id='line_1_36' title="bbox 544 3499 1611 3571; baseline -0.004 -18"><span class='ocrx_word' id='word_1_236' title='bbox 544 3503 646 3555; x_wconf 84' lang='lat' dir='ltr'><strong>lam</strong></span> <span class='ocrx_word' id='word_1_237' title='bbox 669 3505 900 3571; x_wconf 86' lang='lat' dir='ltr'><strong>equitum</strong></span> <span class='ocrx_word' id='word_1_238' title='bbox 933 3504 1286 3569; x_wconf 78' lang='lat' dir='ltr'><strong>ingruentem?</strong></span> <span class='ocrx_word' id='word_1_239' title='bbox 1320 3502 1481 3551; x_wconf 85' lang='lat' dir='ltr'><strong>Forte</strong></span> <span class='ocrx_word' id='word_1_240' title='bbox 1512 3499 1611 3551; x_wconf 88' lang='lat' dir='ltr'><strong>eti-</strong></span> 
     </span>
     <span class='ocr_line' id='line_1_37' title="bbox 544 3579 1609 3647; baseline -0.003 -16"><span class='ocrx_word' id='word_1_241' title='bbox 544 3595 626 3631; x_wconf 86' lang='lat' dir='ltr'><strong>am</strong></span> <span class='ocrx_word' id='word_1_242' title='bbox 664 3583 998 3633; x_wconf 88' lang='lat' dir='ltr'><strong>munimentis</strong></span> <span class='ocrx_word' id='word_1_243' title='bbox 1034 3596 1216 3647; x_wconf 85' lang='lat' dir='ltr'><strong>parum</strong></span> <span class='ocrx_word' id='word_1_244' title='bbox 1245 3579 1484 3639; x_wconf 83' lang='lat' dir='ltr'><strong>firmatis,</strong></span> <span class='ocrx_word' id='word_1_245' title='bbox 1519 3583 1609 3628; x_wconf 87' lang='lat' dir='ltr'><strong>aut</strong></span> 
     </span>
     <span class='ocr_line' id='line_1_38' title="bbox 545 3651 1608 3726; baseline -0.005 -18"><span class='ocrx_word' id='word_1_246' title='bbox 545 3651 722 3711; x_wconf 82' lang='lat' dir='ltr'><strong>statim</strong></span> <span class='ocrx_word' id='word_1_247' title='bbox 759 3658 896 3710; x_wconf 80' lang='lat' dir='ltr'><strong>fame</strong></span> <span class='ocrx_word' id='word_1_248' title='bbox 935 3659 1145 3726; x_wconf 72' lang='lat' dir='ltr'><strong>pressiS,</strong></span> <span class='ocrx_word' id='word_1_249' title='bbox 1164 3666 1256 3708; x_wconf 85' lang='lat' dir='ltr'><strong>aut</strong></span> <span class='ocrx_word' id='word_1_250' title='bbox 1294 3657 1477 3705; x_wconf 82' lang='lat' dir='ltr'><strong>saltem</strong></span> <span class='ocrx_word' id='word_1_251' title='bbox 1519 3668 1608 3704; x_wconf 86' lang='lat' dir='ltr'><strong>ex·</strong></span> 
     </span>
     <span class='ocr_line' id='line_1_39' title="bbox 544 3737 1608 3789; baseline -0.008 0"><span class='ocrx_word' id='word_1_252' title='bbox 544 3737 764 3789; x_wconf 82' lang='lat' dir='ltr'><strong>territis.</strong></span> <span class='ocrx_word' id='word_1_253' title='bbox 1601 3774 1608 3780; x_wconf 84' lang='lat'><strong>.</strong></span> 
     </span>
     <span class='ocr_line' id='line_1_40' title="bbox 547 3809 1606 3879; baseline -0.006 -14"><span class='ocrx_word' id='word_1_254' title='bbox 547 3831 560 3849; x_wconf 47' lang='lat'>2</span> <span class='ocrx_word' id='word_1_255' title='bbox 607 3821 635 3848; x_wconf 77' lang='lat'><em>⁰</em></span> <span class='ocrx_word' id='word_1_256' title='bbox 668 3815 916 3879; x_wconf 75' lang='lat' dir='ltr'><strong>Peditum]</strong></span> <span class='ocrx_word' id='word_1_257' title='bbox 971 3813 1214 3877; x_wconf 85' lang='lat' dir='ltr'><strong>Intellige</strong></span> <span class='ocrx_word' id='word_1_258' title='bbox 1239 3811 1516 3861; x_wconf 79' lang='lat' dir='ltr'><strong>universim</strong></span> <span class='ocrx_word' id='word_1_259' title='bbox 1540 3809 1606 3859; x_wconf 88' lang='lat' dir='ltr'><strong>de</strong></span> 
     </span>
     <span class='ocr_line' id='line_1_41' title="bbox 538 3886 1611 3955; baseline -0.006 -14"><span class='ocrx_word' id='word_1_260' title='bbox 538 3890 839 3955; x_wconf 72' lang='lat' dir='ltr'><strong>{eglonariis</strong></span> <span class='ocrx_word' id='word_1_261' title='bbox 860 3890 1115 3949; x_wconf 89' lang='lat' dir='ltr'><strong>omnibus,</strong></span> <span class='ocrx_word' id='word_1_262' title='bbox 1150 3889 1295 3955; x_wconf 87' lang='lat' dir='ltr'><strong>(nam</strong></span> <span class='ocrx_word' id='word_1_263' title='bbox 1327 3886 1611 3949; x_wconf 76' lang='lat' dir='ltr'><strong>legionarios</strong></span> 
     </span>
     <span class='ocr_line' id='line_1_42' title="bbox 545 3965 1609 4034; baseline -0.007 -15"><span class='ocrx_word' id='word_1_264' title='bbox 545 3967 790 4034; x_wconf 52' lang='lat' dir='ltr'><strong>obtrivit)</strong></span> <span class='ocrx_word' id='word_1_265' title='bbox 812 3984 910 4017; x_wconf 89' lang='lat' dir='ltr'><strong>non</strong></span> <span class='ocrx_word' id='word_1_266' title='bbox 935 3973 1135 4017; x_wconf 83' lang='lat' dir='ltr'><strong>tautum</strong></span> <span class='ocrx_word' id='word_1_267' title='bbox 1166 3967 1232 4014; x_wconf 89' lang='lat' dir='ltr'><strong>de</strong></span> <span class='ocrx_word' id='word_1_268' title='bbox 1266 3965 1345 4014; x_wconf 83' lang='lat' dir='ltr'><strong>bis</strong></span> <span class='ocrx_word' id='word_1_269' title='bbox 1367 3965 1455 4029; x_wconf 89' lang='lat' dir='ltr'><strong>qui</strong></span> <span class='ocrx_word' id='word_1_270' title='bbox 1479 3965 1609 4027; x_wconf 68' lang='lat' dir='ltr'><strong>igni·</strong></span> 
     </span>
     <span class='ocr_line' id='line_1_43' title="bbox 546 4045 1240 4108; baseline -0.003 -13"><span class='ocrx_word' id='word_1_271' title='bbox 546 4060 627 4095; x_wconf 70' lang='lat' dir='ltr'><strong>um</strong></span> <span class='ocrx_word' id='word_1_272' title='bbox 634 4045 1096 4108; x_wconf 65' lang='lat' dir='ltr'><strong>jactwcircumveati</strong></span> <span class='ocrx_word' id='word_1_273' title='bbox 1112 4047 1240 4093; x_wconf 72' lang='lat' dir='ltr'><strong>sunt.</strong></span> 
     </span>
    </p>

    <p class='ocr_par' dir='ltr' id='par_1_14' title="bbox 544 4115 1613 4417">
     <span class='ocr_line' id='line_1_44' title="bbox 614 4115 1613 4183; baseline -0.006 -12"><span class='ocrx_word' id='word_1_274' title='bbox 614 4122 840 4172; x_wconf 66' lang='lat' dir='ltr'><strong>Peditum</strong></span> <span class='ocrx_word' id='word_1_275' title='bbox 859 4122 903 4169; x_wconf 80' lang='lat' dir='ltr'><strong>si</strong></span> <span class='ocrx_word' id='word_1_276' title='bbox 925 4123 1029 4183; x_wconf 79' lang='lat' dir='ltr'><strong>quis</strong></span> <span class='ocrx_word' id='word_1_277' title='bbox 1047 4117 1254 4181; x_wconf 68' lang='lat' dir='ltr'><strong>integer]</strong></span> <span class='ocrx_word' id='word_1_278' title='bbox 1318 4116 1400 4167; x_wconf 88' lang='lat' dir='ltr'><strong>De</strong></span> <span class='ocrx_word' id='word_1_279' title='bbox 1424 4115 1613 4179; x_wconf 87' lang='lat' dir='ltr'><strong>pediti·</strong></span> 
     </span>
     <span class='ocr_line' id='line_1_45' title="bbox 544 4190 1611 4259; baseline -0.006 -13"><span class='ocrx_word' id='word_1_280' title='bbox 544 4195 647 4246; x_wconf 76' lang='lat' dir='ltr'><strong>bus</strong></span> <span class='ocrx_word' id='word_1_281' title='bbox 664 4198 936 4253; x_wconf 72' lang='lat' dir='ltr'><strong>universim</strong></span> <span class='ocrx_word' id='word_1_282' title='bbox 958 4195 1224 4259; x_wconf 80' lang='lat' dir='ltr'><strong>intelligit,</strong></span> <span class='ocrx_word' id='word_1_283' title='bbox 1240 4208 1340 4243; x_wconf 89' lang='lat' dir='ltr'><strong>non</strong></span> <span class='ocrx_word' id='word_1_284' title='bbox 1358 4193 1521 4244; x_wconf 74' lang='lat' dir='ltr'><strong>solum</strong></span> <span class='ocrx_word' id='word_1_285' title='bbox 1544 4190 1611 4240; x_wconf 85' lang='lat' dir='ltr'><strong>de</strong></span> 
     </span>
     <span class='ocr_line' id='line_1_46' title="bbox 549 4270 1610 4336; baseline -0.004 -14"><span class='ocrx_word' id='word_1_286' title='bbox 549 4272 770 4324; x_wconf 80' lang='lat' dir='ltr'><strong>obsessis</strong></span> <span class='ocrx_word' id='word_1_287' title='bbox 803 4275 855 4323; x_wconf 85' lang='lat' dir='ltr'><strong>in</strong></span> <span class='ocrx_word' id='word_1_288' title='bbox 878 4279 1024 4323; x_wconf 84' lang='lat' dir='ltr'><strong>turre</strong></span> <span class='ocrx_word' id='word_1_289' title='bbox 1045 4286 1165 4323; x_wconf 86' lang='lat' dir='ltr'><strong>cum</strong></span> <span class='ocrx_word' id='word_1_290' title='bbox 1195 4270 1467 4336; x_wconf 76' lang='lat' dir='ltr'><strong>Tarquitio</strong></span> <span class='ocrx_word' id='word_1_291' title='bbox 1488 4282 1610 4319; x_wconf 88' lang='lat' dir='ltr'><strong>cen-</strong></span> 
     </span>
     <span class='ocr_line' id='line_1_47' title="bbox 552 4345 1612 4417; baseline -0.004 -15"><span class='ocrx_word' id='word_1_292' title='bbox 552 4348 778 4402; x_wconf 82' lang='lat' dir='ltr'><strong>turione.</strong></span> <span class='ocrx_word' id='word_1_293' title='bbox 842 4348 1046 4415; x_wconf 67' lang='lat' dir='ltr'><strong>larem</strong></span> <span class='ocrx_word' id='word_1_294' title='bbox 1081 4362 1177 4417; x_wconf 78' lang='lat' dir='ltr'><strong>per</strong></span> <span class='ocrx_word' id='word_1_295' title='bbox 1212 4348 1329 4400; x_wconf 76' lang='lat' dir='ltr'><strong>avia</strong></span> <span class='ocrx_word' id='word_1_296' title='bbox 1357 4345 1612 4400; x_wconf 83' lang='lat' dir='ltr'><strong>montium</strong></span> 
     </span>
    </p>
   </div>
   <div class='ocr_carea' id='block_1_10' title="bbox 1676 2254 2788 4411">
    <p class='ocr_par' dir='ltr' id='par_1_15' title="bbox 1681 2254 2788 2554">
     <span class='ocr_line' id='line_1_48' title="bbox 1681 2254 2763 2331; baseline -0.014 -12"><span class='ocrx_word' id='word_1_297' title='bbox 1681 2282 1913 2331; x_wconf 87' lang='lat' dir='ltr'><strong>evasere,</strong></span> <span class='ocrx_word' id='word_1_298' title='bbox 1949 2265 2186 2315; x_wconf 80' lang='lat' dir='ltr'><strong>faciliora</strong></span> <span class='ocrx_word' id='word_1_299' title='bbox 2228 2259 2393 2326; x_wconf 88' lang='lat' dir='ltr'><strong>pediti</strong></span> <span class='ocrx_word' id='word_1_300' title='bbox 2435 2272 2496 2307; x_wconf 85' lang='lat' dir='ltr'><strong>ac</strong></span> <span class='ocrx_word' id='word_1_301' title='bbox 2540 2254 2763 2319; x_wconf 79' lang='lat' dir='ltr'><strong>tutiora,</strong></span> 
     </span>
     <span class='ocr_line' id='line_1_49' title="bbox 1682 2333 2768 2395; baseline -0.014 0"><span class='ocrx_word' id='word_1_302' title='bbox 1682 2347 1749 2395; x_wconf 91' lang='lat' dir='ltr'><strong>ob</strong></span> <span class='ocrx_word' id='word_1_303' title='bbox 1772 2344 2104 2394; x_wconf 86' lang='lat' dir='ltr'><strong>solitudinem</strong></span> <span class='ocrx_word' id='word_1_304' title='bbox 2129 2356 2191 2391; x_wconf 86' lang='lat' dir='ltr'><strong>ac</strong></span> <span class='ocrx_word' id='word_1_305' title='bbox 2216 2337 2578 2389; x_wconf 85' lang='lat' dir='ltr'><strong>difficultatem</strong></span> <span class='ocrx_word' id='word_1_306' title='bbox 2604 2333 2768 2383; x_wconf 87' lang='lat' dir='ltr'><strong>itine-</strong></span> 
     </span>
     <span class='ocr_line' id='line_1_50' title="bbox 1681 2410 2788 2486; baseline -0.014 -13"><span class='ocrx_word' id='word_1_307' title='bbox 1681 2438 1815 2486; x_wconf 86' lang='lat' dir='ltr'><strong>rum,</strong></span> <span class='ocrx_word' id='word_1_308' title='bbox 1835 2431 1888 2471; x_wconf 84' lang='lat' dir='ltr'><strong>et</strong></span> <span class='ocrx_word' id='word_1_309' title='bbox 1907 2421 2029 2486; x_wconf 86' lang='lat' dir='ltr'><strong>quia</strong></span> <span class='ocrx_word' id='word_1_310' title='bbox 2047 2419 2215 2467; x_wconf 87' lang='lat' dir='ltr'><strong>minus</strong></span> <span class='ocrx_word' id='word_1_311' title='bbox 2236 2412 2466 2481; x_wconf 85' lang='lat' dir='ltr'><strong>pollebat</strong></span> <span class='ocrx_word' id='word_1_312' title='bbox 2484 2410 2763 2476; x_wconf 85' lang='lat' dir='ltr'><strong>equitatus</strong></span> <span class='ocrx_word' id='word_1_313' title='bbox 2783 2444 2788 2447; x_wconf 85' lang='lat'>-</span> 
     </span>
     <span class='ocr_line' id='line_1_51' title="bbox 1681 2497 2260 2554; baseline -0.017 0"><span class='ocrx_word' id='word_1_314' title='bbox 1681 2504 1990 2554; x_wconf 82' lang='lat' dir='ltr'><strong>Parthorum</strong></span> <span class='ocrx_word' id='word_1_315' title='bbox 2013 2500 2090 2548; x_wconf 84' lang='lat' dir='ltr'><strong>his</strong></span> <span class='ocrx_word' id='word_1_316' title='bbox 2111 2497 2260 2546; x_wconf 86' lang='lat' dir='ltr'><strong>locis.</strong></span> 
     </span>
    </p>

    <p class='ocr_par' dir='ltr' id='par_1_16' title="bbox 1682 2568 2767 3013">
     <span class='ocr_line' id='line_1_52' title="bbox 1748 2568 2763 2640; baseline -0.016 -10"><span class='ocrx_word' id='word_1_317' title='bbox 1748 2586 1775 2621; x_wconf 77' lang='lat' dir='ltr'><strong>P</strong></span> <span class='ocrx_word' id='word_1_318' title='bbox 1796 2575 2103 2640; x_wconf 60' lang='lat' dir='ltr'><strong>Longinam]</strong></span> <span class='ocrx_word' id='word_1_319' title='bbox 2135 2572 2355 2635; x_wconf 88' lang='lat' dir='ltr'><strong>Supple,</strong></span> <span class='ocrx_word' id='word_1_320' title='bbox 2367 2568 2582 2633; x_wconf 80' lang='lat' dir='ltr'><strong>petivere</strong></span> <span class='ocrx_word' id='word_1_321' title='bbox 2595 2584 2617 2627; x_wconf 88' lang='lat'><strong>‚·</strong></span> <span class='ocrx_word' id='word_1_322' title='bbox 2640 2582 2763 2615; x_wconf 87' lang='lat' dir='ltr'><strong>nam</strong></span> 
     </span>
     <span class='ocr_line' id='line_1_53' title="bbox 1683 2645 2764 2721; baseline -0.014 -15"><span class='ocrx_word' id='word_1_323' title='bbox 1683 2656 1770 2706; x_wconf 89' lang='lat' dir='ltr'><strong>alii</strong></span> <span class='ocrx_word' id='word_1_324' title='bbox 1792 2656 1880 2721; x_wconf 91' lang='lat' dir='ltr'><strong>qui</strong></span> <span class='ocrx_word' id='word_1_325' title='bbox 1914 2653 2094 2713; x_wconf 78' lang='lat' dir='ltr'><strong>saucii,</strong></span> <span class='ocrx_word' id='word_1_326' title='bbox 2115 2656 2289 2701; x_wconf 83' lang='lat' dir='ltr'><strong>castra</strong></span> <span class='ocrx_word' id='word_1_327' title='bbox 2312 2656 2370 2695; x_wconf 88' lang='lat' dir='ltr'><strong>ut</strong></span> <span class='ocrx_word' id='word_1_328' title='bbox 2394 2645 2648 2710; x_wconf 87' lang='lat' dir='ltr'><strong>propiora</strong></span> <span class='ocrx_word' id='word_1_329' title='bbox 2681 2658 2764 2693; x_wconf 91' lang='lat' dir='ltr'><strong>re-</strong></span> 
     </span>
     <span class='ocr_line' id='line_1_54' title="bbox 1683 2720 2766 2798; baseline -0.013 -15"><span class='ocrx_word' id='word_1_330' title='bbox 1683 2733 1936 2798; x_wconf 83' lang='lat' dir='ltr'><strong>petivere.</strong></span> <span class='ocrx_word' id='word_1_331' title='bbox 2025 2729 2175 2779; x_wconf 86' lang='lat' dir='ltr'><strong>Idem</strong></span> <span class='ocrx_word' id='word_1_332' title='bbox 2219 2724 2436 2775; x_wconf 80' lang='lat' dir='ltr'><strong>verbum</strong></span> <span class='ocrx_word' id='word_1_333' title='bbox 2481 2721 2551 2770; x_wconf 87' lang='lat' dir='ltr'><strong>ad</strong></span> <span class='ocrx_word' id='word_1_334' title='bbox 2597 2720 2766 2769; x_wconf 87' lang='lat' dir='ltr'><strong>multa</strong></span> 
     </span>
     <span class='ocr_line' id='line_1_55' title="bbox 1682 2798 2767 2868; baseline -0.016 -8"><span class='ocrx_word' id='word_1_335' title='bbox 1682 2808 1849 2860; x_wconf 82' lang='lat' dir='ltr'><strong>refert</strong></span> <span class='ocrx_word' id='word_1_336' title='bbox 1865 2809 2023 2857; x_wconf 86' lang='lat' dir='ltr'><strong>etiam</strong></span> <span class='ocrx_word' id='word_1_337' title='bbox 2043 2806 2313 2868; x_wconf 80' lang='lat' dir='ltr'><strong>disparata</strong></span> <span class='ocrx_word' id='word_1_338' title='bbox 2332 2798 2577 2859; x_wconf 85' lang='lat' dir='ltr'><strong>Tacitus,</strong></span> <span class='ocrx_word' id='word_1_339' title='bbox 2601 2810 2767 2861; x_wconf 85' lang='lat' dir='ltr'><strong>quan-</strong></span> 
     </span>
     <span class='ocr_line' id='line_1_56' title="bbox 1684 2872 2766 2951; baseline -0.009 -15"><span class='ocrx_word' id='word_1_340' title='bbox 1684 2886 1856 2951; x_wconf 87' lang='lat' dir='ltr'><strong>doque</strong></span> <span class='ocrx_word' id='word_1_341' title='bbox 1896 2883 2104 2934; x_wconf 86' lang='lat' dir='ltr'><strong>diverso</strong></span> <span class='ocrx_word' id='word_1_342' title='bbox 2144 2894 2317 2941; x_wconf 86' lang='lat' dir='ltr'><strong>sensu,</strong></span> <span class='ocrx_word' id='word_1_343' title='bbox 2337 2876 2430 2926; x_wconf 88' lang='lat' dir='ltr'><strong>sed</strong></span> <span class='ocrx_word' id='word_1_344' title='bbox 2469 2872 2766 2926; x_wconf 86' lang='lat' dir='ltr'><strong>secundum</strong></span> 
     </span>
     <span class='ocr_line' id='line_1_57' title="bbox 1685 2943 2608 3013; baseline -0.011 0"><span class='ocrx_word' id='word_1_345' title='bbox 1685 2963 1907 3013; x_wconf 85' lang='lat' dir='ltr'><strong>diversa.</strong></span> <span class='ocrx_word' id='word_1_346' title='bbox 2601 2943 2608 2950; x_wconf 61' lang='lat'><em>⁰</em></span> 
     </span>
    </p>

    <p class='ocr_par' dir='ltr' id='par_1_17' title="bbox 1685 3027 2767 3253">
     <span class='ocr_line' id='line_1_58' title="bbox 1749 3027 2767 3101; baseline -0.015 -10"><span class='ocrx_word' id='word_1_347' title='bbox 1749 3048 1776 3083; x_wconf 78' lang='lat'><strong>¹¹</strong></span> <span class='ocrx_word' id='word_1_348' title='bbox 1813 3038 2014 3101; x_wconf 77' lang='lat' dir='ltr'><strong>Castra]</strong></span> <span class='ocrx_word' id='word_1_349' title='bbox 2078 3035 2290 3097; x_wconf 85' lang='lat' dir='ltr'><strong>Nempe</strong></span> <span class='ocrx_word' id='word_1_350' title='bbox 2312 3029 2638 3096; x_wconf 70' lang='lat' dir='ltr'><strong>hybernacula</strong></span> <span class='ocrx_word' id='word_1_351' title='bbox 2659 3027 2767 3090; x_wconf 81' lang='lat' dir='ltr'><strong>illa,</strong></span> 
     </span>
     <span class='ocr_line' id='line_1_59' title="bbox 1686 3101 2764 3183; baseline -0.015 -15"><span class='ocrx_word' id='word_1_352' title='bbox 1686 3131 1804 3183; x_wconf 81' lang='lat' dir='ltr'><strong>quae</strong></span> <span class='ocrx_word' id='word_1_353' title='bbox 1862 3115 2122 3166; x_wconf 86' lang='lat' dir='ltr'><strong>munierat</strong></span> <span class='ocrx_word' id='word_1_354' title='bbox 2174 3101 2330 3161; x_wconf 82' lang='lat' dir='ltr'><strong>antea</strong></span> <span class='ocrx_word' id='word_1_355' title='bbox 2383 3108 2567 3157; x_wconf 80' lang='lat' dir='ltr'><strong>Paetus</strong></span> <span class='ocrx_word' id='word_1_356' title='bbox 2622 3103 2764 3170; x_wconf 87' lang='lat' dir='ltr'><strong>apud</strong></span> 
     </span>
     <span class='ocr_line' id='line_1_60' title="bbox 1685 3181 2630 3253; baseline -0.018 -7"><span class='ocrx_word' id='word_1_357' title='bbox 1685 3192 2017 3253; x_wconf 76' lang='lat' dir='ltr'><strong>Rhandeam3</strong></span> <span class='ocrx_word' id='word_1_358' title='bbox 2045 3192 2217 3240; x_wconf 89' lang='lat' dir='ltr'><strong>locum</strong></span> <span class='ocrx_word' id='word_1_359' title='bbox 2233 3187 2307 3236; x_wconf 91' lang='lat' dir='ltr'><strong>sic</strong></span> <span class='ocrx_word' id='word_1_360' title='bbox 2327 3189 2485 3234; x_wconf 81' lang='lat' dir='ltr'><strong>vocat</strong></span> <span class='ocrx_word' id='word_1_361' title='bbox 2503 3181 2630 3231; x_wconf 88' lang='lat' dir='ltr'><strong>Dio.</strong></span> 
     </span>
    </p>

    <p class='ocr_par' dir='ltr' id='par_1_18' title="bbox 1681 3256 2766 3399">
     <span class='ocr_line' id='line_1_61' title="bbox 1750 3256 2766 3332; baseline -0.018 -8"><span class='ocrx_word' id='word_1_362' title='bbox 1750 3278 1773 3305; x_wconf 85' lang='lat'><strong>¹&#39;</strong></span> <span class='ocrx_word' id='word_1_363' title='bbox 1806 3268 2083 3332; x_wconf 74' lang='lat' dir='ltr'><strong>Scevitiam]</strong></span> <span class='ocrx_word' id='word_1_364' title='bbox 2151 3261 2489 3324; x_wconf 82' lang='lat' dir='ltr'><strong>violentiam,</strong></span> <span class='ocrx_word' id='word_1_365' title='bbox 2509 3256 2766 3309; x_wconf 84' lang='lat' dir='ltr'><strong>ferociam</strong></span> 
     </span>
     <span class='ocr_line' id='line_1_62' title="bbox 1681 3348 2003 3399; baseline -0.006 0"><span class='ocrx_word' id='word_1_366' title='bbox 1681 3348 2003 3399; x_wconf 83' lang='lat' dir='ltr'><strong>indomitam.</strong></span> 
     </span>
    </p>

    <p class='ocr_par' dir='ltr' id='par_1_19' title="bbox 1676 3417 2771 3799">
     <span class='ocr_line' id='line_1_63' title="bbox 1745 3417 2766 3489; baseline -0.015 -12"><span class='ocrx_word' id='word_1_367' title='bbox 1745 3433 1768 3460; x_wconf 76' lang='lat'>⁸</span> <span class='ocrx_word' id='word_1_368' title='bbox 1803 3425 1966 3489; x_wconf 75' lang='lat' dir='ltr'><strong>Metu]</strong></span> <span class='ocrx_word' id='word_1_369' title='bbox 2032 3420 2246 3485; x_wconf 78' lang='lat' dir='ltr'><strong>Quippe</strong></span> <span class='ocrx_word' id='word_1_370' title='bbox 2285 3423 2471 3477; x_wconf 86' lang='lat' dir='ltr'><strong>metus,</strong></span> <span class='ocrx_word' id='word_1_371' title='bbox 2512 3417 2578 3463; x_wconf 89' lang='lat' dir='ltr'><strong>ut</strong></span> <span class='ocrx_word' id='word_1_372' title='bbox 2619 3426 2766 3463; x_wconf 84' lang='lat' dir='ltr'><strong>amor</strong></span> 
     </span>
     <span class='ocr_line' id='line_1_64' title="bbox 1686 3493 2767 3555; baseline -0.015 -3"><span class='ocrx_word' id='word_1_373' title='bbox 1686 3508 1743 3552; x_wconf 87' lang='lat' dir='ltr'><strong>et</strong></span> <span class='ocrx_word' id='word_1_374' title='bbox 1764 3502 1927 3554; x_wconf 83' lang='lat' dir='ltr'><strong>ceteri</strong></span> <span class='ocrx_word' id='word_1_375' title='bbox 1944 3499 2103 3550; x_wconf 87' lang='lat' dir='ltr'><strong>animi</strong></span> <span class='ocrx_word' id='word_1_376' title='bbox 2126 3496 2346 3547; x_wconf 84' lang='lat' dir='ltr'><strong>affectus</strong></span> <span class='ocrx_word' id='word_1_377' title='bbox 2367 3506 2452 3542; x_wconf 88' lang='lat' dir='ltr'><strong>res</strong></span> <span class='ocrx_word' id='word_1_378' title='bbox 2472 3493 2636 3555; x_wconf 86' lang='lat' dir='ltr'><strong>louge</strong></span> <span class='ocrx_word' id='word_1_379' title='bbox 2660 3503 2767 3538; x_wconf 89' lang='lat' dir='ltr'><strong>ma-</strong></span> 
     </span>
     <span class='ocr_line' id='line_1_65' title="bbox 1676 3564 2771 3645; baseline -0.014 -16"><span class='ocrx_word' id='word_1_380' title='bbox 1676 3579 1841 3645; x_wconf 87' lang='lat' dir='ltr'><strong>jores,</strong></span> <span class='ocrx_word' id='word_1_381' title='bbox 1857 3593 2012 3644; x_wconf 87' lang='lat' dir='ltr'><strong>quam</strong></span> <span class='ocrx_word' id='word_1_382' title='bbox 2035 3576 2211 3638; x_wconf 86' lang='lat' dir='ltr'><strong>reipsa</strong></span> <span class='ocrx_word' id='word_1_383' title='bbox 2233 3577 2376 3632; x_wconf 88' lang='lat' dir='ltr'><strong>sunt,</strong></span> <span class='ocrx_word' id='word_1_384' title='bbox 2394 3568 2583 3618; x_wconf 88' lang='lat' dir='ltr'><strong>animis</strong></span> <span class='ocrx_word' id='word_1_385' title='bbox 2601 3564 2771 3617; x_wconf 83' lang='lat' dir='ltr'><strong>offun-</strong></span> 
     </span>
     <span class='ocr_line' id='line_1_66' title="bbox 1688 3643 2770 3720; baseline -0.016 -13"><span class='ocrx_word' id='word_1_386' title='bbox 1688 3655 1840 3720; x_wconf 90' lang='lat' dir='ltr'><strong>dunt,</strong></span> <span class='ocrx_word' id='word_1_387' title='bbox 1864 3661 1922 3705; x_wconf 86' lang='lat' dir='ltr'><strong>et</strong></span> <span class='ocrx_word' id='word_1_388' title='bbox 1951 3652 2110 3703; x_wconf 81' lang='lat' dir='ltr'><strong>facile</strong></span> <span class='ocrx_word' id='word_1_389' title='bbox 2138 3651 2279 3700; x_wconf 87' lang='lat' dir='ltr'><strong>idem</strong></span> <span class='ocrx_word' id='word_1_390' title='bbox 2301 3646 2397 3697; x_wconf 86' lang='lat' dir='ltr'><strong>sibi</strong></span> <span class='ocrx_word' id='word_1_391' title='bbox 2423 3643 2770 3709; x_wconf 83' lang='lat' dir='ltr'><strong>persuadent,</strong></span> 
     </span>
     <span class='ocr_line' id='line_1_67' title="bbox 1681 3721 2738 3799; baseline -0.009 -21"><span class='ocrx_word' id='word_1_392' title='bbox 1681 3734 1777 3799; x_wconf 66' lang='lat' dir='ltr'><strong>,qui</strong></span> <span class='ocrx_word' id='word_1_393' title='bbox 1796 3732 2018 3782; x_wconf 81' lang='lat' dir='ltr'><strong>eundem</strong></span> <span class='ocrx_word' id='word_1_394' title='bbox 2040 3727 2288 3779; x_wconf 81' lang='lat' dir='ltr'><strong>affectum</strong></span> <span class='ocrx_word' id='word_1_395' title='bbox 2311 3723 2473 3773; x_wconf 90' lang='lat' dir='ltr'><strong>semel</strong></span> <span class='ocrx_word' id='word_1_396' title='bbox 2498 3721 2738 3770; x_wconf 83' lang='lat' dir='ltr'><strong>induere.</strong></span> 
     </span>
    </p>

    <p class='ocr_par' dir='ltr' id='par_1_20' title="bbox 1678 3799 2772 4178">
     <span class='ocr_line' id='line_1_68' title="bbox 1752 3799 2772 3860; baseline -0.014 -1"><span class='ocrx_word' id='word_1_397' title='bbox 1752 3810 1839 3860; x_wconf 83' lang='lat' dir='ltr'><strong>lili</strong></span> <span class='ocrx_word' id='word_1_398' title='bbox 1860 3810 1960 3858; x_wconf 86' lang='lat' dir='ltr'><strong>vim</strong></span> <span class='ocrx_word' id='word_1_399' title='bbox 1983 3816 2039 3858; x_wconf 88' lang='lat' dir='ltr'><strong>et</strong></span> <span class='ocrx_word' id='word_1_400' title='bbox 2063 3805 2316 3855; x_wconf 59' lang='lat' dir='ltr'><strong>saevitiam</strong></span> <span class='ocrx_word' id='word_1_401' title='bbox 2340 3799 2662 3850; x_wconf 86' lang='lat' dir='ltr'><strong>Parthorum</strong></span> <span class='ocrx_word' id='word_1_402' title='bbox 2684 3812 2772 3847; x_wconf 87' lang='lat' dir='ltr'><strong>ex·</strong></span> 
     </span>
     <span class='ocr_line' id='line_1_69' title="bbox 1691 3875 2769 3941; baseline -0.01 -6"><span class='ocrx_word' id='word_1_403' title='bbox 1691 3885 1990 3937; x_wconf 81' lang='lat' dir='ltr'><strong>tollentibus</strong></span> <span class='ocrx_word' id='word_1_404' title='bbox 2012 3882 2171 3933; x_wconf 81' lang='lat' dir='ltr'><strong>facile</strong></span> <span class='ocrx_word' id='word_1_405' title='bbox 2191 3879 2498 3939; x_wconf 85' lang='lat' dir='ltr'><strong>credebaut,</strong></span> <span class='ocrx_word' id='word_1_406' title='bbox 2518 3883 2581 3926; x_wconf 86' lang='lat' dir='ltr'><strong>ut</strong></span> <span class='ocrx_word' id='word_1_407' title='bbox 2601 3877 2693 3941; x_wconf 88' lang='lat' dir='ltr'><strong>qui</strong></span> <span class='ocrx_word' id='word_1_408' title='bbox 2716 3875 2769 3925; x_wconf 84' lang='lat' dir='ltr'><strong>in</strong></span> 
     </span>
     <span class='ocr_line' id='line_1_70' title="bbox 1688 3951 2772 4024; baseline -0.01 -12"><span class='ocrx_word' id='word_1_409' title='bbox 1688 3963 1908 4013; x_wconf 87' lang='lat' dir='ltr'><strong>similem</strong></span> <span class='ocrx_word' id='word_1_410' title='bbox 1934 3974 2179 4024; x_wconf 78' lang='lat' dir='ltr'><strong>pavorem</strong></span> <span class='ocrx_word' id='word_1_411' title='bbox 2203 3958 2340 4005; x_wconf 87' lang='lat' dir='ltr'><strong>ultro</strong></span> <span class='ocrx_word' id='word_1_412' title='bbox 2374 3953 2525 4017; x_wconf 87' lang='lat' dir='ltr'><strong>proni</strong></span> <span class='ocrx_word' id='word_1_413' title='bbox 2550 3951 2657 4017; x_wconf 89' lang='lat' dir='ltr'><strong>ipsi</strong></span> <span class='ocrx_word' id='word_1_414' title='bbox 2692 3966 2772 4002; x_wconf 88' lang='lat' dir='ltr'><strong>es-</strong></span> 
     </span>
     <span class='ocr_line' id='line_1_71' title="bbox 1689 4033 2771 4101; baseline -0.01 -13"><span class='ocrx_word' id='word_1_415' title='bbox 1689 4038 2133 4101; x_wconf 78' lang='lat' dir='ltr'><strong>seut,eademque</strong></span> <span class='ocrx_word' id='word_1_416' title='bbox 2165 4034 2277 4097; x_wconf 84' lang='lat' dir='ltr'><strong>jam</strong></span> <span class='ocrx_word' id='word_1_417' title='bbox 2311 4038 2467 4079; x_wconf 87' lang='lat' dir='ltr'><strong>antea</strong></span> <span class='ocrx_word' id='word_1_418' title='bbox 2507 4033 2771 4093; x_wconf 83' lang='lat' dir='ltr'><strong>paverent</strong></span> 
     </span>
     <span class='ocr_line' id='line_1_72' title="bbox 1678 4108 2556 4178; baseline -0.011 -13"><span class='ocrx_word' id='word_1_419' title='bbox 1678 4116 1890 4178; x_wconf 75' lang='lat' dir='ltr'><strong>animis,</strong></span> <span class='ocrx_word' id='word_1_420' title='bbox 1910 4129 2025 4178; x_wconf 77' lang='lat' dir='ltr'><strong>quae</strong></span> <span class='ocrx_word' id='word_1_421' title='bbox 2052 4121 2160 4160; x_wconf 76' lang='lat' dir='ltr'><strong>tum</strong></span> <span class='ocrx_word' id='word_1_422' title='bbox 2184 4108 2556 4158; x_wconf 85' lang='lat' dir='ltr'><strong>narrabantur.</strong></span> 
     </span>
    </p>

    <p class='ocr_par' dir='ltr' id='par_1_21' title="bbox 1687 4181 2773 4411">
     <span class='ocr_line' id='line_1_73' title="bbox 1754 4181 2773 4250; baseline -0.012 -9"><span class='ocrx_word' id='word_1_423' title='bbox 1754 4193 1772 4224; x_wconf 75' lang='lat'>⁸</span> <span class='ocrx_word' id='word_1_424' title='bbox 1822 4189 2126 4241; x_wconf 72' lang='lat' dir='ltr'><strong>Munimenta</strong></span> <span class='ocrx_word' id='word_1_425' title='bbox 2165 4183 2433 4250; x_wconf 68' lang='lat' dir='ltr'><strong>Euphrati]</strong></span> <span class='ocrx_word' id='word_1_426' title='bbox 2517 4181 2773 4246; x_wconf 79' lang='lat' dir='ltr'><strong>Intellige</strong></span> 
     </span>
     <span class='ocr_line' id='line_1_74' title="bbox 1687 4259 2771 4331; baseline -0.011 -12"><span class='ocrx_word' id='word_1_427' title='bbox 1687 4269 1904 4320; x_wconf 80' lang='lat' dir='ltr'><strong>castella</strong></span> <span class='ocrx_word' id='word_1_428' title='bbox 1954 4265 2213 4331; x_wconf 66' lang='lat' dir='ltr'><strong>quaedam,</strong></span> <span class='ocrx_word' id='word_1_429' title='bbox 2257 4262 2422 4312; x_wconf 85' lang='lat' dir='ltr'><strong>etiam</strong></span> <span class='ocrx_word' id='word_1_430' title='bbox 2476 4260 2624 4310; x_wconf 83' lang='lat' dir='ltr'><strong>ultra</strong></span> <span class='ocrx_word' id='word_1_431' title='bbox 2668 4259 2771 4308; x_wconf 82' lang='lat' dir='ltr'><strong>Eu-</strong></span> 
     </span>
     <span class='ocr_line' id='line_1_75' title="bbox 1688 4335 2770 4411; baseline -0.008 -16"><span class='ocrx_word' id='word_1_432' title='bbox 1688 4337 1953 4411; x_wconf 69' lang='lat' dir='ltr'><strong>phratem,</strong></span> <span class='ocrx_word' id='word_1_433' title='bbox 1990 4348 2052 4394; x_wconf 87' lang='lat' dir='ltr'><strong>et</strong></span> <span class='ocrx_word' id='word_1_434' title='bbox 2083 4341 2202 4407; x_wconf 84' lang='lat' dir='ltr'><strong>ipsa</strong></span> <span class='ocrx_word' id='word_1_435' title='bbox 2233 4335 2633 4407; x_wconf 78' lang='lat' dir='ltr'><strong>propugnacula</strong></span> <span class='ocrx_word' id='word_1_436' title='bbox 2663 4341 2770 4399; x_wconf 51' lang='grc' dir='ltr'><strong>ωτι,</strong></span> 
     </span>
    </p>
   </div>
  </div>
 </body>
</html>
