<?xml version="1.0" encoding="UTF-8"?>
<!DOCTYPE html PUBLIC "-//W3C//DTD XHTML 1.0 Transitional//EN"
    "http://www.w3.org/TR/xhtml1/DTD/xhtml1-transitional.dtd">
<html xmlns="http://www.w3.org/1999/xhtml" xml:lang="en" lang="en">
 <head>
  <title>
</title>
<meta http-equiv="Content-Type" content="text/html;charset=utf-8" />
  <meta name='ocr-system' content='tesseract 3.04.00' />
  <meta name='ocr-capabilities' content='ocr_page ocr_carea ocr_par ocr_line ocrx_word'/>
</head>
<body>
  <div class='ocr_page' id='page_1' title='image "./operaomniavolum00tacigoog/operaomniavolum00tacigoog_0403.png"; bbox 0 0 3063 4952; ppageno 0'>
   <div class='ocr_carea' id='block_1_1' title="bbox 1074 386 2566 454">
    <p class='ocr_par' dir='ltr' id='par_1_1' title="bbox 1074 386 2566 454">
     <span class='ocr_line' id='line_1_1' title="bbox 1074 386 2566 454; baseline 0.004 -13"><span class='ocrx_word' id='word_1_1' title='bbox 1074 390 1483 442; x_wconf 60' lang='lat' dir='ltr'><strong>Anxanum</strong></span> <span class='ocrx_word' id='word_1_2' title='bbox 1534 394 1681 444; x_wconf 75' lang='lat' dir='ltr'><strong>Lu.</strong></span> <span class='ocrx_word' id='word_1_3' title='bbox 1729 395 1779 444; x_wconf 76' lang='lat' dir='ltr'>X</span> <span class='ocrx_word' id='word_1_4' title='bbox 1791 397 1900 445; x_wconf 78' lang='lat' dir='ltr'><strong>lv.</strong></span> <span class='ocrx_word' id='word_1_5' title='bbox 2389 386 2566 454; x_wconf 67' lang='lat'><strong>1779</strong></span> 
     </span>
    </p>
   </div>
   <div class='ocr_carea' id='block_1_2' title="bbox 365 536 2584 947">
    <p class='ocr_par' dir='ltr' id='par_1_2' title="bbox 365 536 2584 947">
     <span class='ocr_line' id='line_1_2' title="bbox 367 536 2565 625; baseline 0.004 -20"><span class='ocrx_word' id='word_1_6' title='bbox 367 542 610 625; x_wconf 82' lang='lat' dir='ltr'><strong>quibus</strong></span> <span class='ocrx_word' id='word_1_7' title='bbox 636 536 960 605; x_wconf 67' lang='lat' dir='ltr'><strong>claritudo</strong></span> <span class='ocrx_word' id='word_1_8' title='bbox 984 538 1182 617; x_wconf 77' lang='lat' dir='ltr'><strong>venit,</strong></span> <span class='ocrx_word' id='word_1_9' title='bbox 1214 539 1397 623; x_wconf 74' lang='lat' dir='ltr'><strong>quod</strong></span> <span class='ocrx_word' id='word_1_10' title='bbox 1408 540 1711 625; x_wconf 78' lang='lat' dir='ltr'><strong>juventae</strong></span> <span class='ocrx_word' id='word_1_11' title='bbox 1730 548 1864 608; x_wconf 80' lang='lat' dir='ltr'><strong>tuse</strong></span> <span class='ocrx_word' id='word_1_12' title='bbox 1891 542 2278 611; x_wconf 66' lang='lat' dir='ltr'><strong>mdmentis</strong></span> <span class='ocrx_word' id='word_1_13' title='bbox 2294 545 2565 614; x_wconf 85' lang='lat' dir='ltr'><strong>affuisse</strong></span> 
     </span>
     <span class='ocr_line' id='line_1_3' title="bbox 366 640 2584 740; baseline 0.003 -34"><span class='ocrx_word' id='word_1_14' title='bbox 366 643 622 721; x_wconf 79' lang='lat' dir='ltr'><strong>videor,</strong></span> <span class='ocrx_word' id='word_1_15' title='bbox 655 641 899 724; x_wconf 86' lang='lat' dir='ltr'><strong>grande</strong></span> <span class='ocrx_word' id='word_1_16' title='bbox 923 640 1124 726; x_wconf 77' lang='lat' dir='ltr'><strong>hujus</strong></span> <span class='ocrx_word' id='word_1_17' title='bbox 1149 643 1246 707; x_wconf 88' lang='lat' dir='ltr'><strong>rei</strong></span> <span class='ocrx_word' id='word_1_18' title='bbox 1266 644 1579 726; x_wconf 73' lang='lat' dir='ltr'><strong>poefium.</strong></span> <span class='ocrx_word' id='word_1_19' title='bbox 1636 643 1734 710; x_wconf 80' lang='lat' dir='ltr'><strong>At</strong></span> <span class='ocrx_word' id='word_1_20' title='bbox 1760 651 1825 710; x_wconf 89' lang='lat' dir='ltr'><strong>tu</strong></span> <span class='ocrx_word' id='word_1_21' title='bbox 1849 647 2129 729; x_wconf 84' lang='lat' dir='ltr'><strong>gratiam</strong></span> <span class='ocrx_word' id='word_1_22' title='bbox 2150 646 2584 740; x_wconf 53' lang='lat' dir='ltr'><strong>immensam,</strong></span> 
     </span>
     <span class='ocr_line' id='line_1_4' title="bbox 366 746 2565 837; baseline 0.005 -28"><span class='ocrx_word' id='word_1_23' title='bbox 366 746 775 829; x_wconf 84' lang='lat' dir='ltr'><strong>innumeram</strong></span> <span class='ocrx_word' id='word_1_24' title='bbox 816 746 1169 828; x_wconf 87' lang='lat' dir='ltr'><strong>pecuniam</strong></span> <span class='ocrx_word' id='word_1_25' title='bbox 1212 746 1704 814; x_wconf 77' lang='lat' dir='ltr'><strong>circumdedisti</strong></span> <span class='ocrx_word' id='word_1_26' title='bbox 1722 748 1797 813; x_wconf 61' lang='grc' dir='ltr'><strong>τ’*</strong></span> <span class='ocrx_word' id='word_1_27' title='bbox 1840 749 2035 827; x_wconf 84' lang='lat' dir='ltr'><strong>adeo,</strong></span> <span class='ocrx_word' id='word_1_28' title='bbox 2067 756 2143 817; x_wconf 84' lang='lat' dir='ltr'><strong>ut</strong></span> <span class='ocrx_word' id='word_1_29' title='bbox 2181 751 2565 837; x_wconf 85' lang='lat' dir='ltr'><strong>plerumque</strong></span> 
     </span>
     <span class='ocr_line' id='line_1_5' title="bbox 365 846 2578 947; baseline 0.004 -34"><span class='ocrx_word' id='word_1_30' title='bbox 365 848 541 913; x_wconf 76' lang='lat' dir='ltr'><strong>intra</strong></span> <span class='ocrx_word' id='word_1_31' title='bbox 558 846 857 933; x_wconf 82' lang='lat' dir='ltr'><strong>.meipse⁶</strong></span> <span class='ocrx_word' id='word_1_32' title='bbox 884 848 1188 915; x_wconf 66' lang='lat' dir='ltr'><strong>vetram-z</strong></span> <span class='ocrx_word' id='word_1_33' title='bbox 1230 852 1461 934; x_wconf 76' lang='lat' dir='ltr'><strong>egone,</strong></span> <span class='ocrx_word' id='word_1_34' title='bbox 1514 849 1820 935; x_wconf 83' lang='lat' dir='ltr'><strong>Equestri</strong></span> <span class='ocrx_word' id='word_1_35' title='bbox 1859 857 1926 918; x_wconf 85' lang='lat' dir='ltr'><strong>et</strong></span> <span class='ocrx_word' id='word_1_36' title='bbox 1969 852 2370 936; x_wconf 79' lang='lat' dir='ltr'><strong>provinciali</strong></span> <span class='ocrx_word' id='word_1_37' title='bbox 2413 855 2578 947; x_wconf 21' lang='lat' dir='ltr'><strong>loco·</strong></span> 
     </span>
    </p>
   </div>
   <div class='ocr_carea' id='block_1_3' title="bbox 367 397 655 462">
    <p class='ocr_par' dir='ltr' id='par_1_3' title="bbox 367 397 655 462">
     <span class='ocr_line' id='line_1_6' title="bbox 367 397 655 462; baseline -0.017 -10"><span class='ocrx_word' id='word_1_38' title='bbox 367 399 421 452; x_wconf 71' lang='lat' dir='ltr'><strong>J·</strong></span> <span class='ocrx_word' id='word_1_39' title='bbox 445 400 508 451; x_wconf 80' lang='lat'><strong>0.</strong></span> <span class='ocrx_word' id='word_1_40' title='bbox 528 397 655 462; x_wconf 54' lang='lat' dir='ltr'><strong>om}</strong></span> 
     </span>
    </p>
   </div>
   <div class='ocr_carea' id='block_1_4' title="bbox 368 1028 2568 1293">
    <p class='ocr_par' dir='ltr' id='par_1_4' title="bbox 368 1028 2568 1293">
     <span class='ocr_line' id='line_1_7' title="bbox 368 1028 2567 1099; baseline 0.004 -21"><span class='ocrx_word' id='word_1_41' title='bbox 368 1028 733 1081; x_wconf 64' lang='lat' dir='ltr'><strong>adolescentia!</strong></span> <span class='ocrx_word' id='word_1_42' title='bbox 757 1037 858 1081; x_wconf 81' lang='lat' dir='ltr'><strong>tuae</strong></span> <span class='ocrx_word' id='word_1_43' title='bbox 883 1031 1120 1082; x_wconf 79' lang='lat' dir='ltr'><strong>tirocinio</strong></span> <span class='ocrx_word' id='word_1_44' title='bbox 1144 1031 1380 1085; x_wconf 86' lang='lat' dir='ltr'><strong>admotus</strong></span> <span class='ocrx_word' id='word_1_45' title='bbox 1408 1047 1538 1092; x_wconf 88' lang='lat' dir='ltr'><strong>snm,</strong></span> <span class='ocrx_word' id='word_1_46' title='bbox 1571 1033 1749 1095; x_wconf 78' lang='lat' dir='ltr'><strong>ingens</strong></span> <span class='ocrx_word' id='word_1_47' title='bbox 1769 1032 1930 1099; x_wconf 24' lang='lat' dir='ltr'><strong>&#39;hujus</strong></span> <span class='ocrx_word' id='word_1_48' title='bbox 1966 1049 2105 1084; x_wconf 79' lang='lat' dir='ltr'><strong>eurae</strong></span> <span class='ocrx_word' id='word_1_49' title='bbox 2143 1035 2427 1098; x_wconf 71' lang='lat' dir='ltr'><strong>praemium.</strong></span> <span class='ocrx_word' id='word_1_50' title='bbox 2491 1033 2567 1086; x_wconf 90' lang='lat' dir='ltr'><strong>At</strong></span> 
     </span>
     <span class='ocr_line' id='line_1_8' title="bbox 368 1093 2565 1164; baseline 0.003 -21"><span class='ocrx_word' id='word_1_51' title='bbox 368 1101 426 1143; x_wconf 85' lang='lat' dir='ltr'><strong>tu</strong></span> <span class='ocrx_word' id='word_1_52' title='bbox 447 1093 678 1144; x_wconf 76' lang='lat' dir='ltr'><strong>favorem</strong></span> <span class='ocrx_word' id='word_1_53' title='bbox 714 1097 1007 1159; x_wconf 80' lang='lat' dir='ltr'><strong>maximum,</strong></span> <span class='ocrx_word' id='word_1_54' title='bbox 1038 1097 1308 1148; x_wconf 87' lang='lat' dir='ltr'><strong>immensas</strong></span> <span class='ocrx_word' id='word_1_55' title='bbox 1344 1113 1469 1162; x_wconf 90' lang='lat' dir='ltr'><strong>opes</strong></span> <span class='ocrx_word' id='word_1_56' title='bbox 1490 1098 1543 1146; x_wconf 76' lang='lat' dir='ltr'><strong>in</strong></span> <span class='ocrx_word' id='word_1_57' title='bbox 1563 1113 1635 1147; x_wconf 84' lang='lat' dir='ltr'><strong>me</strong></span> <span class='ocrx_word' id='word_1_58' title='bbox 1659 1098 1952 1162; x_wconf 81' lang='lat' dir='ltr'><strong>cumulasti,</strong></span> <span class='ocrx_word' id='word_1_59' title='bbox 1993 1098 2069 1148; x_wconf 91' lang='lat' dir='ltr'><strong>ita</strong></span> <span class='ocrx_word' id='word_1_60' title='bbox 2094 1106 2153 1148; x_wconf 86' lang='lat' dir='ltr'><strong>ut</strong></span> <span class='ocrx_word' id='word_1_61' title='bbox 2185 1114 2326 1164; x_wconf 66' lang='lat' dir='ltr'><strong>saepe</strong></span> <span class='ocrx_word' id='word_1_62' title='bbox 2365 1113 2565 1150; x_wconf 87' lang='lat' dir='ltr'><strong>mecum</strong></span> 
     </span>
     <span class='ocr_line' id='line_1_9' title="bbox 372 1159 2568 1230; baseline 0 -15"><span class='ocrx_word' id='word_1_63' title='bbox 372 1159 545 1215; x_wconf 60' lang='lat' dir='ltr'><strong>animo</strong></span> <span class='ocrx_word' id='word_1_64' title='bbox 564 1168 832 1225; x_wconf 81' lang='lat' dir='ltr'><strong>reputem:</strong></span> <span class='ocrx_word' id='word_1_65' title='bbox 868 1163 1047 1226; x_wconf 74' lang='lat' dir='ltr'><strong>Egone</strong></span> <span class='ocrx_word' id='word_1_66' title='bbox 1067 1164 1296 1229; x_wconf 77' lang='lat' dir='ltr'><strong>equestri</strong></span> <span class='ocrx_word' id='word_1_67' title='bbox 1334 1170 1392 1214; x_wconf 87' lang='lat' dir='ltr'><strong>et</strong></span> <span class='ocrx_word' id='word_1_68' title='bbox 1422 1162 1722 1228; x_wconf 81' lang='lat' dir='ltr'><strong>municipali</strong></span> <span class='ocrx_word' id='word_1_69' title='bbox 1757 1164 1921 1229; x_wconf 86' lang='lat' dir='ltr'><strong>stirpe</strong></span> <span class='ocrx_word' id='word_1_70' title='bbox 1955 1164 2219 1229; x_wconf 82' lang='lat' dir='ltr'><strong>oriundus,</strong></span> <span class='ocrx_word' id='word_1_71' title='bbox 2259 1164 2568 1230; x_wconf 82' lang='lat' dir='ltr'><strong>primoribus</strong></span> 
     </span>
     <span class='ocr_line' id='line_1_10' title="bbox 2392 1266 2426 1293; baseline 0 0"><span class='ocrx_word' id='word_1_72' title='bbox 2392 1266 2426 1293; x_wconf 73' lang='lat'><em>0</em></span> 
     </span>
    </p>
   </div>
   <div class='ocr_carea' id='block_1_5' title="bbox 1291 1302 1649 1324">
    <p class='ocr_par' dir='ltr' id='par_1_5' title="bbox 1291 1302 1649 1324">
     <span class='ocr_line' id='line_1_11' title="bbox 1291 1302 1649 1324; baseline -0.003 -1"><span class='ocrx_word' id='word_1_73' title='bbox 1291 1302 1409 1324; x_wconf 55' lang='lat' dir='ltr'><strong>‘N‘</strong></span> <span class='ocrx_word' id='word_1_74' title='bbox 1416 1303 1502 1323; x_wconf 58' lang='lat' dir='ltr'><strong>On</strong></span> <span class='ocrx_word' id='word_1_75' title='bbox 1506 1302 1649 1323; x_wconf 63' lang='lat'><strong>&amp;0000</strong></span> 
     </span>
    </p>
   </div>
   <div class='ocr_carea' id='block_1_6' title="bbox 366 1401 2569 1602">
    <p class='ocr_par' dir='ltr' id='par_1_6' title="bbox 366 1401 2569 1602">
     <span class='ocr_line' id='line_1_12' title="bbox 366 1401 2569 1469; baseline 0.004 -16"><span class='ocrx_word' id='word_1_76' title='bbox 366 1408 396 1453; x_wconf 78' lang='lat'><em>6</em></span> <span class='ocrx_word' id='word_1_77' title='bbox 432 1401 520 1455; x_wconf 87' lang='lat' dir='ltr'><strong>Ita</strong></span> <span class='ocrx_word' id='word_1_78' title='bbox 538 1405 669 1455; x_wconf 84' lang='lat' dir='ltr'><strong>Mss.</strong></span> <span class='ocrx_word' id='word_1_79' title='bbox 693 1407 830 1455; x_wconf 87' lang='lat' dir='ltr'><strong>Flor.</strong></span> <span class='ocrx_word' id='word_1_80' title='bbox 856 1406 990 1457; x_wconf 87' lang='lat' dir='ltr'><strong>Bud.</strong></span> <span class='ocrx_word' id='word_1_81' title='bbox 1015 1406 1191 1459; x_wconf 77' lang='lat' dir='ltr'><strong>Guelf.</strong></span> <span class='ocrx_word' id='word_1_82' title='bbox 1217 1407 1373 1457; x_wconf 90' lang='lat' dir='ltr'><strong>Corb.</strong></span> <span class='ocrx_word' id='word_1_83' title='bbox 1396 1406 1627 1456; x_wconf 86' lang='lat' dir='ltr'><strong>Pichena</strong></span> <span class='ocrx_word' id='word_1_84' title='bbox 1646 1413 1702 1456; x_wconf 91' lang='lat' dir='ltr'><strong>et</strong></span> <span class='ocrx_word' id='word_1_85' title='bbox 1724 1405 2054 1457; x_wconf 74' lang='lat' dir='ltr'><strong>recentiores.</strong></span> <span class='ocrx_word' id='word_1_86' title='bbox 2120 1407 2184 1456; x_wconf 87' lang='lat' dir='ltr'><strong>In</strong></span> <span class='ocrx_word' id='word_1_87' title='bbox 2207 1408 2310 1460; x_wconf 82' lang='lat' dir='ltr'><strong>Ms.</strong></span> <span class='ocrx_word' id='word_1_88' title='bbox 2345 1408 2478 1469; x_wconf 68' lang='lat' dir='ltr'><strong>Reg.</strong></span> <span class='ocrx_word' id='word_1_89' title='bbox 2511 1419 2569 1461; x_wconf 90' lang='lat' dir='ltr'><strong>et</strong></span> 
     </span>
     <span class='ocr_line' id='line_1_13' title="bbox 366 1468 2565 1537; baseline 0.003 -19"><span class='ocrx_word' id='word_1_90' title='bbox 366 1468 686 1521; x_wconf 78' lang='lat' dir='ltr'><strong>editionibus</strong></span> <span class='ocrx_word' id='word_1_91' title='bbox 716 1473 994 1537; x_wconf 68' lang='lat' dir='ltr'><strong>veteribus,</strong></span> <span class='ocrx_word' id='word_1_92' title='bbox 1029 1474 1321 1524; x_wconf 54' lang='lat' dir='ltr'><strong>cedma—6</strong></span> <span class='ocrx_word' id='word_1_93' title='bbox 1351 1472 1438 1522; x_wconf 91' lang='lat' dir='ltr'><strong>Sic</strong></span> <span class='ocrx_word' id='word_1_94' title='bbox 1479 1472 1609 1522; x_wconf 89' lang='lat' dir='ltr'><strong>bene</strong></span> <span class='ocrx_word' id='word_1_95' title='bbox 1651 1472 1781 1522; x_wconf 88' lang='lat' dir='ltr'><strong>Mss.</strong></span> <span class='ocrx_word' id='word_1_96' title='bbox 1823 1478 1880 1521; x_wconf 90' lang='lat' dir='ltr'><strong>et</strong></span> <span class='ocrx_word' id='word_1_97' title='bbox 1911 1478 2112 1520; x_wconf 85' lang='lat' dir='ltr'><strong>veteres</strong></span> <span class='ocrx_word' id='word_1_98' title='bbox 2150 1487 2210 1521; x_wconf 92' lang='lat' dir='ltr'><strong>ac</strong></span> <span class='ocrx_word' id='word_1_99' title='bbox 2249 1475 2565 1525; x_wconf 75' lang='lat' dir='ltr'><strong>recentiores</strong></span> 
     </span>
     <span class='ocr_line' id='line_1_14' title="bbox 369 1533 2560 1602; baseline 0.001 -15"><span class='ocrx_word' id='word_1_100' title='bbox 369 1533 643 1587; x_wconf 69' lang='lat' dir='ltr'><strong>editiones.</strong></span> <span class='ocrx_word' id='word_1_101' title='bbox 707 1535 772 1586; x_wconf 89' lang='lat' dir='ltr'><strong>In</strong></span> <span class='ocrx_word' id='word_1_102' title='bbox 791 1537 974 1589; x_wconf 83' lang='lat' dir='ltr'><strong>mediis</strong></span> <span class='ocrx_word' id='word_1_103' title='bbox 996 1540 1134 1589; x_wconf 83' lang='lat' dir='ltr'><strong>male</strong></span> <span class='ocrx_word' id='word_1_104' title='bbox 1161 1537 1510 1600; x_wconf 82' lang='lat' dir='ltr'><strong>emendatum,</strong></span> <span class='ocrx_word' id='word_1_105' title='bbox 1547 1538 1714 1602; x_wconf 73' lang='lat' dir='ltr'><strong>ipsum.</strong></span> <span class='ocrx_word' id='word_1_106' title='bbox 1781 1535 2106 1587; x_wconf 74' lang='lat' dir='ltr'><strong>Brotier.—⁷</strong></span> <span class='ocrx_word' id='word_1_107' title='bbox 2144 1536 2206 1593; x_wconf 78' lang='lat' dir='ltr'><strong>In</strong></span> <span class='ocrx_word' id='word_1_108' title='bbox 2249 1538 2375 1590; x_wconf 84' lang='lat' dir='ltr'><strong>Mss.</strong></span> <span class='ocrx_word' id='word_1_109' title='bbox 2405 1540 2560 1593; x_wconf 88' lang='lat' dir='ltr'><strong>Corb.</strong></span> 
     </span>
    </p>
   </div>
   <div class='ocr_carea' id='block_1_7' title="bbox 1358 1683 1579 1736">
    <p class='ocr_par' dir='ltr' id='par_1_7' title="bbox 1358 1683 1579 1736">
     <span class='ocr_line' id='line_1_15' title="bbox 1358 1683 1579 1736; baseline -0.009 0"><span class='ocrx_word' id='word_1_110' title='bbox 1358 1683 1579 1736; x_wconf 81' lang='lat' dir='ltr'>NOTAE</span> 
     </span>
    </p>
   </div>
   <div class='ocr_carea' id='block_1_8' title="bbox 368 1793 1430 1862">
    <p class='ocr_par' dir='ltr' id='par_1_8' title="bbox 368 1793 1430 1862">
     <span class='ocr_line' id='line_1_16' title="bbox 368 1793 1430 1862; baseline 0.008 -21"><span class='ocrx_word' id='word_1_111' title='bbox 368 1806 593 1856; x_wconf 87' lang='lat' dir='ltr'><strong>corpora</strong></span> <span class='ocrx_word' id='word_1_112' title='bbox 627 1793 721 1843; x_wconf 83' lang='lat' dir='ltr'><strong>sub</strong></span> <span class='ocrx_word' id='word_1_113' title='bbox 757 1795 842 1845; x_wconf 90' lang='lat' dir='ltr'><strong>dio</strong></span> <span class='ocrx_word' id='word_1_114' title='bbox 875 1801 1016 1848; x_wconf 91' lang='lat' dir='ltr'><strong>stare</strong></span> <span class='ocrx_word' id='word_1_115' title='bbox 1053 1813 1156 1849; x_wconf 88' lang='lat' dir='ltr'><strong>non</strong></span> <span class='ocrx_word' id='word_1_116' title='bbox 1195 1805 1430 1862; x_wconf 80' lang='lat' dir='ltr'><strong>possunt,</strong></span> 
     </span>
    </p>
   </div>
   <div class='ocr_carea' id='block_1_9' title="bbox 365 1868 1429 2001">
    <p class='ocr_par' dir='ltr' id='par_1_9' title="bbox 365 1868 1429 2001">
     <span class='ocr_line' id='line_1_17' title="bbox 366 1868 1429 1942; baseline 0.008 -24"><span class='ocrx_word' id='word_1_117' title='bbox 366 1881 467 1918; x_wconf 89' lang='lat' dir='ltr'><strong>non</strong></span> <span class='ocrx_word' id='word_1_118' title='bbox 502 1868 725 1921; x_wconf 80' lang='lat' dir='ltr'><strong>imbrem</strong></span> <span class='ocrx_word' id='word_1_119' title='bbox 742 1870 899 1938; x_wconf 83' lang='lat' dir='ltr'><strong>ferre,</strong></span> <span class='ocrx_word' id='word_1_120' title='bbox 917 1888 1021 1925; x_wconf 88' lang='lat' dir='ltr'><strong>non</strong></span> <span class='ocrx_word' id='word_1_121' title='bbox 1056 1877 1214 1925; x_wconf 84' lang='lat' dir='ltr'><strong>solem</strong></span> <span class='ocrx_word' id='word_1_122' title='bbox 1241 1875 1429 1942; x_wconf 81' lang='lat' dir='ltr'><strong>sciunt,</strong></span> 
     </span>
     <span class='ocr_line' id='line_1_18' title="bbox 365 1946 859 2001; baseline 0.014 -7"><span class='ocrx_word' id='word_1_123' title='bbox 365 1946 455 1995; x_wconf 77' lang='lat' dir='ltr'><strong>vix</strong></span> <span class='ocrx_word' id='word_1_124' title='bbox 477 1960 537 1997; x_wconf 89' lang='lat' dir='ltr'><strong>se</strong></span> <span class='ocrx_word' id='word_1_125' title='bbox 557 1948 859 2001; x_wconf 81' lang='lat' dir='ltr'><strong>inveniunt.&#39;</strong></span> 
     </span>
    </p>
   </div>
   <div class='ocr_carea' id='block_1_10' title="bbox 343 2029 1433 4315">
    <p class='ocr_par' dir='ltr' id='par_1_10' title="bbox 364 2029 1429 2396">
     <span class='ocr_line' id='line_1_19' title="bbox 431 2029 1426 2099; baseline 0.006 -22"><span class='ocrx_word' id='word_1_126' title='bbox 431 2029 572 2079; x_wconf 86' lang='lat' dir='ltr'><strong>Item</strong></span> <span class='ocrx_word' id='word_1_127' title='bbox 594 2029 647 2080; x_wconf 89' lang='lat' dir='ltr'><strong>in</strong></span> <span class='ocrx_word' id='word_1_128' title='bbox 670 2032 915 2094; x_wconf 85' lang='lat' dir='ltr'><strong>prooemio</strong></span> <span class='ocrx_word' id='word_1_129' title='bbox 955 2034 1092 2083; x_wconf 58' lang='lat'><strong>1111.</strong></span> <span class='ocrx_word' id='word_1_130' title='bbox 1126 2033 1143 2063; x_wconf 84' lang='lat'>‘</span> <span class='ocrx_word' id='word_1_131' title='bbox 1166 2033 1341 2099; x_wconf 88' lang='lat' dir='ltr'><strong>Usque</strong></span> <span class='ocrx_word' id='word_1_132' title='bbox 1363 2049 1426 2085; x_wconf 93' lang='lat' dir='ltr'><strong>eo</strong></span> 
     </span>
     <span class='ocr_line' id='line_1_20' title="bbox 364 2103 1428 2167; baseline 0.008 -14"><span class='ocrx_word' id='word_1_133' title='bbox 364 2103 573 2167; x_wconf 80' lang='lat' dir='ltr'><strong>ingenia</strong></span> <span class='ocrx_word' id='word_1_134' title='bbox 605 2106 656 2155; x_wconf 90' lang='lat' dir='ltr'><strong>in</strong></span> <span class='ocrx_word' id='word_1_135' title='bbox 689 2108 1010 2159; x_wconf 78' lang='lat' dir='ltr'><strong>scholasticis</strong></span> <span class='ocrx_word' id='word_1_136' title='bbox 1046 2110 1428 2160; x_wconf 83' lang='lat' dir='ltr'><strong>exercitationi-</strong></span> 
     </span>
     <span class='ocr_line' id='line_1_21' title="bbox 365 2179 1427 2248; baseline 0.006 -17"><span class='ocrx_word' id='word_1_137' title='bbox 365 2179 463 2231; x_wconf 87' lang='lat' dir='ltr'><strong>bus</strong></span> <span class='ocrx_word' id='word_1_138' title='bbox 501 2180 725 2235; x_wconf 74' lang='lat' dir='ltr'><strong>delicate</strong></span> <span class='ocrx_word' id='word_1_139' title='bbox 758 2185 1108 2248; x_wconf 85' lang='lat' dir='ltr'><strong>enutriuntur,</strong></span> <span class='ocrx_word' id='word_1_140' title='bbox 1144 2192 1204 2237; x_wconf 90' lang='lat' dir='ltr'><strong>ut</strong></span> <span class='ocrx_word' id='word_1_141' title='bbox 1241 2188 1427 2237; x_wconf 90' lang='lat' dir='ltr'><strong>clamo·</strong></span> 
     </span>
     <span class='ocr_line' id='line_1_22' title="bbox 367 2257 1429 2322; baseline 0.004 -15"><span class='ocrx_word' id='word_1_142' title='bbox 367 2269 499 2318; x_wconf 78' lang='lat' dir='ltr'><strong>tem,</strong></span> <span class='ocrx_word' id='word_1_143' title='bbox 535 2257 817 2322; x_wconf 80' lang='lat' dir='ltr'><strong>silentium,</strong></span> <span class='ocrx_word' id='word_1_144' title='bbox 855 2262 1033 2322; x_wconf 85' lang='lat' dir='ltr'><strong>risum,</strong></span> <span class='ocrx_word' id='word_1_145' title='bbox 1068 2260 1252 2311; x_wconf 87' lang='lat' dir='ltr'><strong>coelum</strong></span> <span class='ocrx_word' id='word_1_146' title='bbox 1291 2261 1429 2311; x_wconf 83' lang='lat' dir='ltr'><strong>deni·</strong></span> 
     </span>
     <span class='ocr_line' id='line_1_23' title="bbox 367 2333 1067 2396; baseline 0.009 -15"><span class='ocrx_word' id='word_1_147' title='bbox 367 2345 467 2396; x_wconf 85' lang='lat' dir='ltr'><strong>que</strong></span> <span class='ocrx_word' id='word_1_148' title='bbox 490 2333 602 2396; x_wconf 87' lang='lat' dir='ltr'><strong>pati</strong></span> <span class='ocrx_word' id='word_1_149' title='bbox 622 2336 893 2385; x_wconf 64' lang='lat' dir='ltr'><strong>nesciant?</strong></span> <span class='ocrx_word' id='word_1_150' title='bbox 1062 2389 1067 2392; x_wconf 70' lang='lat'><strong>.</strong></span> 
     </span>
    </p>

    <p class='ocr_par' dir='ltr' id='par_1_11' title="bbox 364 2408 1430 3001">
     <span class='ocr_line' id='line_1_24' title="bbox 432 2408 1428 2479; baseline 0.005 -22"><span class='ocrx_word' id='word_1_151' title='bbox 432 2408 506 2457; x_wconf 90' lang='lat' dir='ltr'><strong>Et</strong></span> <span class='ocrx_word' id='word_1_152' title='bbox 543 2411 698 2472; x_wconf 88' lang='lat' dir='ltr'><strong>paulo</strong></span> <span class='ocrx_word' id='word_1_153' title='bbox 735 2411 901 2462; x_wconf 84' lang='lat' dir='ltr'><strong>infra:</strong></span> <span class='ocrx_word' id='word_1_154' title='bbox 945 2414 961 2442; x_wconf 87' lang='lat'>‘</span> <span class='ocrx_word' id='word_1_155' title='bbox 985 2413 1173 2479; x_wconf 85' lang='lat' dir='ltr'><strong>Itaque</strong></span> <span class='ocrx_word' id='word_1_156' title='bbox 1194 2415 1339 2464; x_wconf 84' lang='lat' dir='ltr'><strong>velut</strong></span> <span class='ocrx_word' id='word_1_157' title='bbox 1362 2427 1428 2463; x_wconf 85' lang='lat' dir='ltr'><strong>ex</strong></span> 
     </span>
     <span class='ocr_line' id='line_1_25' title="bbox 365 2483 1428 2554; baseline 0.007 -21"><span class='ocrx_word' id='word_1_158' title='bbox 365 2483 605 2554; x_wconf 84' lang='lat' dir='ltr'><strong>umbroso</strong></span> <span class='ocrx_word' id='word_1_159' title='bbox 625 2493 680 2538; x_wconf 89' lang='lat' dir='ltr'><strong>et</strong></span> <span class='ocrx_word' id='word_1_160' title='bbox 704 2487 921 2538; x_wconf 87' lang='lat' dir='ltr'><strong>obscuro</strong></span> <span class='ocrx_word' id='word_1_161' title='bbox 944 2489 1258 2553; x_wconf 86' lang='lat' dir='ltr'><strong>prodeuntes</strong></span> <span class='ocrx_word' id='word_1_162' title='bbox 1296 2490 1428 2554; x_wconf 88' lang='lat' dir='ltr'><strong>loco,</strong></span> 
     </span>
     <span class='ocr_line' id='line_1_26' title="bbox 367 2564 1429 2642; baseline 0.006 -29"><span class='ocrx_word' id='word_1_163' title='bbox 367 2564 526 2618; x_wconf 80' lang='lat' dir='ltr'><strong>clarae</strong></span> <span class='ocrx_word' id='word_1_164' title='bbox 547 2565 674 2636; x_wconf 79' lang='lat' dir='ltr'><strong>lucis</strong></span> <span class='ocrx_word' id='word_1_165' title='bbox 686 2566 862 2638; x_wconf 77' lang='lat' dir='ltr'><strong>=fulgor</strong></span> <span class='ocrx_word' id='word_1_166' title='bbox 881 2568 1137 2633; x_wconf 87' lang='lat' dir='ltr'><strong>obcoecat,</strong></span> <span class='ocrx_word' id='word_1_167' title='bbox 1154 2571 1228 2642; x_wconf 78' lang='lat' dir='ltr'><strong>sie</strong></span> <span class='ocrx_word' id='word_1_168' title='bbox 1250 2571 1373 2624; x_wconf 85' lang='lat' dir='ltr'><strong>istos</strong></span> <span class='ocrx_word' id='word_1_169' title='bbox 1397 2585 1429 2619; x_wconf 91' lang='lat' dir='ltr'><strong>a</strong></span> 
     </span>
     <span class='ocr_line' id='line_1_27' title="bbox 367 2640 1429 2707; baseline 0.008 -19"><span class='ocrx_word' id='word_1_170' title='bbox 367 2640 558 2689; x_wconf 89' lang='lat' dir='ltr'><strong>scholis</strong></span> <span class='ocrx_word' id='word_1_171' title='bbox 590 2641 644 2691; x_wconf 89' lang='lat' dir='ltr'><strong>in</strong></span> <span class='ocrx_word' id='word_1_172' title='bbox 680 2642 846 2691; x_wconf 81' lang='lat' dir='ltr'><strong>forum</strong></span> <span class='ocrx_word' id='word_1_173' title='bbox 884 2650 1229 2707; x_wconf 83' lang='lat' dir='ltr'><strong>transeuntes,</strong></span> <span class='ocrx_word' id='word_1_174' title='bbox 1259 2646 1429 2697; x_wconf 81' lang='lat' dir='ltr'><strong>omnia</strong></span> 
     </span>
     <span class='ocr_line' id='line_1_28' title="bbox 368 2720 1430 2782; baseline 0.005 -16"><span class='ocrx_word' id='word_1_175' title='bbox 368 2722 616 2782; x_wconf 81' lang='lat' dir='ltr'><strong>tanquam</strong></span> <span class='ocrx_word' id='word_1_176' title='bbox 637 2733 774 2768; x_wconf 83' lang='lat' dir='ltr'><strong>nova</strong></span> <span class='ocrx_word' id='word_1_177' title='bbox 810 2725 867 2769; x_wconf 90' lang='lat' dir='ltr'><strong>et</strong></span> <span class='ocrx_word' id='word_1_178' title='bbox 904 2720 1152 2770; x_wconf 87' lang='lat' dir='ltr'><strong>inusitata</strong></span> <span class='ocrx_word' id='word_1_179' title='bbox 1185 2721 1430 2773; x_wconf 84' lang='lat' dir='ltr'><strong>turbant.&#39;</strong></span> 
     </span>
     <span class='ocr_line' id='line_1_29' title="bbox 364 2792 1430 2857; baseline 0.008 -17"><span class='ocrx_word' id='word_1_180' title='bbox 364 2792 507 2842; x_wconf 89' lang='lat' dir='ltr'><strong>Pliu.</strong></span> <span class='ocrx_word' id='word_1_181' title='bbox 530 2795 699 2857; x_wconf 80' lang='lat' dir='ltr'><strong>Epist.</strong></span> <span class='ocrx_word' id='word_1_182' title='bbox 718 2808 803 2845; x_wconf 76' lang='lat' dir='ltr'><strong>xx.</strong></span> <span class='ocrx_word' id='word_1_183' title='bbox 823 2800 874 2844; x_wconf 79' lang='lat'><strong>2.</strong></span> <span class='ocrx_word' id='word_1_184' title='bbox 905 2797 922 2824; x_wconf 90' lang='lat'>‘</span> <span class='ocrx_word' id='word_1_185' title='bbox 944 2797 1192 2848; x_wconf 87' lang='lat' dir='ltr'><strong>Volumus</strong></span> <span class='ocrx_word' id='word_1_186' title='bbox 1213 2799 1430 2849; x_wconf 84' lang='lat' dir='ltr'><strong>scholas-</strong></span> 
     </span>
     <span class='ocr_line' id='line_1_30' title="bbox 366 2856 1430 2938; baseline 0.006 -19"><span class='ocrx_word' id='word_1_187' title='bbox 366 2856 500 2920; x_wconf 73' lang='lat' dir='ltr'><strong>ticas</strong></span> <span class='ocrx_word' id='word_1_188' title='bbox 523 2872 636 2932; x_wconf 89' lang='lat' dir='ltr'><strong>tibi,</strong></span> <span class='ocrx_word' id='word_1_189' title='bbox 654 2877 828 2936; x_wconf 81' lang='lat' dir='ltr'><strong>atque,</strong></span> <span class='ocrx_word' id='word_1_190' title='bbox 851 2880 909 2921; x_wconf 88' lang='lat' dir='ltr'><strong>ut</strong></span> <span class='ocrx_word' id='word_1_191' title='bbox 931 2873 1007 2923; x_wconf 87' lang='lat' dir='ltr'><strong>ita</strong></span> <span class='ocrx_word' id='word_1_192' title='bbox 1025 2874 1210 2938; x_wconf 84' lang='lat' dir='ltr'><strong>dicam,</strong></span> <span class='ocrx_word' id='word_1_193' title='bbox 1229 2876 1430 2925; x_wconf 84' lang='lat' dir='ltr'><strong>umbra-</strong></span> 
     </span>
     <span class='ocr_line' id='line_1_31' title="bbox 365 2947 1259 3001; baseline 0.004 -4"><span class='ocrx_word' id='word_1_194' title='bbox 365 2947 500 2997; x_wconf 82' lang='lat' dir='ltr'><strong>ticas</strong></span> <span class='ocrx_word' id='word_1_195' title='bbox 523 2949 701 2998; x_wconf 83' lang='lat' dir='ltr'><strong>literas</strong></span> <span class='ocrx_word' id='word_1_196' title='bbox 724 2949 968 2998; x_wconf 64' lang='lat' dir='ltr'><strong>mittere!</strong></span> <span class='ocrx_word' id='word_1_197' title='bbox 1035 2951 1259 3001; x_wconf 60' lang='lat' dir='ltr'><strong>Pit-hena.</strong></span> 
     </span>
    </p>

    <p class='ocr_par' dir='ltr' id='par_1_12' title="bbox 361 3023 1433 3854">
     <span class='ocr_line' id='line_1_32' title="bbox 434 3023 1428 3094; baseline 0.005 -20"><span class='ocrx_word' id='word_1_198' title='bbox 434 3024 558 3074; x_wconf 86' lang='lat' dir='ltr'><strong>Non</strong></span> <span class='ocrx_word' id='word_1_199' title='bbox 581 3023 788 3074; x_wconf 81' lang='lat' dir='ltr'><strong>credam</strong></span> <span class='ocrx_word' id='word_1_200' title='bbox 809 3026 944 3089; x_wconf 85' lang='lat' dir='ltr'><strong>quod</strong></span> <span class='ocrx_word' id='word_1_201' title='bbox 967 3027 1050 3076; x_wconf 86' lang='lat' dir='ltr'><strong>hic</strong></span> <span class='ocrx_word' id='word_1_202' title='bbox 1079 3027 1157 3076; x_wconf 86' lang='lat' dir='ltr'><strong>vir</strong></span> <span class='ocrx_word' id='word_1_203' title='bbox 1180 3028 1428 3094; x_wconf 88' lang='lat' dir='ltr'><strong>eruditus,</strong></span> 
     </span>
     <span class='ocr_line' id='line_1_33' title="bbox 367 3099 1426 3165; baseline 0.005 -16"><span class='ocrx_word' id='word_1_204' title='bbox 367 3099 617 3150; x_wconf 75' lang='lat' dir='ltr'><strong>Senecam</strong></span> <span class='ocrx_word' id='word_1_205' title='bbox 641 3114 735 3163; x_wconf 89' lang='lat' dir='ltr'><strong>per</strong></span> <span class='ocrx_word' id='word_1_206' title='bbox 756 3101 868 3150; x_wconf 58' lang='lat' dir='ltr'><strong>haee</strong></span> <span class='ocrx_word' id='word_1_207' title='bbox 890 3100 1181 3165; x_wconf 82' lang='lat' dir='ltr'><strong>intelligere</strong></span> <span class='ocrx_word' id='word_1_208' title='bbox 1204 3103 1426 3154; x_wconf 84' lang='lat' dir='ltr'><strong>scholam</strong></span> 
     </span>
     <span class='ocr_line' id='line_1_34' title="bbox 367 3176 1433 3230; baseline 0.003 -3"><span class='ocrx_word' id='word_1_209' title='bbox 367 3176 794 3228; x_wconf 77' lang='lat' dir='ltr'><strong>declamatorum.</strong></span> <span class='ocrx_word' id='word_1_210' title='bbox 880 3179 1000 3228; x_wconf 86' lang='lat' dir='ltr'><strong>Non</strong></span> <span class='ocrx_word' id='word_1_211' title='bbox 1027 3186 1170 3229; x_wconf 89' lang='lat' dir='ltr'><strong>certe</strong></span> <span class='ocrx_word' id='word_1_212' title='bbox 1190 3181 1301 3230; x_wconf 74' lang='lat' dir='ltr'><strong>haec</strong></span> <span class='ocrx_word' id='word_1_213' title='bbox 1322 3188 1433 3230; x_wconf 28' lang='lat' dir='ltr'><strong>stu-⁷</strong></span> 
     </span>
     <span class='ocr_line' id='line_1_35' title="bbox 368 3253 1429 3322; baseline 0.004 -18"><span class='ocrx_word' id='word_1_214' title='bbox 368 3254 458 3304; x_wconf 88' lang='lat' dir='ltr'><strong>dia</strong></span> <span class='ocrx_word' id='word_1_215' title='bbox 480 3253 726 3318; x_wconf 85' lang='lat' dir='ltr'><strong>iutelligit</strong></span> <span class='ocrx_word' id='word_1_216' title='bbox 747 3256 958 3318; x_wconf 84' lang='lat' dir='ltr'><strong>Seneca,</strong></span> <span class='ocrx_word' id='word_1_217' title='bbox 980 3272 1094 3321; x_wconf 65' lang='lat' dir='ltr'><strong>qua*</strong></span> <span class='ocrx_word' id='word_1_218' title='bbox 1127 3259 1429 3322; x_wconf 88' lang='lat' dir='ltr'><strong>plerumque</strong></span> 
     </span>
     <span class='ocr_line' id='line_1_36' title="bbox 365 3328 1429 3397; baseline 0.002 -16"><span class='ocrx_word' id='word_1_219' title='bbox 365 3336 428 3381; x_wconf 84' lang='lat' dir='ltr'><strong>nt</strong></span> <span class='ocrx_word' id='word_1_220' title='bbox 450 3331 610 3397; x_wconf 88' lang='lat' dir='ltr'><strong>plena</strong></span> <span class='ocrx_word' id='word_1_221' title='bbox 629 3334 902 3396; x_wconf 83' lang='lat' dir='ltr'><strong>vecordiae‚</strong></span> <span class='ocrx_word' id='word_1_222' title='bbox 922 3335 993 3383; x_wconf 85' lang='lat' dir='ltr'><strong>ita</strong></span> <span class='ocrx_word' id='word_1_223' title='bbox 1020 3334 1195 3384; x_wconf 88' lang='lat' dir='ltr'><strong>inania</strong></span> <span class='ocrx_word' id='word_1_224' title='bbox 1212 3340 1268 3383; x_wconf 88' lang='lat' dir='ltr'><strong>et</strong></span> <span class='ocrx_word' id='word_1_225' title='bbox 1289 3328 1429 3384; x_wconf 50' lang='lat' dir='ltr'><strong>fluia</strong></span> 
     </span>
     <span class='ocr_line' id='line_1_37' title="bbox 361 3408 1429 3474; baseline 0.005 -18"><span class='ocrx_word' id='word_1_226' title='bbox 361 3413 509 3472; x_wconf 83' lang='lat' dir='ltr'><strong>sunt,</strong></span> <span class='ocrx_word' id='word_1_227' title='bbox 546 3408 637 3458; x_wconf 91' lang='lat' dir='ltr'><strong>sed</strong></span> <span class='ocrx_word' id='word_1_228' title='bbox 682 3409 1079 3474; x_wconf 80' lang='lat' dir='ltr'><strong>Philosophiam,</strong></span> <span class='ocrx_word' id='word_1_229' title='bbox 1124 3411 1209 3459; x_wconf 90' lang='lat' dir='ltr'><strong>cui</strong></span> <span class='ocrx_word' id='word_1_230' title='bbox 1249 3411 1429 3474; x_wconf 84' lang='lat' dir='ltr'><strong>praeci·</strong></span> 
     </span>
     <span class='ocr_line' id='line_1_38' title="bbox 367 3487 1428 3549; baseline 0.004 -17"><span class='ocrx_word' id='word_1_231' title='bbox 367 3497 525 3549; x_wconf 78' lang='lat' dir='ltr'><strong>puam</strong></span> <span class='ocrx_word' id='word_1_232' title='bbox 553 3499 760 3548; x_wconf 89' lang='lat' dir='ltr'><strong>semper</strong></span> <span class='ocrx_word' id='word_1_233' title='bbox 788 3488 997 3536; x_wconf 83' lang='lat' dir='ltr'><strong>navavit</strong></span> <span class='ocrx_word' id='word_1_234' title='bbox 1017 3500 1243 3549; x_wconf 87' lang='lat' dir='ltr'><strong>operam.</strong></span> <span class='ocrx_word' id='word_1_235' title='bbox 1315 3487 1428 3536; x_wconf 86' lang='lat' dir='ltr'><strong>Um-</strong></span> 
     </span>
     <span class='ocr_line' id='line_1_39' title="bbox 364 3559 1430 3629; baseline 0.005 -21"><span class='ocrx_word' id='word_1_236' title='bbox 364 3559 501 3609; x_wconf 67' lang='lat' dir='ltr'><strong>bram</strong></span> <span class='ocrx_word' id='word_1_237' title='bbox 522 3566 696 3610; x_wconf 86' lang='lat' dir='ltr'><strong>autem</strong></span> <span class='ocrx_word' id='word_1_238' title='bbox 729 3562 824 3613; x_wconf 83' lang='lat' dir='ltr'><strong>hoc</strong></span> <span class='ocrx_word' id='word_1_239' title='bbox 856 3563 969 3613; x_wconf 85' lang='lat' dir='ltr'><strong>loco</strong></span> <span class='ocrx_word' id='word_1_240' title='bbox 1009 3577 1105 3627; x_wconf 86' lang='lat' dir='ltr'><strong>pro</strong></span> <span class='ocrx_word' id='word_1_241' title='bbox 1141 3563 1318 3629; x_wconf 89' lang='lat' dir='ltr'><strong>quiete</strong></span> <span class='ocrx_word' id='word_1_242' title='bbox 1342 3578 1430 3628; x_wconf 90' lang='lat' dir='ltr'><strong>po·</strong></span> 
     </span>
     <span class='ocr_line' id='line_1_40' title="bbox 364 3634 1433 3701; baseline 0.007 -18"><span class='ocrx_word' id='word_1_243' title='bbox 364 3634 466 3699; x_wconf 84' lang='lat' dir='ltr'><strong>nit,</strong></span> <span class='ocrx_word' id='word_1_244' title='bbox 503 3637 640 3701; x_wconf 90' lang='lat' dir='ltr'><strong>quod</strong></span> <span class='ocrx_word' id='word_1_245' title='bbox 682 3652 744 3688; x_wconf 87' lang='lat' dir='ltr'><strong>ea</strong></span> <span class='ocrx_word' id='word_1_246' title='bbox 779 3639 949 3688; x_wconf 89' lang='lat' dir='ltr'><strong>studia</strong></span> <span class='ocrx_word' id='word_1_247' title='bbox 970 3641 1264 3701; x_wconf 76' lang='lat' dir='ltr'><strong>tractasset,</strong></span> <span class='ocrx_word' id='word_1_248' title='bbox 1285 3642 1433 3690; x_wconf 81' lang='lat' dir='ltr'><strong>velut·</strong></span> 
     </span>
     <span class='ocr_line' id='line_1_41' title="bbox 363 3712 1427 3779; baseline 0.003 -17"><span class='ocrx_word' id='word_1_249' title='bbox 363 3712 419 3762; x_wconf 83' lang='lat' dir='ltr'><strong>in</strong></span> <span class='ocrx_word' id='word_1_250' title='bbox 438 3728 665 3775; x_wconf 87' lang='lat' dir='ltr'><strong>secessu,</strong></span> <span class='ocrx_word' id='word_1_251' title='bbox 688 3715 911 3764; x_wconf 89' lang='lat' dir='ltr'><strong>nondum</strong></span> <span class='ocrx_word' id='word_1_252' title='bbox 930 3716 1156 3779; x_wconf 54' lang='lat' dir='ltr'><strong>*publicis</strong></span> <span class='ocrx_word' id='word_1_253' title='bbox 1185 3715 1427 3779; x_wconf 81' lang='lat' dir='ltr'><strong>negotiis,</strong></span> 
     </span>
     <span class='ocr_line' id='line_1_42' title="bbox 365 3789 1330 3854; baseline 0.004 -17"><span class='ocrx_word' id='word_1_254' title='bbox 365 3793 525 3854; x_wconf 62' lang='lat' dir='ltr'><strong>atque</strong></span> <span class='ocrx_word' id='word_1_255' title='bbox 543 3791 678 3838; x_wconf 79' lang='lat' dir='ltr'><strong>curis</strong></span> <span class='ocrx_word' id='word_1_256' title='bbox 698 3789 983 3853; x_wconf 86' lang='lat' dir='ltr'><strong>appositus.</strong></span> <span class='ocrx_word' id='word_1_257' title='bbox 1041 3791 1330 3841; x_wconf 77' lang='lat' dir='ltr'><strong>Freinshem.</strong></span> 
     </span>
    </p>

    <p class='ocr_par' dir='ltr' id='par_1_13' title="bbox 343 3864 1427 4315">
     <span class='ocr_line' id='line_1_43' title="bbox 433 3864 1427 3929; baseline 0.005 -17"><span class='ocrx_word' id='word_1_258' title='bbox 433 3864 495 3912; x_wconf 73' lang='lat' dir='ltr'><strong>In</strong></span> <span class='ocrx_word' id='word_1_259' title='bbox 514 3865 680 3913; x_wconf 75' lang='lat' dir='ltr'><strong>umbra</strong></span> <span class='ocrx_word' id='word_1_260' title='bbox 699 3866 918 3929; x_wconf 69' lang='grc' dir='ltr'><strong><em>εάιιοαεα]</em></strong></span> <span class='ocrx_word' id='word_1_261' title='bbox 954 3866 1033 3915; x_wconf 89' lang='lat' dir='ltr'><strong>lbi</strong></span> <span class='ocrx_word' id='word_1_262' title='bbox 1055 3867 1254 3917; x_wconf 86' lang='lat' dir='ltr'><strong>Seneca</strong></span> <span class='ocrx_word' id='word_1_263' title='bbox 1276 3868 1427 3917; x_wconf 89' lang='lat' dir='ltr'><strong>intel·</strong></span> 
     </span>
     <span class='ocr_line' id='line_1_44' title="bbox 343 3938 1427 4007; baseline 0.005 -19"><span class='ocrx_word' id='word_1_264' title='bbox 343 3938 488 4002; x_wconf 52' lang='lat' dir='ltr'><strong>‚tigit</strong></span> <span class='ocrx_word' id='word_1_265' title='bbox 507 3941 698 4000; x_wconf 85' lang='lat' dir='ltr'><strong>studia,</strong></span> <span class='ocrx_word' id='word_1_266' title='bbox 731 3958 756 3991; x_wconf 83' lang='lat' dir='ltr'><strong>e</strong></span> <span class='ocrx_word' id='word_1_267' title='bbox 794 3942 961 4006; x_wconf 74' lang='lat' dir='ltr'><strong>quibus</strong></span> <span class='ocrx_word' id='word_1_268' title='bbox 982 3943 1079 4007; x_wconf 77' lang='lat' dir='ltr'><strong>ipsi</strong></span> <span class='ocrx_word' id='word_1_269' title='bbox 1101 3944 1331 3992; x_wconf 74' lang='lat' dir='ltr'><strong>claritudo</strong></span> <span class='ocrx_word' id='word_1_270' title='bbox 1350 3957 1427 3993; x_wconf 79' lang='lat' dir='ltr'><strong>ve·</strong></span> 
     </span>
     <span class='ocr_line' id='line_1_45' title="bbox 363 4015 1425 4085; baseline 0.001 -17"><span class='ocrx_word' id='word_1_271' title='bbox 363 4015 462 4081; x_wconf 71' lang='lat' dir='ltr'><strong>nit,</strong></span> <span class='ocrx_word' id='word_1_272' title='bbox 479 4020 614 4081; x_wconf 86' lang='lat' dir='ltr'><strong>quod</strong></span> <span class='ocrx_word' id='word_1_273' title='bbox 627 4020 898 4083; x_wconf 85' lang='lat' dir='ltr'><strong>juventam</strong></span> <span class='ocrx_word' id='word_1_274' title='bbox 915 4020 1137 4070; x_wconf 86' lang='lat' dir='ltr'><strong>Neronis</strong></span> <span class='ocrx_word' id='word_1_275' title='bbox 1154 4020 1425 4085; x_wconf 84' lang='lat' dir='ltr'><strong>erudierit,</strong></span> 
     </span>
     <span class='ocr_line' id='line_1_46' title="bbox 365 4092 1425 4163; baseline 0.005 -21"><span class='ocrx_word' id='word_1_276' title='bbox 365 4098 428 4143; x_wconf 82' lang='lat' dir='ltr'><strong>ut</strong></span> <span class='ocrx_word' id='word_1_277' title='bbox 469 4092 582 4158; x_wconf 82' lang='lat' dir='ltr'><strong>ipse</strong></span> <span class='ocrx_word' id='word_1_278' title='bbox 629 4095 840 4145; x_wconf 74' lang='lat' dir='ltr'><strong>fatetur.</strong></span> <span class='ocrx_word' id='word_1_279' title='bbox 925 4094 1001 4145; x_wconf 85' lang='lat' dir='ltr'><strong>At</strong></span> <span class='ocrx_word' id='word_1_280' title='bbox 1055 4097 1425 4163; x_wconf 74' lang='lat' dir='ltr'><strong>philosophiam</strong></span> 
     </span>
     <span class='ocr_line' id='line_1_47' title="bbox 362 4168 1425 4237; baseline 0.006 -20"><span class='ocrx_word' id='word_1_281' title='bbox 362 4168 660 4220; x_wconf 82' lang='lat' dir='ltr'><strong>nullatenus</strong></span> <span class='ocrx_word' id='word_1_282' title='bbox 703 4170 878 4221; x_wconf 86' lang='lat' dir='ltr'><strong>docuit</strong></span> <span class='ocrx_word' id='word_1_283' title='bbox 915 4172 1109 4223; x_wconf 84' lang='lat' dir='ltr'><strong>Seneca</strong></span> <span class='ocrx_word' id='word_1_284' title='bbox 1143 4173 1425 4237; x_wconf 84' lang='lat' dir='ltr'><strong>Neronem,</strong></span> 
     </span>
     <span class='ocr_line' id='line_1_48' title="bbox 364 4244 1425 4315; baseline 0.005 -20"><span class='ocrx_word' id='word_1_285' title='bbox 364 4244 421 4295; x_wconf 86' lang='lat' dir='ltr'><strong>id</strong></span> <span class='ocrx_word' id='word_1_286' title='bbox 459 4250 672 4298; x_wconf 77' lang='lat' dir='ltr'><strong>vetante</strong></span> <span class='ocrx_word' id='word_1_287' title='bbox 701 4246 1008 4314; x_wconf 78' lang='lat' dir='ltr'><strong>Agrippina,</strong></span> <span class='ocrx_word' id='word_1_288' title='bbox 1045 4250 1189 4315; x_wconf 82' lang='lat' dir='ltr'><strong>quasi</strong></span> <span class='ocrx_word' id='word_1_289' title='bbox 1217 4264 1282 4301; x_wconf 80' lang='lat' dir='ltr'><strong>ea</strong></span> <span class='ocrx_word' id='word_1_290' title='bbox 1311 4265 1425 4303; x_wconf 82' lang='lat' dir='ltr'><strong>cor-</strong></span> 
     </span>
    </p>
   </div>
   <div class='ocr_carea' id='block_1_11' title="bbox 1504 1797 2580 3318">
    <p class='ocr_par' dir='ltr' id='par_1_14' title="bbox 1505 1797 2580 2092">
     <span class='ocr_line' id='line_1_49' title="bbox 1509 1797 2580 1862; baseline 0.004 -15"><span class='ocrx_word' id='word_1_291' title='bbox 1509 1805 1774 1862; x_wconf 85' lang='lat' dir='ltr'><strong>rumperet</strong></span> <span class='ocrx_word' id='word_1_292' title='bbox 1795 1797 2053 1861; x_wconf 82' lang='lat' dir='ltr'><strong>ingenium</strong></span> <span class='ocrx_word' id='word_1_293' title='bbox 2089 1798 2428 1861; x_wconf 80' lang='lat' dir='ltr'><strong>dominantis;</strong></span> <span class='ocrx_word' id='word_1_294' title='bbox 2475 1802 2580 1851; x_wconf 81' lang='lat' dir='ltr'><strong>sed&#39;</strong></span> 
     </span>
     <span class='ocr_line' id='line_1_50' title="bbox 1508 1875 2568 1943; baseline 0.004 -19"><span class='ocrx_word' id='word_1_295' title='bbox 1508 1875 1689 1925; x_wconf 79' lang='lat' dir='ltr'><strong>docuit</strong></span> <span class='ocrx_word' id='word_1_296' title='bbox 1710 1875 1940 1926; x_wconf 86' lang='lat' dir='ltr'><strong>carmina</strong></span> <span class='ocrx_word' id='word_1_297' title='bbox 1960 1881 2015 1925; x_wconf 87' lang='lat' dir='ltr'><strong>et</strong></span> <span class='ocrx_word' id='word_1_298' title='bbox 2040 1877 2304 1940; x_wconf 79' lang='lat' dir='ltr'><strong>praecipue</strong></span> <span class='ocrx_word' id='word_1_299' title='bbox 2326 1878 2568 1943; x_wconf 85' lang='lat' dir='ltr'><strong>eloquen-</strong></span> 
     </span>
     <span class='ocr_line' id='line_1_51' title="bbox 1507 1951 2570 2020; baseline 0.007 -20"><span class='ocrx_word' id='word_1_300' title='bbox 1507 1951 1652 2014; x_wconf 86' lang='lat' dir='ltr'><strong>tiam,</strong></span> <span class='ocrx_word' id='word_1_301' title='bbox 1676 1953 1752 2001; x_wconf 86' lang='lat' dir='ltr'><strong>ita</strong></span> <span class='ocrx_word' id='word_1_302' title='bbox 1788 1958 1846 2000; x_wconf 90' lang='lat' dir='ltr'><strong>ut</strong></span> <span class='ocrx_word' id='word_1_303' title='bbox 1882 1952 2124 2003; x_wconf 79' lang='lat' dir='ltr'><strong>continua</strong></span> <span class='ocrx_word' id='word_1_304' title='bbox 2157 1955 2392 2005; x_wconf 80' lang='lat' dir='ltr'><strong>oratione</strong></span> <span class='ocrx_word' id='word_1_305' title='bbox 2427 1957 2570 2020; x_wconf 80' lang='lat' dir='ltr'><strong>apud</strong></span> 
     </span>
     <span class='ocr_line' id='line_1_52' title="bbox 1505 2027 2572 2092; baseline 0.005 -12"><span class='ocrx_word' id='word_1_306' title='bbox 1505 2027 1749 2081; x_wconf 70' lang='lat' dir='ltr'><strong>Senatum</strong></span> <span class='ocrx_word' id='word_1_307' title='bbox 1773 2034 2040 2092; x_wconf 85' lang='lat' dir='ltr'><strong>peroraret</strong></span> <span class='ocrx_word' id='word_1_308' title='bbox 2062 2030 2222 2079; x_wconf 85' lang='lat' dir='ltr'><strong>Nero.</strong></span> <span class='ocrx_word' id='word_1_309' title='bbox 2567 2082 2572 2085; x_wconf 82' lang='lat'><strong>.</strong></span> 
     </span>
    </p>

    <p class='ocr_par' dir='ltr' id='par_1_15' title="bbox 1505 2105 2576 2852">
     <span class='ocr_line' id='line_1_53' title="bbox 1574 2105 2568 2174; baseline 0.004 -18"><span class='ocrx_word' id='word_1_310' title='bbox 1574 2105 1689 2159; x_wconf 85' lang='lat' dir='ltr'><strong>Nec</strong></span> <span class='ocrx_word' id='word_1_311' title='bbox 1709 2119 1803 2168; x_wconf 90' lang='lat' dir='ltr'><strong>per</strong></span> <span class='ocrx_word' id='word_1_312' title='bbox 1825 2105 1998 2154; x_wconf 88' lang='lat' dir='ltr'><strong>studia</strong></span> <span class='ocrx_word' id='word_1_313' title='bbox 2027 2105 2078 2153; x_wconf 91' lang='lat' dir='ltr'><strong>iu</strong></span> <span class='ocrx_word' id='word_1_314' title='bbox 2116 2107 2297 2155; x_wconf 83' lang='lat' dir='ltr'><strong>umbra</strong></span> <span class='ocrx_word' id='word_1_315' title='bbox 2325 2107 2568 2174; x_wconf 87' lang='lat' dir='ltr'><strong>educata,</strong></span> 
     </span>
     <span class='ocr_line' id='line_1_54' title="bbox 1507 2179 2567 2241; baseline 0.01 -15"><span class='ocrx_word' id='word_1_316' title='bbox 1507 2179 1731 2241; x_wconf 87' lang='lat' dir='ltr'><strong>intelligi</strong></span> <span class='ocrx_word' id='word_1_317' title='bbox 1754 2179 1913 2231; x_wconf 89' lang='lat' dir='ltr'><strong>debet</strong></span> <span class='ocrx_word' id='word_1_318' title='bbox 1942 2181 2116 2231; x_wconf 86' lang='lat' dir='ltr'><strong>schola</strong></span> <span class='ocrx_word' id='word_1_319' title='bbox 2148 2180 2567 2238; x_wconf 79' lang='lat' dir='ltr'><strong>declamatorum.</strong></span> 
     </span>
     <span class='ocr_line' id='line_1_55' title="bbox 1509 2255 2576 2316; baseline 0.007 -14"><span class='ocrx_word' id='word_1_320' title='bbox 1509 2255 1640 2306; x_wconf 86' lang='lat' dir='ltr'><strong>Quis</strong></span> <span class='ocrx_word' id='word_1_321' title='bbox 1676 2256 1811 2304; x_wconf 91' lang='lat' dir='ltr'><strong>enim</strong></span> <span class='ocrx_word' id='word_1_322' title='bbox 1849 2263 2120 2305; x_wconf 85' lang='lat' dir='ltr'><strong>auctorum</strong></span> <span class='ocrx_word' id='word_1_323' title='bbox 2154 2257 2288 2306; x_wconf 86' lang='lat' dir='ltr'><strong>dixit</strong></span> <span class='ocrx_word' id='word_1_324' title='bbox 2317 2259 2576 2316; x_wconf 68' lang='lat' dir='ltr'><strong>Senecam⁴</strong></span> 
     </span>
     <span class='ocr_line' id='line_1_56' title="bbox 1508 2329 2567 2397; baseline 0.008 -21"><span class='ocrx_word' id='word_1_325' title='bbox 1508 2329 1721 2391; x_wconf 87' lang='lat' dir='ltr'><strong>publice</strong></span> <span class='ocrx_word' id='word_1_326' title='bbox 1766 2329 1819 2379; x_wconf 89' lang='lat' dir='ltr'><strong>in</strong></span> <span class='ocrx_word' id='word_1_327' title='bbox 1863 2331 2038 2380; x_wconf 87' lang='lat' dir='ltr'><strong>schola</strong></span> <span class='ocrx_word' id='word_1_328' title='bbox 2086 2331 2416 2397; x_wconf 85' lang='lat' dir='ltr'><strong>declamasse,</strong></span> <span class='ocrx_word' id='word_1_329' title='bbox 2471 2335 2567 2385; x_wconf 86' lang='lat' dir='ltr'><strong>nisi</strong></span> 
     </span>
     <span class='ocr_line' id='line_1_57' title="bbox 1506 2403 2569 2470; baseline 0.008 -16"><span class='ocrx_word' id='word_1_330' title='bbox 1506 2403 1648 2456; x_wconf 82' lang='lat' dir='ltr'><strong>forte</strong></span> <span class='ocrx_word' id='word_1_331' title='bbox 1670 2405 2070 2470; x_wconf 86' lang='lat' dir='ltr'><strong>adolescentem,</strong></span> <span class='ocrx_word' id='word_1_332' title='bbox 2084 2409 2204 2457; x_wconf 89' lang='lat' dir='ltr'><strong>dum</strong></span> <span class='ocrx_word' id='word_1_333' title='bbox 2228 2408 2457 2460; x_wconf 84' lang='lat' dir='ltr'><strong>disceret</strong></span> <span class='ocrx_word' id='word_1_334' title='bbox 2474 2411 2569 2462; x_wconf 83' lang='lat' dir='ltr'><strong>sub</strong></span> 
     </span>
     <span class='ocr_line' id='line_1_58' title="bbox 1505 2484 2567 2552; baseline 0.003 -20"><span class='ocrx_word' id='word_1_335' title='bbox 1505 2484 1796 2552; x_wconf 82' lang='lat' dir='ltr'><strong>magistris?</strong></span> <span class='ocrx_word' id='word_1_336' title='bbox 1864 2484 2037 2547; x_wconf 78' lang='lat' dir='ltr'><strong>Igitur</strong></span> <span class='ocrx_word' id='word_1_337' title='bbox 2097 2498 2193 2548; x_wconf 90' lang='lat' dir='ltr'><strong>per</strong></span> <span class='ocrx_word' id='word_1_338' title='bbox 2253 2485 2415 2536; x_wconf 69' lang='lat' dir='ltr'><strong>studia</strong></span> <span class='ocrx_word' id='word_1_339' title='bbox 2473 2486 2567 2549; x_wconf 89' lang='lat' dir='ltr'><strong>ihi,</strong></span> 
     </span>
     <span class='ocr_line' id='line_1_59' title="bbox 1507 2561 2567 2626; baseline 0.004 -16"><span class='ocrx_word' id='word_1_340' title='bbox 1507 2561 1743 2626; x_wconf 85' lang='lat' dir='ltr'><strong>intellige</strong></span> <span class='ocrx_word' id='word_1_341' title='bbox 1786 2576 1960 2611; x_wconf 88' lang='lat' dir='ltr'><strong>omnes</strong></span> <span class='ocrx_word' id='word_1_342' title='bbox 2021 2561 2243 2626; x_wconf 88' lang='lat' dir='ltr'><strong>optimas</strong></span> <span class='ocrx_word' id='word_1_343' title='bbox 2293 2569 2453 2626; x_wconf 89' lang='lat' dir='ltr'><strong>artes,</strong></span> <span class='ocrx_word' id='word_1_344' title='bbox 2510 2571 2567 2614; x_wconf 88' lang='lat' dir='ltr'><strong>et</strong></span> 
     </span>
     <span class='ocr_line' id='line_1_60' title="bbox 1509 2639 2567 2703; baseline 0.002 -16"><span class='ocrx_word' id='word_1_345' title='bbox 1509 2639 1773 2703; x_wconf 59' lang='lat' dir='ltr'><strong>praecipue</strong></span> <span class='ocrx_word' id='word_1_346' title='bbox 1792 2639 2167 2703; x_wconf 86' lang='lat' dir='ltr'><strong>eloquentiam;</strong></span> <span class='ocrx_word' id='word_1_347' title='bbox 2203 2652 2328 2703; x_wconf 86' lang='lat' dir='ltr'><strong>quas</strong></span> <span class='ocrx_word' id='word_1_348' title='bbox 2352 2646 2490 2689; x_wconf 90' lang='lat' dir='ltr'><strong>artes</strong></span> <span class='ocrx_word' id='word_1_349' title='bbox 2512 2640 2567 2689; x_wconf 89' lang='lat' dir='ltr'><strong>in</strong></span> 
     </span>
     <span class='ocr_line' id='line_1_61' title="bbox 1508 2712 2568 2780; baseline 0.001 -15"><span class='ocrx_word' id='word_1_350' title='bbox 1508 2729 1720 2765; x_wconf 87' lang='lat' dir='ltr'><strong>secessu</strong></span> <span class='ocrx_word' id='word_1_351' title='bbox 1755 2722 1812 2765; x_wconf 89' lang='lat' dir='ltr'><strong>et</strong></span> <span class='ocrx_word' id='word_1_352' title='bbox 1846 2716 1954 2765; x_wconf 90' lang='lat' dir='ltr'><strong>otio</strong></span> <span class='ocrx_word' id='word_1_353' title='bbox 1993 2712 2171 2778; x_wconf 84' lang='lat' dir='ltr'><strong>coluit,</strong></span> <span class='ocrx_word' id='word_1_354' title='bbox 2211 2721 2271 2764; x_wconf 92' lang='lat' dir='ltr'><strong>ut</strong></span> <span class='ocrx_word' id='word_1_355' title='bbox 2320 2716 2568 2780; x_wconf 83' lang='lat' dir='ltr'><strong>magister</strong></span> 
     </span>
     <span class='ocr_line' id='line_1_62' title="bbox 1510 2790 2178 2852; baseline 0.001 -13"><span class='ocrx_word' id='word_1_356' title='bbox 1510 2791 1751 2852; x_wconf 86' lang='lat' dir='ltr'><strong>Caesaris,</strong></span> <span class='ocrx_word' id='word_1_357' title='bbox 1773 2798 1827 2840; x_wconf 91' lang='lat' dir='ltr'><strong>et</strong></span> <span class='ocrx_word' id='word_1_358' title='bbox 1849 2790 1987 2840; x_wconf 84' lang='lat' dir='ltr'><strong>forte</strong></span> <span class='ocrx_word' id='word_1_359' title='bbox 2007 2795 2178 2840; x_wconf 82' lang='lat' dir='ltr'><strong>antea.</strong></span> 
     </span>
    </p>

    <p class='ocr_par' dir='ltr' id='par_1_16' title="bbox 1504 2856 2574 3318">
     <span class='ocr_line' id='line_1_63' title="bbox 1564 2856 2567 2930; baseline 0.001 -13"><span class='ocrx_word' id='word_1_360' title='bbox 1564 2856 1678 2917; x_wconf 67' lang='lat' dir='ltr'><strong>‘Sed</strong></span> <span class='ocrx_word' id='word_1_361' title='bbox 1712 2882 1829 2916; x_wconf 89' lang='lat' dir='ltr'><strong>eum</strong></span> <span class='ocrx_word' id='word_1_362' title='bbox 1859 2868 2161 2930; x_wconf 80' lang='lat' dir='ltr'><strong>magistrum</strong></span> <span class='ocrx_word' id='word_1_363' title='bbox 2189 2880 2279 2916; x_wconf 87' lang='lat' dir='ltr'><strong>seu</strong></span> <span class='ocrx_word' id='word_1_364' title='bbox 2310 2867 2567 2918; x_wconf 85' lang='lat' dir='ltr'><strong>declama·</strong></span> 
     </span>
     <span class='ocr_line' id='line_1_64' title="bbox 1508 2944 2565 3009; baseline 0.002 -14"><span class='ocrx_word' id='word_1_365' title='bbox 1508 2952 1677 2995; x_wconf 85' lang='lat' dir='ltr'><strong>torem</strong></span> <span class='ocrx_word' id='word_1_366' title='bbox 1690 2952 1844 2996; x_wconf 78' lang='lat' dir='ltr'><strong>vocat</strong></span> <span class='ocrx_word' id='word_1_367' title='bbox 1858 2946 1972 3009; x_wconf 88' lang='lat' dir='ltr'><strong>ipsa</strong></span> <span class='ocrx_word' id='word_1_368' title='bbox 1984 2944 2278 3009; x_wconf 80' lang='lat' dir='ltr'><strong>Agrippina</strong></span> <span class='ocrx_word' id='word_1_369' title='bbox 2289 2946 2326 2998; x_wconf 92' lang='lat' dir='ltr'><strong>l.</strong></span> <span class='ocrx_word' id='word_1_370' title='bbox 2340 2960 2467 2998; x_wconf 82' lang='lat' dir='ltr'><strong>xm.</strong></span> <span class='ocrx_word' id='word_1_371' title='bbox 2486 2951 2565 2997; x_wconf 74' lang='lat'><strong>14.</strong></span> 
     </span>
     <span class='ocr_line' id='line_1_65' title="bbox 1505 3022 2566 3087; baseline 0.004 -16"><span class='ocrx_word' id='word_1_372' title='bbox 1505 3025 1522 3051; x_wconf 77' lang='lat'>⁸</span> <span class='ocrx_word' id='word_1_373' title='bbox 1550 3022 1862 3087; x_wconf 81' lang='lat' dir='ltr'><strong>professoria</strong></span> <span class='ocrx_word' id='word_1_374' title='bbox 1892 3022 2103 3086; x_wconf 57' lang='lat' dir='ltr'><strong>lingua)</strong></span> <span class='ocrx_word' id='word_1_375' title='bbox 2136 3024 2330 3073; x_wconf 85' lang='lat' dir='ltr'><strong>Verum</strong></span> <span class='ocrx_word' id='word_1_376' title='bbox 2351 3024 2436 3074; x_wconf 69' lang='lat' dir='ltr'><strong>ide</strong></span> <span class='ocrx_word' id='word_1_377' title='bbox 2473 3025 2566 3075; x_wconf 87' lang='lat' dir='ltr'><strong>sed</strong></span> 
     </span>
     <span class='ocr_line' id='line_1_66' title="bbox 1504 3101 2568 3166; baseline 0.002 -15"><span class='ocrx_word' id='word_1_378' title='bbox 1504 3115 1602 3165; x_wconf 91' lang='lat' dir='ltr'><strong>per</strong></span> <span class='ocrx_word' id='word_1_379' title='bbox 1623 3101 1828 3163; x_wconf 88' lang='lat' dir='ltr'><strong>odium;</strong></span> <span class='ocrx_word' id='word_1_380' title='bbox 1861 3115 1966 3150; x_wconf 88' lang='lat' dir='ltr'><strong>non</strong></span> <span class='ocrx_word' id='word_1_381' title='bbox 1982 3115 2105 3150; x_wconf 83' lang='lat' dir='ltr'><strong>vero</strong></span> <span class='ocrx_word' id='word_1_382' title='bbox 2121 3101 2261 3166; x_wconf 89' lang='lat' dir='ltr'><strong>quod</strong></span> <span class='ocrx_word' id='word_1_383' title='bbox 2284 3102 2568 3153; x_wconf 84' lang='lat' dir='ltr'><strong>declamas·</strong></span> 
     </span>
     <span class='ocr_line' id='line_1_67' title="bbox 1505 3178 2574 3245; baseline 0.003 -18"><span class='ocrx_word' id='word_1_384' title='bbox 1505 3185 1590 3227; x_wconf 85' lang='lat' dir='ltr'><strong>set</strong></span> <span class='ocrx_word' id='word_1_385' title='bbox 1624 3179 1849 3242; x_wconf 89' lang='lat' dir='ltr'><strong>publice,</strong></span> <span class='ocrx_word' id='word_1_386' title='bbox 1872 3185 1963 3228; x_wconf 84' lang='lat' dir='ltr'><strong>aut</strong></span> <span class='ocrx_word' id='word_1_387' title='bbox 1996 3178 2406 3241; x_wconf 85' lang='lat' dir='ltr'><strong>ludimagistrum</strong></span> <span class='ocrx_word' id='word_1_388' title='bbox 2451 3194 2574 3245; x_wconf 81' lang='lat' dir='ltr'><strong>pro·</strong></span> 
     </span>
     <span class='ocr_line' id='line_1_68' title="bbox 1505 3252 2573 3318; baseline 0.005 -15"><span class='ocrx_word' id='word_1_389' title='bbox 1505 3252 1672 3303; x_wconf 73' lang='lat' dir='ltr'><strong>fessus</strong></span> <span class='ocrx_word' id='word_1_390' title='bbox 1701 3260 1867 3313; x_wconf 81' lang='lat' dir='ltr'><strong>esset3</strong></span> <span class='ocrx_word' id='word_1_391' title='bbox 1903 3253 1994 3303; x_wconf 89' lang='lat' dir='ltr'><strong>sed</strong></span> <span class='ocrx_word' id='word_1_392' title='bbox 2030 3254 2150 3318; x_wconf 80' lang='lat' dir='ltr'><strong>qnia</strong></span> <span class='ocrx_word' id='word_1_393' title='bbox 2186 3255 2241 3302; x_wconf 90' lang='lat' dir='ltr'><strong>in</strong></span> <span class='ocrx_word' id='word_1_394' title='bbox 2279 3255 2333 3303; x_wconf 88' lang='lat' dir='ltr'><strong>id</strong></span> <span class='ocrx_word' id='word_1_395' title='bbox 2368 3257 2573 3307; x_wconf 81' lang='lat' dir='ltr'><strong>electus·</strong></span> 
     </span>
    </p>
   </div>
   <div class='ocr_carea' id='block_1_12' title="bbox 1481 3329 2574 3395">
    <p class='ocr_par' dir='ltr' id='par_1_17' title="bbox 1481 3329 2574 3395">
     <span class='ocr_line' id='line_1_69' title="bbox 1481 3329 2574 3395; baseline 0.004 -17"><span class='ocrx_word' id='word_1_396' title='bbox 1481 3337 1564 3379; x_wconf 78' lang='lat' dir='ltr'><strong>‚et</strong></span> <span class='ocrx_word' id='word_1_397' title='bbox 1581 3330 1781 3379; x_wconf 83' lang='lat' dir='ltr'><strong>ascitus</strong></span> <span class='ocrx_word' id='word_1_398' title='bbox 1802 3330 1856 3378; x_wconf 90' lang='lat' dir='ltr'><strong>in</strong></span> <span class='ocrx_word' id='word_1_399' title='bbox 1879 3331 2067 3395; x_wconf 78' lang='lat' dir='ltr'><strong>aulam,</strong></span> <span class='ocrx_word' id='word_1_400' title='bbox 2081 3337 2140 3378; x_wconf 92' lang='lat' dir='ltr'><strong>ut</strong></span> <span class='ocrx_word' id='word_1_401' title='bbox 2162 3329 2493 3393; x_wconf 79' lang='lat' dir='ltr'><strong>profiteretur</strong></span> <span class='ocrx_word' id='word_1_402' title='bbox 2515 3334 2574 3382; x_wconf 84' lang='lat' dir='ltr'><strong>in</strong></span> 
     </span>
    </p>
   </div>
   <div class='ocr_carea' id='block_1_13' title="bbox 1505 3405 2576 4227">
    <p class='ocr_par' dir='ltr' id='par_1_18' title="bbox 1505 3405 2576 3699">
     <span class='ocr_line' id='line_1_70' title="bbox 1508 3405 2576 3468; baseline 0.007 -15"><span class='ocrx_word' id='word_1_403' title='bbox 1508 3406 1722 3468; x_wconf 90' lang='lat' dir='ltr'><strong>palatio,</strong></span> <span class='ocrx_word' id='word_1_404' title='bbox 1743 3412 1798 3454; x_wconf 88' lang='lat' dir='ltr'><strong>et</strong></span> <span class='ocrx_word' id='word_1_405' title='bbox 1820 3411 1879 3455; x_wconf 89' lang='lat' dir='ltr'><strong>ut</strong></span> <span class='ocrx_word' id='word_1_406' title='bbox 1911 3406 2001 3453; x_wconf 86' lang='lat' dir='ltr'><strong>tali</strong></span> <span class='ocrx_word' id='word_1_407' title='bbox 2039 3405 2284 3468; x_wconf 86' lang='lat' dir='ltr'><strong>magistro</strong></span> <span class='ocrx_word' id='word_1_408' title='bbox 2307 3407 2576 3459; x_wconf 72' lang='lat' dir='ltr'><strong>adolesce-</strong></span> 
     </span>
     <span class='ocr_line' id='line_1_71' title="bbox 1507 3480 2569 3546; baseline 0.006 -17"><span class='ocrx_word' id='word_1_409' title='bbox 1507 3487 1592 3529; x_wconf 77' lang='lat' dir='ltr'><strong>ret</strong></span> <span class='ocrx_word' id='word_1_410' title='bbox 1617 3482 1775 3531; x_wconf 82' lang='lat' dir='ltr'><strong>Nero.</strong></span> <span class='ocrx_word' id='word_1_411' title='bbox 1829 3480 2233 3531; x_wconf 82' lang='lat' dir='ltr'><strong>Declamaverat</strong></span> <span class='ocrx_word' id='word_1_412' title='bbox 2254 3481 2458 3546; x_wconf 88' lang='lat' dir='ltr'><strong>publice</strong></span> <span class='ocrx_word' id='word_1_413' title='bbox 2479 3485 2569 3535; x_wconf 86' lang='lat' dir='ltr'><strong>Se·</strong></span> 
     </span>
     <span class='ocr_line' id='line_1_72' title="bbox 1505 3558 2570 3627; baseline 0.007 -20"><span class='ocrx_word' id='word_1_414' title='bbox 1505 3572 1658 3619; x_wconf 87' lang='lat' dir='ltr'><strong>neca,</strong></span> <span class='ocrx_word' id='word_1_415' title='bbox 1693 3572 1794 3608; x_wconf 89' lang='lat' dir='ltr'><strong>non</strong></span> <span class='ocrx_word' id='word_1_416' title='bbox 1815 3559 1868 3607; x_wconf 85' lang='lat' dir='ltr'><strong>in</strong></span> <span class='ocrx_word' id='word_1_417' title='bbox 1907 3559 2115 3620; x_wconf 79' lang='lat' dir='ltr'><strong>schola3</strong></span> <span class='ocrx_word' id='word_1_418' title='bbox 2148 3558 2243 3607; x_wconf 87' lang='lat' dir='ltr'><strong>sed</strong></span> <span class='ocrx_word' id='word_1_419' title='bbox 2281 3559 2334 3609; x_wconf 86' lang='lat' dir='ltr'><strong>in</strong></span> <span class='ocrx_word' id='word_1_420' title='bbox 2356 3558 2485 3627; x_wconf 81' lang='lat' dir='ltr'><strong>foro,</strong></span> <span class='ocrx_word' id='word_1_421' title='bbox 2505 3570 2570 3614; x_wconf 78' lang='lat' dir='ltr'><strong>ut</strong></span> 
     </span>
     <span class='ocr_line' id='line_1_73' title="bbox 1505 3634 2470 3699; baseline 0.002 -15"><span class='ocrx_word' id='word_1_422' title='bbox 1505 3634 1731 3699; x_wconf 86' lang='lat' dir='ltr'><strong>optimus</strong></span> <span class='ocrx_word' id='word_1_423' title='bbox 1756 3634 1990 3699; x_wconf 82' lang='lat' dir='ltr'><strong>quisque.</strong></span> <span class='ocrx_word' id='word_1_424' title='bbox 2467 3657 2470 3660; x_wconf 97' lang='lat'>·</span> 
     </span>
    </p>

    <p class='ocr_par' dir='ltr' id='par_1_19' title="bbox 1505 3714 2572 4227">
     <span class='ocr_line' id='line_1_74' title="bbox 1571 3714 2571 3784; baseline 0.004 -21"><span class='ocrx_word' id='word_1_425' title='bbox 1571 3715 1589 3748; x_wconf 62' lang='lat' dir='ltr'><strong>t</strong></span> <span class='ocrx_word' id='word_1_426' title='bbox 1620 3714 1919 3764; x_wconf 72' lang='lat' dir='ltr'><strong>Innumeram</strong></span> <span class='ocrx_word' id='word_1_427' title='bbox 1933 3715 2181 3779; x_wconf 74' lang='lat' dir='ltr'><strong>pecuniam</strong></span> <span class='ocrx_word' id='word_1_428' title='bbox 2200 3716 2571 3784; x_wconf 63' lang='lat' dir='ltr'><strong>circumdedisti]</strong></span> 
     </span>
     <span class='ocr_line' id='line_1_75' title="bbox 1506 3790 2566 3854; baseline 0.007 -14"><span class='ocrx_word' id='word_1_429' title='bbox 1506 3790 1679 3854; x_wconf 84' lang='lat' dir='ltr'><strong>Vulgo</strong></span> <span class='ocrx_word' id='word_1_430' title='bbox 1707 3791 1900 3840; x_wconf 77' lang='lat' dir='ltr'><strong>dedisti.</strong></span> <span class='ocrx_word' id='word_1_431' title='bbox 1956 3793 2175 3842; x_wconf 84' lang='lat' dir='ltr'><strong>Restitui</strong></span> <span class='ocrx_word' id='word_1_432' title='bbox 2207 3807 2274 3841; x_wconf 86' lang='lat' dir='ltr'><strong>ex</strong></span> <span class='ocrx_word' id='word_1_433' title='bbox 2302 3794 2438 3844; x_wconf 85' lang='lat' dir='ltr'><strong>Flor.</strong></span> <span class='ocrx_word' id='word_1_434' title='bbox 2496 3796 2566 3847; x_wconf 75' lang='lat' dir='ltr'><strong>At</strong></span> 
     </span>
     <span class='ocr_line' id='line_1_76' title="bbox 1505 3866 2567 3931; baseline 0.001 -15"><span class='ocrx_word' id='word_1_435' title='bbox 1505 3872 1562 3916; x_wconf 70' lang='lat' dir='ltr'><strong>tu</strong></span> <span class='ocrx_word' id='word_1_436' title='bbox 1574 3866 1786 3929; x_wconf 58' lang='lat' dir='ltr'><strong>matiam</strong></span> <span class='ocrx_word' id='word_1_437' title='bbox 1805 3867 2094 3929; x_wconf 74' lang='lat' dir='ltr'><strong>immensam,</strong></span> <span class='ocrx_word' id='word_1_438' title='bbox 2115 3868 2411 3919; x_wconf 73' lang='lat' dir='ltr'><strong>innumeram</strong></span> <span class='ocrx_word' id='word_1_439' title='bbox 2425 3882 2567 3931; x_wconf 72' lang='lat' dir='ltr'><strong>pecu-</strong></span> 
     </span>
     <span class='ocr_line' id='line_1_77' title="bbox 1505 3943 2572 3996; baseline 0.004 -4"><span class='ocrx_word' id='word_1_440' title='bbox 1505 3944 1634 3993; x_wconf 72' lang='lat' dir='ltr'><strong>niam</strong></span> <span class='ocrx_word' id='word_1_441' title='bbox 1662 3944 2030 3993; x_wconf 74' lang='lat' dir='ltr'><strong>circumdedisti.</strong></span> <span class='ocrx_word' id='word_1_442' title='bbox 2073 3943 2214 3994; x_wconf 87' lang='lat' dir='ltr'><strong>Hist.</strong></span> <span class='ocrx_word' id='word_1_443' title='bbox 2237 3944 2272 3991; x_wconf 90' lang='lat' dir='ltr'><strong>l.</strong></span> <span class='ocrx_word' id='word_1_444' title='bbox 2296 3958 2362 3992; x_wconf 82' lang='grc' dir='ltr'><strong>ιι.</strong></span> <span class='ocrx_word' id='word_1_445' title='bbox 2424 3943 2572 3996; x_wconf 62' lang='lat' dir='ltr'><strong>‘Girs-=</strong></span> 
     </span>
     <span class='ocr_line' id='line_1_78' title="bbox 1508 4018 2572 4084; baseline 0.002 -15"><span class='ocrx_word' id='word_1_446' title='bbox 1508 4020 1780 4069; x_wconf 87' lang='lat' dir='ltr'><strong>cumdaret</strong></span> <span class='ocrx_word' id='word_1_447' title='bbox 1810 4020 2030 4084; x_wconf 89' lang='lat' dir='ltr'><strong>principi</strong></span> <span class='ocrx_word' id='word_1_448' title='bbox 2065 4018 2347 4069; x_wconf 84' lang='lat' dir='ltr'><strong>ministeria</strong></span> <span class='ocrx_word' id='word_1_449' title='bbox 2364 4018 2395 4067; x_wconf 87' lang='lat'><strong>:&#39;</strong></span> <span class='ocrx_word' id='word_1_450' title='bbox 2426 4019 2462 4069; x_wconf 92' lang='lat' dir='ltr'><strong>l.</strong></span> <span class='ocrx_word' id='word_1_451' title='bbox 2485 4033 2572 4071; x_wconf 73' lang='grc' dir='ltr'><strong>ιν.-</strong></span> 
     </span>
     <span class='ocr_line' id='line_1_79' title="bbox 1506 4094 2572 4162; baseline 0.001 -17"><span class='ocrx_word' id='word_1_452' title='bbox 1506 4096 1525 4125; x_wconf 86' lang='lat'>‘</span> <span class='ocrx_word' id='word_1_453' title='bbox 1548 4096 1819 4160; x_wconf 85' lang='lat' dir='ltr'><strong>pecuniam</strong></span> <span class='ocrx_word' id='word_1_454' title='bbox 1839 4101 1931 4146; x_wconf 77' lang='lat' dir='ltr'><strong>ant</strong></span> <span class='ocrx_word' id='word_1_455' title='bbox 1951 4095 2217 4147; x_wconf 80' lang='lat' dir='ltr'><strong>carissima</strong></span> <span class='ocrx_word' id='word_1_456' title='bbox 2242 4094 2572 4162; x_wconf 69' lang='lat' dir='ltr'><strong>sibimetipsi</strong></span> 
     </span>
     <span class='ocr_line' id='line_1_80' title="bbox 1507 4173 2139 4227; baseline -0.002 -1"><span class='ocrx_word' id='word_1_457' title='bbox 1507 4173 1861 4227; x_wconf 85' lang='lat' dir='ltr'><strong>circumdare.’</strong></span> <span class='ocrx_word' id='word_1_458' title='bbox 1911 4174 2139 4226; x_wconf 59' lang='lat' dir='ltr'><strong>Pitho-a·</strong></span> 
     </span>
    </p>
   </div>
  </div>
 </body>
</html>
