3063 4952
516 426 693 495 1830

1207 440 1273 488 0.
1319 434 1683 486 comtum!
1730 429 1984 484 'rAclvt

2407 439 2505 505 ΕΑ.
2523 434 2600 493 U.
2620 436 2735 491 810.

522 589 853 655 cohortesr
883 586 1229 653 Romanas
1274 580 1727 649 circumsideri
1747 589 1792 647 :¹
1854 581 2183 648 omitteret
2208 582 2465 667 potius²
2488 590 2512 618 ⁸
2554 582 2752 669 obsi-⁵¹

518 796 697 850 regem
719 784 915 841 socium
938 782 1264 847 amicumque
1287 780 1451 845 populi
1479 777 1699 841 Romi,
1723 770 1772 826 ἐι
1788 776 2028 826 cohortes
2053 775 2203 826 Rom.
2225 775 2385 825 armis
2402 770 2738 826 circumdari.

1446 928 1810 952 Οθθΰθθθθθθθθ

585 1046 615 1094 1
645 1041 734 1093 Sic
756 1042 860 1093 Ms.

892 1039 1023 1105 Agr.
1046 1038 1275 1106 Ryckius
1313 1044 1369 1089 et
1405 1037 1738 1087 recentiores.
1805 1036 1869 1085 In
1909 1036 2039 1085 Mss.
2063 1033 2212 1084 Harl.
2237 1024 2392 1082 Bodl.
2410 1032 2525 1084 Jes.
2550 1036 2609 1081 et
2623 1018 2739 1081 ‘edi-

450 1164 453 1167 ,
517 1107 748 1161 tionibus
770 1107 1047 1172 veteribus,
1065 1108 1415 1157 circumsedere.
1450 1102 1671 1154 Brotier.
1708 1102 2061 1157 Circum-edere
2081 1099 2495 1150 Gronovius—2
2530 1098 2740 1163 Lipsius

1518 1260 1732 1312 NOTAE

516 1384 629 1429 tum
648 1378 931 1430 minoribus
950 1378 1140 1445 regulis
1162 1384 1218 1429 et
1255 1377 1576 1430 inservienti-

515 1455 611 1506 bus
631 1456 993 1506 conveniebat.

586 1534 658 1583 Et
725 1533 943 1583 adverte
987 1532 1046 1582 τὸ
1103 1533 1333 1598 appellari
1388 1531 1578 1582 cadere

512 1608 784 1675 precipue
806 1610 856 1658 in
888 1624 1063 1673 regem.
1128 1602 1204 1659 At
1233 1609 1483 1674 appellari
1503 1624 1579 1659 re·

510 1696 623 1748 gem
638 1680 814 1735 socium
857 1701 888 1735 a
927 1685 1191 1747 Romanis,
1229 1686 1368 1736 idem
1402 1693 1484 1736 est
1516 1701 1579 1736 ac

514 1762 684 1813 creari
715 1762 1110 1828 renuntiarique
1142 1778 1336 1826 regem,
1368 1768 1459 1812 aut
1481 1764 1582 1813 sal·

514 1846 625 1889 tem
647 1837 861 1888 defendi
880 1838 931 1887 vi
960 1840 1225 1902 Romana;
1260 1840 1401 1906 quod
1424 1838 1582 1889 facie-

514 1915 649 1965 bant
695 1916 931 1978 Romani,
964 1926 1081 1965 cum
1118 1917 1316 1980 Regem
1358 1929 1582 1981 reg-nare

510 1991 763 2055 juberent
800 1991 852 2040 in
891 1991 1189 2057 provinciis,
1238 1993 1424 2060 quibus
1467 1995 1584 2044 illos

515 2067 874 2134 imponebant.

580 2146 736 2201 Quod
758 2162 860 2197 non
882 2149 1131 2199 convenit
1168 2149 1222 2198 in
1243 2150 1580 2213 Vologesum,

516 2224 609 2289 qui
641 2224 738 2274 sibi
761 2225 990 2295 debebat
1010 2227 1284 2291 imperium
1309 2233 1366 2287 et
1386 2227 1582 2276 numini

521 2296 634 2366 soll,
653 2307 746 2352 aut
779 2302 1081 2367 majoribus,
1104 2309 1160 2353 et
1197 2304 1287 2369 qui
1324 2318 1392 2353 ex
1431 2318 1581 2368 aequo

521 2377 786 2442 vincebat,
851 2380 1163 2445 imperabat,
1236 2380 1580 2446 certabatque

516 2470 636 2508 cum
657 2456 917 2509 Romanis.
1539 2487 1540 2490 =

581 2532 797 2597 Socim]
831 2534 896 2584 Id
913 2550 978 2585 ne
1002 2535 1255 2600 intelligas
1276 2535 1343 2586 de
1370 2536 1582 2598 Partho,

514 2610 609 2660 sed
632 2610 699 2660 de
716 2611 961 2674 Tigrane,
984 2612 1073 2676 qui
1100 2612 1361 2675 appellatus
1383 2626 1477 2661 rex
1500 2626 1581 2661 so-

512 2687 624 2736 cius
654 2692 712 2737 et
743 2687 939 2738 amicus
959 2703 991 2737 a
1012 2689 1205 2752 populo
1244 2689 1391 2738 Rom.
1414 2693 1469 2737 et
1492 2688 1583 2737 irn-

512 2763 714 2826 positus
726 2763 986 2815 Armeniae
1009 2781 1041 2814 a
1060 2749 1265 2815 Caesare
1286 2763 1476 2814 fuerat.
1512 2764 1578 2814 Id

513 2847 719 2892 tantum
742 2843 985 2893 convenit
1007 2835 1217 2907 reg‘ibus
1253 2842 1579 2892 inservienti-

514 2919 641 2970 bus:
679 2926 735 2971 at
756 2934 1012 2987 nunquam
1036 2922 1111 2971 ita
1132 2921 1428 2986 appellatus
1449 2921 1579 2970 Par-

466 3007 472 3014 ·
514 2994 653 3046 thus.
687 2997 820 3047 Fere
842 3004 1015 3048 tamen
1038 2998 1340 3062 intelligunt
1361 2997 1429 3047 de
1450 2997 1579 3046 Par-

513 3073 718 3125 thorum
740 3090 893 3139 rege3
945 3077 1035 3126 sed
1061 3076 1244 3127 melius
1283 3075 1358 3130 sic
1394 3077 1575 3141 leges:

515 3150 711 3214 Socium
730 3152 1018 3217 amicumque
1039 3168 1219 3216 regem,
1241 3153 1455 3203 cohortes
1482 3153 1576 3201 Ro-

513 3244 679 3282 manas
697 3231 1030 3282 circumsidere
1037 3248 1057 3289 ,-
1088 3236 1148 3279 ut
1169 3244 1371 3280 comma
1391 3228 1461 3278 sit
1483 3243 1578 3292 pro

515 3306 885 3370 conjunctione
936 3313 1002 3359 st.
1060 3308 1368 3371 ,Nunquam
1408 3305 1578 3356 socius

506 3380 769 3454 Parthus,
811 3399 909 3434 nec
949 3383 1147 3433 amicus
1191 3383 1381 3443 dictus,
1421 3384 1581 3447 quod-

511 3471 732 3524 cumque
765 3457 931 3510 foedus
958 3459 1308 3524 interveniat:
1358 3459 1434 3509 sic
1456 3474 1580 3510 con·

500 3533 801 3597 junctiones
824 3537 1025 3600 spernit
1048 3536 1282 3587 Tacitus.

578 3616 599 3642 ¹
633 3612 879 3676 Conon-tes]
926 3613 1013 3664 Sic
1051 3613 1223 3678 legere
1251 3614 1479 3676 mallem,
1501 3630 1576 3663 εο-

506 3687 637 3737 cium
665 3691 950 3755 amicumque
984 3706 1144 3754 regem
1178 3694 1225 3739 et
1244 3689 1454 3739 cohortes
1478 3692 1577 3740 Ro-

509 3779 674 3814 manas
711 3768 1076 3818 circumiden’..
1137 3767 1388 3817 Cohortes
1429 3769 1576 3821 Rom.

509 3840 757 3904 praesidio
799 3843 1187 3907 Tigranocertae
1247 3849 1303 3892 et
1340 3844 1578 3909 Tigranis

508 3916 666 3980 regis,
685 3931 876 3982 nempe
910 3919 1039 3967 mitte
1073 3918 1344 3982 legionarii,
1382 3919 1447 3969 de
1469 3924 1580 3985 qui-

508 3990 609 4043 bus
630 4009 806 4057 supra.
875 3995 1062 4060 Neque
1103 4000 1233 4044 totae
1273 3995 1500 4060 legiones
1524 4014 1581 4049 se

510 4070 706 4134 oppido
726 4070 1084 4121 includerent:
1120 4071 1172 4120 hi
1193 4072 1330 4120 mille
1354 4074 1581 4138 legiona-

508 4144 576 4194 rii
596 4146 650 4195 in
671 4147 912 4197 cohortes
935 4146 1197 4197 distributi
1236 4147 1334 4197 sub
1359 4151 1581 4202 vexillis.

511 4219 660 4272 Infra
680 4226 764 4273 24.
788 4222 842 4272 id
876 4223 1112 4288 explicat
1134 4224 1247 4288 ipse
1270 4225 1580 4292 vologesus,

507 4295 526 4320 ‘
543 4309 715 4359 nuper
752 4298 981 4350 clausum
1002 4297 1309 4370 Tigranem,
1321 4308 1438 4366 post
1460 4294 1579 4353 Pa».-

515 4370 660 4432 tum,'
679 4374 780 4421 διο.

1721 1383 1740 1409 ·
1777 1378 2034 1426 omitteret
2071 1375 2259 1441 potius]
2313 1374 2423 1425 Alii
2464 1375 2619 1440 ocius,
2652 1376 2741 1426 alii

1654 1453 1887 1519 protinus.
1956 1454 2100 1502 Nihil
2146 1461 2310 1504 muto.
2375 1455 2570 1504 Monet
2614 1455 2742 1506 Cor·

1656 1532 1780 1581 bulo
1819 1522 2155 1595 vologesum,
2193 1537 2255 1581 ut
2295 1530 2468 1595 potius
2505 1531 2737 1584 obsidio-

1659 1623 1776 1657 nem
1797 1607 1937 1657 illam
1960 1608 2192 1669 omittat,
2214 1622 2368 1673 qqam
2400 1607 2629 1657 amicum
2654 1623 2745 1672 po·

1661 1683 1770 1750 puli
1794 1685 1944 1735 Rom.
1967 1699 2142 1748 regem
2166 1689 2222 1734 et
2243 1684 2486 1734 cohortes
2508 1682 2666 1734 Rom.
2690 1683 2744 1734 vi

1661 1768 1949 1827 expugnet.

1728 1841 1805 1890 Ut
1818 1841 2026 1899 omittat
2041 1840 2215 1906 potius
2229 1846 2427 1904 coepta,
2448 1854 2608 1905 quam
2625 1839 2741 1907 ipse

1662 1919 1823 1969 etiam
1848 1919 2076 1969 Corbulo
2105 1924 2323 1982 cogatur
2362 1917 2663 1983 irrumpere
2683 1917 2750 1968 fle

1662 2010 1755 2045 nes
1792 2010 1909 2045 cum
1948 1995 2233 2060 legionibus
2270 1996 2421 2044 Rom.
2447 1993 2747 2045 Omitteret

1662 2072 1837 2136 potius
1858 2071 2199 2135 obsidionem,
2220 2086 2374 2136 quam
2413 2071 2612 2121 diutius
2643 2071 2747 2121 cir·

1663 2148 1988 2198 cumsideret
2009 2164 2186 2213 regem
2227 2149 2441 2213 socium,
2470 2155 2530 2198 et
2552 2149 2744 2200 cohor·

1663 2232 1744 2276 tes
1765 2226 2046 2276 Romanas.
2403 2217 2408 2222 ’

1658 2298 1668 2307 ’
1724 2302 1921 2365 Potius]
1963 2304 2178 2367 Legunt
2188 2304 2335 2367 ocius,
2356 2302 2409 2351 id
2423 2308 2538 2366 est,
2574 2302 2744 2368 proti-

1661 2392 1800 2446 nus,
1846 2379 1978 2428 bene
2016 2379 2084 2429 ad
2127 2394 2333 2430 sensum
2366 2379 2558 2445 Taciti,
2582 2386 2641 2431 et
2674 2372 2743 2431 ad

1663 2453 1854 2506 fastum
1890 2457 2196 2507 Romanum.
2219 2523 2222 2526 ,
2263 2457 2401 2508 Nam
2441 2454 2584 2508 infra
2622 2470 2746 2518 cen·

1664 2533 1820 2597 turio,
1865 2533 2177 2584 Corbulonis
2241 2536 2471 2584 mandata
2501 2534 2749 2595 ferociter

1660 2613 1833 2678 edidit,
1851 2629 2040 2679 nempe
2065 2614 2214 2680 regi3
2254 2614 2349 2664 sed
2373 2621 2522 2678 puto,
2544 2611 2748 2665 sufficit

1655 2689 1810 2740 nobis
1849 2706 1950 2740 vox
1973 2690 2150 2755 potius,
2181 2704 2372 2754 nempe
2402 2689 2582 2754 potius
2603 2690 2748 2741 obsi-

1661 2766 1868 2818 dionem
1907 2767 2199 2831 om-itteret,
2223 2781 2377 2832 quam
2405 2766 2746 2826 continuaret

1658 2844 1966 2908 Vologesen
2018 2843 2248 2909 alioquin
2271 2858 2321 2893 se
2344 2857 2524 2907 quoque
2547 2843 2601 2892 in
2622 2858 2747 2906 agro

1656 2919 1817 2969 hostili
1839 2924 1999 2970 castra
2017 2919 2305 2984 positurum.
2373 2919 2564 2970 Potius
2588 2920 2745 2972 omit·

1657 3001 1801 3046 teret
1821 2995 2145 3046 obsidionem
2168 2995 2329 3059 illam,
2350 3009 2507 3060 quam
2543 2987 2744 3047 bellum

1656 3070 2041 3122 interneciuum
2061 3072 2340 3138 inciperet.
2617 3115 2622 3118 .

1724 3150 1797 3201 Et
1819 3150 1872 3200 in
1895 3149 1947 3199 id
1972 3150 2234 3201 consentit
2264 3150 2514 3214 Parthus,
2538 3156 2636 3203 aut
2658 3168 2749 3218 po·

1660 3226 1764 3277 tius
1806 3227 1958 3278 ambo
2013 3229 2366 3295 consentiunt,
2411 3243 2507 3278 rex
2552 3244 2748 3297 nempe

1659 3306 1994 3371 Parthorum,
2018 3313 2076 3358 et
2100 3308 2205 3357 dux
2239 3309 2523 3370 Romanus,
2557 3314 2620 3359 ut
2641 3311 2747 3359 Vo-

1658 3384 1820 3449 logesi
1842 3384 2060 3434 daretur
2080 3384 2232 3449 copia
2263 3382 2509 3434 mittendi
2535 3381 2746 3448 legato‘s

1659 3460 1727 3509 ad
1749 3460 2032 3525 Caesarem,
2051 3462 2246 3526 (neque
2271 3460 2410 3509 enim
2435 3460 2597 3510 aliter
2619 3460 2747 3512 lice·

1655 3535 1790 3600 bat,)
1805 3551 1946 3601 super
1960 3538 2168 3601 peteuda
2210 3537 2458 3599 Armenia,
2478 3537 2750 3603 etfirmcn-

1654 3615 1718 3663 da
1735 3629 1870 3678 pace,
1890 3628 1953 3665 ea
1989 3613 2313 3676 conditione,
2338 3619 2398 3663 ut
2421 3614 2542 3662 Rex
2561 3613 2749 3679 Tigra-

1655 3700 1883 3743 nocertae
1919 3689 2192 3756 obsidium}
2208 3690 2554 3755 relinqueret,
2576 3699 2749 3743 retro·

1660 3784 1762 3835 que
1787 3769 1977 3832 abiret,
1995 3769 2224 3833 nihilque
2244 3768 2455 3817 interim
2475 3767 2747 3834 utrimque

1657 3848 1849 3899 hostile
1871 3848 2046 3911 fieret,
2079 3846 2201 3898 dum
2223 3846 2387 3911 legati
2408 3846 2551 3910 regis
2576 3847 2749 3897 Roma

1662 3925 1903 3975 redeunt.

1726 4003 1800 4051 Et
1821 4007 2024 4052 secreta
2046 4016 2112 4051 ea
2135 4007 2292 4065 pacta
2323 4001 2465 4050 inter
2488 4000 2751 4053 Corbulo·

1662 4093 1781 4128 uem
1800 4084 1854 4127 et
1878 4078 2213 4141 Vologesum,
2234 4085 2288 4127 et
2306 4093 2423 4143 quoe
2448 4080 2610 4141 pauci
2636 4086 2746 4129 tum

1662 4154 1922 4204 sciebant.
1969 4154 2123 4204 -Hiuc
2147 4152 2382 4203 diversus
2403 4168 2604 4220 rumor,
2625 4154 2748 4205 hine

1662 4231 1794 4279 varii
1829 4245 2101 4280 sermones
2123 4231 2193 4280 -in
2230 4230 2378 4282 urbe.
2444 4231 2640 4282 Plures
2668 4247 2748 4281 ex·

1663 4306 1895 4356 tollebant
1938 4306 2309 4372 Corbulonem,
2342 4306 2436 4356 alii
2463 4306 2572 4357 alio
2593 4306 2746 4360 modo

1658 4382 2169 4448 interpretabantur.
2582 4398 2589 4403 ·
