3063 4952
276 421 279 423 ·
340 374 655 473 J.‘c.e³.3-
1046 387 1458 444 *naamon
1506 386 1656 439 mn.
1700 383 1868 441 xm.
2365 359 2541 433 1⁷88

345 566 613 638 quoque
640 547 713 615 in
749 549 932 617 tuam
969 539 1250 626 gloriam
1275 534 1487 614 cedet,
1533 551 1652 597 eos
1679 529 1769 596 ad
1795 545 2051 597 summa
2075 521 2394 603 vexisse?
2425 521 2543 607 qui

347 661 417 723 et
444 652 714 720 modica
740 640 1154 716 tolerarent-'⁹
1666 628 1669 635 ’
1725 672 1730 679 ·
2527 668 2534 677 .

376 773 382 779 ·
437 761 550 824 55.
596 754 708 821 Ad
737 771 889 837 quae
918 746 1106 813 Nero
1145 745 1245 809 sic
1277 741 1481 807 ferme
1517 736 1891 822 respondit:
1939 737 1960 768 ‘
1980 729 2182 811 Quod
2207 726 2564 805 meditata

348 860 643 927 orationi
666 865 801 924 tuae
832 853 1056 919 statim
1079 864 1448 922 occurram,
1469 842 1540 907 id
1571 843 1847 927 primum
1877 838 1974 902 tui
2002 833 2290 901 muneris
2312 830 2550 909 habeo,

355 964 477 1047 qui
503 981 609 1026 me
635 979 766 1024 non
793 961 1044 1023 tantum
1087 951 1401 1038 praevisa,
1451 944 1571 1010 sed
1621 937 1878 1007 subitas
1902 937 2218 1023 expedire
2248 932 2549 999 docuisti.

356 1065 672 1129 Abavus¹
705 1077 922 1136 meus,
956 1056 1352 1139 Augustus,⁸
1379 1047 1707 1133 Agrippae
1737 1051 1807 1110 et
1846 1041 2211 1108 Maecenati
2236 1051 2556 1120 usurpare

357 1169 572 1232 otium
611 1169 765 1248 post
806 1163 1068 1226 labores
1103 1153 1467 1222 concessit:
1513 1149 1638 1215 sed
1681 1149 1749 1212 in
1778 1166 1860 1211 ea
1888 1146 2065 1229 ipsa²
2096 1145 2316 1218 aetate,
2361 1137 2555 1221 cujus

359 1267 733 1334 auctoritas
750 1264 777 1302 ¹¹
809 1258 1131 1341 tueretur,i
1178 1254 1494 1344 quicquid
1539 1250 1704 1318 illud
1718 1248 1775 1298 ³³
1803 1255 1867 1314 et
1914 1246 2393 1332 qualecumque
2440 1238 2558 1306 tri·

357 1426 700 1577 ’ἷξὲἓὲῑίηοε
722 1444 969 1497 extulisse
999 1442 1066 1494 ad
1099 1437 1464 1505 amplissimam
1495 1434 1777 1498 fortunam,
1815 1431 1903 1498 qui
1941 1435 1999 1481 et
2035 1433 2216 1478 tenues
2254 1437 2382 1490 opes
2419 1420 2564 1472 ferre

370 1622 375 1625 .
434 1577 535 1626 His
558 1578 687 1626 Nero
708 1575 780 1624 ita
789 1574 899 1635 sere
917 1571 1182 1636 respoudit.-
1216 1568 1370 1622 Quod
1402 1581 1468 1616 ex
1490 1573 1727 1629 tempore
1760 1556 2073 1626 respondere
2110 1553 2302 1622 possim
2338 1548 2566 1617 praevim

368 1650 463 1691 tuo
486 1641 730 1702 sermoni,
751 1641 804 1689 id
829 1641 1047 1703 primum
1071 1637 1151 1687 tui
1172 1632 1411 1684 beneficii
1431 1632 1618 1691 habeo,
1639 1629 1726 1695 qui
1749 1642 1831 1677 me
1851 1627 1924 1676 ita
1945 1622 2184 1683 erudisti,
2203 1625 2257 1670 ut
2275 1633 2379 1668 non
2400 1614 2567 1667 solnm

370 1705 627 1756 meditata
647 1705 892 1765 oratione,
915 1704 1005 1754 sed
1027 1701 1172 1751 etiam
1192 1697 1539 1762 extemporali
1572 1696 1746 1745 dicere
1768 1694 1964 1742 valeant.
2032 1688 2175 1738 Avus
2196 1698 2340 1734 meus
2364 1680 2443 1730 Au
2484 1693 2567 1728 us·

374 1779 458 1821 tus
482 1771 715 1834 permisit
740 1768 992 1834 Agrippae
1027 1774 1085 1817 et
1124 1762 1409 1815 Maecenati
1481 1762 1675 1811 uietem
1709 1770 1981 1822 capessere
2022 1758 2140 1818 post
2170 1764 2345 1810 curas;
2381 1760 2437 1796 se
2505 1758 2573 1793 ea

370 1841 552 1899 aetate,
573 1835 721 1900 cujus
743 1835 966 1900 gravitas
991 1839 1049 1882 et
1070 1828 1355 1896 amplitudo
1378 1777 1704 1889 degeuderet,
1733 1823 2092 1890 quodcumque
2126 1814 2274 1880 illud,
2306 1820 2365 1863 et
2395 1809 2572 1876 quale·

1298 1953 1655 1976 OOOOOOOOOOOO

375 2051 406 2094 8
441 2044 655 2095 Amicus
691 2044 741 2095 R
776 2045 880 2096 ckii
912 2045 1235 2113 evexisse—9
1267 2043 1396 2093 Mss.
1433 2039 1586 2091 Harl.
1620 2036 1774 2087 Bodl.
1796 2037 1908 2088 Jes.
1942 2028 2118 2084 Guelf.
2150 2033 2207 2078 et
2238 2024 2578 2084 Puteolanus,

375 2113 658 2160 tolerarunt.
777 2118 796 2159 t
820 2110 872 2158 in
898 2111 1025 2159 Mss.
1050 2109 1198 2158 Harl.
1222 2105 1397 2158 Guelf.
1419 2103 1751 2155 emendatum
1772 2101 1938 2150 altera
1958 2111 2129 2157 manu,
2150 2093 2428 2142 tolerarent.

449 2181 475 2224 1
511 2176 682 2238 Vulgo
705 2175 757 2224 in
781 2176 988 2240 scriptis
1012 2181 1067 2224 et
1089 2172 1244 2223 editis
1264 2173 1431 2233 libris,
1461 2184 1595 2230 avus,
1629 2174 1687 2217 et
1708 2167 1781 2215 sic
1805 2164 2097 2214 Gronovius
2120 2166 2176 2208 et
2199 2155 2448 2219 Ryckius.
2511 2149 2579 2200 In

380 2240 487 2289 Ms.
514 2240 667 2290 nodi.
690 2245 873 2289 atavus.
940 2238 1350 2300 Emendandum,
1387 2236 1582 2295 abavus,
1621 2239 1680 2282 ut
1709 2232 1818 2295 jam
1855 2229 2048 2278 dictum
2072 2241 2121 2275 c.
2143 2227 2225 2272 53.
2295 2217 2581 2269 Brotiere-

380 2309 413 2353 2
448 2304 536 2354 An
557 2304 700 2382 ipse?
753 2307 958 2355 Ernest.
994 2305 1102 2368 Ipse
1136 2303 1251 2353 cod.
1276 2302 1402 2366 Agr.
1465 2298 1702 2347 Probent
1730 2293 1917 2344 Faiim.
1948 2291 2181 2342 Lam-3
2216 2286 2344 2342 ntea
2376 2282 2526 2334 abest
2549 2294 2584 2329 a

1282 2464 1285 2467 ,
1380 2411 1597 2467 NOTAE

393 2543 396 2546 ’
446 2539 470 2575 ¹
498 2541 691 2606 Subita]
725 2543 803 2592 Ex
827 2549 1060 2608 tempore
1081 2558 1164 2593 res
1193 2541 1319 2592 licet
1351 2541 1444 2590 im·
1591 2537 1737 2598 Caius
1755 2529 2037 2595 auctoritas]
2087 2528 2153 2578 In
2193 2539 2257 2576 ea
2285 2525 2449 2574 aetate
2482 2517 2587 2571 fult

383 2619 618 2685 provisas
669 2634 768 2669 nec
802 2621 1078 2671 meditatas
1117 2618 1302 2684 exequi
1332 2632 1445 2668 ora·
1526 2615 1809 2680 Augustus,
1833 2625 1937 2676 qna
1968 2605 2250 2658 auctoritas
2272 2600 2381 2665 ejus
2405 2597 2478 2647 ita
2497 2593 2587 2644 fir-

383 2695 533 2746 tione
573 2695 810 2747 docuisti.
865 2698 1077 2747 Sueten.
1127 2696 1193 2746 de
1232 2695 1360 2745 Tito
1395 2698 1444 2744 3.
1524 2698 1668 2740 mata
1700 2694 1834 2752 erat,
1864 2694 1926 2737 ut
1958 2688 2131 2749 posset
2163 2685 2220 2729 et
2252 2690 2307 2727 se
2341 2672 2498 2734 tueri,
2531 2676 2590 2723 et

385 2773 412 2802 Ψ
430 2774 533 2823 Vel
567 2773 618 2821 in
639 2774 853 2836 orando,
873 2776 955 2823 vel
988 2775 1040 2823 in
1064 2772 1334 2839 pingendis
1358 2786 1449 2836 po·
1528 2767 1680 2819 simul
1722 2780 1847 2830 opes
1889 2776 2015 2829 quas
2073 2756 2251 2809 amicis
2300 2749 2590 2812 tribuisset,

381 2850 648 2900 ematibus
700 2859 929 2915 promtus
968 2856 1025 2901 et
1056 2850 1224 2901 facilis
1261 2849 1328 2899 ad
1363 2863 1449 2898 ex·
1527 2852 1942 2912 quantaecunque
1977 2837 2230 2888 fuissent:
2275 2844 2367 2880 seu
2400 2826 2593 2893 potius,

391 2927 826 2989 temporalitatem
850 2927 1043 2993 usque.'
1530 2937 1636 2988 qua
1668 2925 1842 2985 posset
1874 2918 1963 2966 ille
1995 2912 2151 2975 tueri,
2171 2906 2467 2965 defendere,
2499 2915 2595 2951 sen

459 3011 486 3046 ε
501 3003 689 3053 Abavus
706 3020 849 3067 meus,
869 3005 1137 3069 Aug-astas]
1179 3004 1261 3054 Sic
1281 3004 1452 3067 legam
1531 3012 1781 3049 excusare
1804 2994 1941 3060 apud
1978 2997 2213 3041 senatum
2244 2983 2595 3049 populumque

390 3083 457 3128 ut
479 3094 654 3142 supra,
676 3094 775 3129 non
796 3096 925 3131 evas.
982 3081 1205 3145 Lipsius.
1537 3077 1688 3125 Rom.
1712 3073 2016 3123 facultatem
2052 3067 2192 3115 illam
2215 3076 2247 3111 a
2266 3059 2422 3109 rebus
2457 3056 2598 3105 anin-

461 3156 598 3208 Avus
612 3159 1035 3223 menumquam]
1066 3158 1289 3209 Atavum
1307 3156 1458 3221 signi·
1536 3167 1638 3219 que
1685 3146 2016 3209 abscedendi,
2061 3150 2435 3209 quamcumque
2472 3132 2598 3199 ipsis

392 3230 546 3296 dicat,
568 3242 625 3283 et
646 3235 721 3285 ita
743 3236 974 3299 proxime
998 3236 1298 3299 appellavit.
1331 3230 1458 3282 Ata·
1537 3227 1895 3281 concessisset.

396 3323 497 3358 ¹vus
521 3317 692 3359 autem
717 3313 896 3376 quinto
920 3311 1080 3375 gradu
1106 3312 1460 3374 distat,quoto
1608 3305 1713 3353 Alii
1734 3302 2030 3364 intelligunt
2045 3297 2111 3345 de
2124 3298 2281 3343 aetate
2292 3286 2601 3340 Mecenatis

398 3384 551 3433 'Nero
572 3385 753 3435 aberat
774 3386 840 3436 ab
866 3387 1127 3452 Augusto:
1163 3386 1252 3451 qui
1285 3398 1351 3433 ex
1371 3384 1462 3431 ‘ri-
1543 3390 1598 3433 et
1613 3380 1885 3444 Agrippae,
1903 3373 2039 3441 qnod
2064 3377 2256 3437 proeter
2272 3365 2603 3417 mentem'rsp

397 3464 552 3515 berio
585 3474 826 3530 nepotem
850 3467 1215 3518 Germanicum
1252 3464 1464 3527 adopta·
1544 3461 1639 3511 citi
1661 3472 1776 3508 esse
1800 3462 1992 3520 putem.

402 3549 590 3603 νει-αῖς
625 3558 691 3593 ex
729 3545 1040 3594 Germanico
1064 3556 1186 3592 vero
1225 3548 1346 3590 nata
1383 3545 1465 3589 est
1610 3538 1698 3587 Sic
1720 3536 1856 3583 forte
1881 3530 2112 3594 capiunt,
2135 3524 2258 3590 quia
2277 3520 2505 3571 seniores
2524 3515 2604 3581 ip-

408 3618 703 3700 Agrippina
724 3628 893 3671 mater
915 3620 1154 3671 Neronis.
1205 3620 1465 3669 Ferrettas.
1542 3614 1591 3665 si
1614 3626 1765 3677 quam
1783 3611 2000 3666 Seneca,
2022 3610 2078 3653 et
2098 3603 2173 3652 sic
2198 3611 2446 3651 excusare
2468 3595 2608 3661 prin-
2697 3652 2704 3658 q
2747 3582 2752 3586 ’

374 3708 384 3715 “
473 3695 499 3729 ¹⁸
535 3698 687 3757 Cuius
725 3699 1004 3761 auctoritas]
1059 3698 1189 3747 Sunt
1232 3696 1318 3761 qui
1356 3709 1468 3744 ver·
1548 3706 1673 3756 ceps
1711 3685 2088 3744 discessionem,
2111 3692 2264 3745 quam
2285 3676 2359 3726 eis
2395 3685 2611 3724 conces-

407 3780 548 3838 tant,
571 3778 718 3841 quasi
746 3777 825 3827 sic
849 3777 1156 3841 scripsisset,
1193 3774 1287 3824 sed
1319 3774 1371 3823 in
1405 3788 1470 3822 ea
1550 3772 1719 3829 sisset,
1771 3764 1971 3814 facilius
2017 3759 2217 3824 potuit;
2262 3753 2384 3819 quia
2430 3750 2612 3816 quiete

406 3851 528 3916 ipsa
549 3861 722 3924 aetate,
745 3856 891 3918 cujus
926 3854 1207 3904 auctoritas
1230 3867 1286 3901 se
1307 3852 1473 3915 ipsam
1552 3859 1700 3896 senes
1742 3856 1869 3907 opus
1906 3836 2182 3887 habebant.
2243 3831 2346 3881 Sed
2384 3826 2611 3876 seniores

407 3938 672 3992 tueretur,
714 3932 879 3993 simul,
919 3940 974 3980 et
1013 3929 1230 3994 quicquid
1271 3928 1390 3977 illud
1428 3931 1474 3976 et
1551 3923 1753 3973 Seneca
1772 3918 1933 3967 fuisse
1953 3927 2057 3963 non
2078 3914 2301 3970 constat,
2322 3919 2419 3954 nec
2443 3905 2487 3951 is
2506 3902 2611 3952 Ta-

413 4005 743 4071 qualecumque
797 4009 1039 4057 tribuisset
1093 4008 1212 4070 iliis,
1267 4010 1479 4054 attamen
1557 4000 1649 4049 citi
1671 4011 1864 4047 sensus.

394 4087 639 4133 'neutram
676 4085 804 4134 datis
825 4101 855 4133 a
875 4100 924 4134 se
951 4084 1164 4150 praemiis
1196 4084 1351 4134 exuit.-
1384 4080 1477 4131 sed
1621 4075 1636 4110 ¹
1671 4067 1920 4131 meretur]
1970 4064 2079 4116 Alii
2124 4064 2374 4112 tuerentur
2417 4057 2618 4121 legunt,

417 4168 574 4223 puto,
605 4161 672 4210 ad
692 4174 952 4212 secessum
987 4165 1189 4211 tantum
1228 4165 1285 4209 et
1317 4159 1478 4209 otium
1559 4164 1613 4207 et
1644 4151 1941 4215 intelligunt
1980 4146 2045 4194 de
2067 4141 2309 4205 Agrippa
2344 4142 2400 4185 et
2421 4135 2615 4184 Maece·

417 4238 653 4305 respicit.
708 4250 713 4256 ’
805 4250 811 4256 ·
1041 4255 1044 4260 ·
1556 4239 1712 4299 na-te3
1759 4226 1905 4297 quasi
1946 4221 2197 4274 haberent
2237 4219 2470 4279 aetstom,
2511 4223 2618 4279 qu
