3063 4952
350 392 485 448 5:43.
498 387 621 454 ω]
648 402 659 438 ι
2383 372 2562 442 m

348 525 503 612 nori,
520 538 608 599 <ut
644 532 991 598 hominum
1017 532 1297 610 vultusx«
1324 533 1417 597 ita
1460 533 1758 599 locorum
1797 533 2010 599 facies
2061 539 2423 615 mutantur,
2440 537 2559 601 ubr-

345 638 904 719 versabatmques
952 637 1157 701 maris
1197 635 1380 700 illius
1426 642 1493 701 et
1535 637 1825 701 littorum
1867 638 2092 719 gravis
2120 644 2433 720 aspectus
2459 636 2563 722 (et

342 746 550 819 erant,
572 741 715 825 -qui
766 739 1121 818 crederent,
1172 741 1454 804 sonitum
1508 743 1691 805 tubae·
1743 742 2030 805 collibus
2068 738 2346 805 circum⁶
2364 739 2560 808 editis

342 843 796 928 planctusque
847 843 1103 907 tumulo
1158 839 1415 907 matrisj
1466 841 1736 927 audiri),
1768 839 2154 926 Neapolim*
2206 843 2560 923 concessit,

337 944 717 1031 literasque
744 947 832 1012 ad
854 946 1172 1010 Senatum
1197 948 1400 1023 misit,
1433 967 1713 1030 quarum
1741 968 2009 1013 summa.
2038 954 2213 1013 erat:

342 1080 349 1089 ‹
423 1049 535 1115 11.
569 1054 589 1082 ‘
607 1049 984 1133 Repertum
1002 1068 1152 1113 cum
1172 1049 1341 1113 ferro
1358 1069 1816 1132 percussorem
1830 1049 2188 1133 Agerinum
2205 1071 2291 1115 ex
2312 1050 2557 1116 intimis

337 1151 745 1237 Agrippinae
786 1153 1061 1230 libertis,
1086 1158 1151 1216 et
1195 1153 1401 1216 luisse
1444 1172 1591 1216 eam
1622 1173 1890 1236 poenam
1933 1155 2394 1231 conscientia)
2427 1173 2560 1238 qua

338 1256 559 1320 scelus
622 1252 1054 1339 paravisset.'¹
1157 1253 1547 1339 Adjiciebat
1615 1259 1890 1320 crimina
1934 1258 2194 1339 longius
2239 1259 2559 1341 repetita3

337 1361 360 1390 ‘
392 1360 575 1441 quod
604 1361 1009 1425 consortium
1040 1359 1339 1443 Imperii,
1378 1358 1841 1443 juraturasque
1883 1361 1951 1423 in
2004 1359 2297 1425 foeminae
2351 1359 2559 1426 verba

334 1459 716 1528 Praetorias
746 1464 1069 1540 cohorteS,
1091 1465 1397 1547 idemque
1421 1463 1715 1527 dedecus
1738 1463 2018 1529 Senatus
2036 1471 2102 1529 et
2126 1462 2375 1546 Populi
2404 1481 2556 1546 spe·

1034 384 1465 438 animumn·
1495 387 1648 437 mn.
1691 388 1854 438 xm.

331 1617 604 1680 mutantur,
623 1621 681 1664 nt
700 1615 859 1677 facies
890 1616 1144 1677 hominum,
1164 1617 1479 1682 offerebatque
1509 1633 1560 1667 se
1594 1617 1762 1666 animo
1784 1618 1986 1680 equoris
2005 1617 2135 1665 illius
2162 1620 2216 1664 el*
2240 1615 2452 1678 riparum
2470 1614 2558 1663 im*

331 1683 565 1741 portunus
585 1688 827 1745 aspectus,
847 1683 929 1746 (et
951 1688 1103 1743 eram,
1124 1683 1204 1745 qm*
1228 1685 1572 1746 existimarent,
1585 1685 1850 1745 clangorem
1882 1682 2007 1731 tubae
2023 1695 2271 1745 persuum-e
2291 1680 2344 1728 in
2363 1679 2558 1728 collibus

334 1744 705 1810 circumpositis,
735 1747 1024 1810 ejudatusque
1055 1750 1116 1796 ad
1149 1749 1440 1811 sepulchrum
1461 1749 1679 1813 parentis
1718 1748 1931 1811 φωνὴ)
1957 1748 2203 1811 Neapolim
2224 1760 2275 1795 se
2296 1744 2491 1808 recepit,
2507 1748 2556 1794 et

332 1812 591 1872 composuit
615 1813 859 1876 epistolam
881 1815 944 1860 ad
969 1813 1159 1875 Patres,
1175 1815 1306 1873 eujus
1327 1815 1426 1864 lioee
1446 1819 1626 1863 sentent
1634 1815 1679 1861 ia
1700 1812 1808 1874 suit
1831 1831 1846 1862 .·

332 1916 339 1923 .
395 1876 805 1940 Deprehensum
828 1892 944 1926 eum
968 1877 1140 1941 gladio
1162 1878 1553 1929 interfectorem
1572 1878 1879 1941 Agerinum,
1901 1891 1966 1926 ex
1984 1877 2223 1941 gratiosis
2246 1875 2556 1940 Agrippino

333 1938 562 2004 libertis,
582 1950 644 1991 et
666 1957 777 1991 eam
803 1943 983 1992 tulisse
1004 1944 1317 2007 supplicium
1340 1945 1661 1994 consczentia
1681 1946 1859 2006 eadent,
1874 1957 1975 2008 qua
1997 1940 2198 1992 facinus
2233 1942 2558 2005 agitavisset.

331 2004 554 2056 Addebat
606 2009 787 2057 seelera
817 2008 966 2056 altius
997 2010 1204 2072 repetitu
1220 2025 1241 2067 ,·
1288 2009 1427 2074 quod
1465 2018 1726 2074 sperasset
1767 2010 2073 2059 societatem
2114 2009 2457 2072 principatus,
2500 2012 2557 2059 et

330 2073 640 2132 praetorium
662 2074 883 2122 militem
900 2074 954 2121 in
975 2076 1137 2123 verba
1156 2075 1383 2124 mulieris
1397 2091 1454 2124 se
1478 2082 1805 2125 sacramento
1829 2074 2218 2136 obstricturnm,
2232 2073 2554 2139 eandemque

1270 2200 1627 2221 noemoaev‘eo

330 2277 488 2329 editio
523 2280 774 2344 princeps
805 2287 862 2330 et
896 2280 1233 2329 recentiores.
1301 2278 1365 2328 In
1410 2278 1537 2327 Mss.
1575 2279 1725 2328 Harl.
1758 2279 1912 2328 Bodl.
1953 2278 2066 2328 Jes.
2112 2284 2171 2327 et
2213 2277 2554 2340 Puteolanus,

331 2350 385 2392 ut
430 2346 696 2407 hominum,
729 2346 803 2394 itu
856 2346 1055 2395 locorum
1089 2345 1250 2404 saciet
1279 2349 1642 2394 mactantem—6
1694 2344 1778 2393 Ita
1811 2346 1915 2393 Ms.
1954 2344 2091 2393 Flor.
2133 2343 2458 2393 Puteolanus
2497 2350 2553 2393 et

330 2413 681 2461 recentiores.
723 2412 785 2460 In
809 2412 934 2460 Mss.
949 2412 1101 2460 Harl.
1127 2411 1279 2460 Bodl.
1295 2411 1401 2461 Jes.
1418 2410 1617 2473 Reg.et
1637 2410 1866 2459 editione
1886 2409 2125 2473 principe
2141 2409 2328 2458 omissa
2348 2409 2558 2472 copula.

338 2481 435 2526 -6
469 2479 669 2527 Circum
693 2478 840 2527 abest
864 2492 895 2526 a
915 2478 1019 2526 Ms.
1044 2475 1223 2527 Guelf.
1267 2478 1458 2525 Erneet.
1669 2513 1675 2519 .

397 2547 424 2590 1
462 2543 551 2593 Sic
604 2544 733 2592 Mss.
765 2544 903 2593 Flor.
938 2544 1065 2606 Reg.
1092 2543 1241 2591 Harl.
1266 2542 1420 2592 Bodl.
1444 2541 1558 2592 JeS.
1593 2537 1770 2589 Guelf.
1804 2538 1967 2589 editio
1995 2536 2236 2603 p'rinceps
2269 2545 2325 2588 et
2363 2552 2550 2606 ¹recen-

332 2606 510 2657 tiores.
580 2609 727 2658 Male
769 2606 1047 2658 addiderat
1087 2609 1460 2671 Rhenanus,ea
1484 2607 1787 2655 conscientia.
1829 2605 2057 2656 Brotier.
2126 2605 2234 2654 Pro
2256 2619 2361 2654 eam
2384 2604 2547 2653 Heius

334 2672 436 2721 sius
458 2674 676 2724 volebat
693 2676 828 2723 chun.

1345 2794 1559 2846 NOTAE

339 2924 427 2973 pes
454 2911 711 2975 Campani
732 2925 854 2959 vere
875 2912 1050 2961 tristes
1069 2927 1084 2973 ;
1103 2909 1194 2960 sed
1218 2922 1403 2960 revera

337 2986 506 3052 laetus,
544 2989 592 3039 si
635 2989 821 3038 laetitia
857 2995 937 3039 est
977 2989 1271 3054 parricidis.
1303 2987 1402 3038 Au-

336 3067 492 3119 relius.

338 3149 341 3152 '
394 3142 408 3175 ¹
444 3143 692 3209 Infensus]
747 3145 908 3198 Quasi
946 3142 1165 3194 infestus
1203 3143 1300 3192 sibi
1346 3148 1401 3192 et

338 3221 485 3271 saluti
530 3238 666 3283 suae3
714 3221 861 3286 quasi
903 3226 1175 3284 sperneret
1218 3221 1402 3284 vitam,

337 3298 569 3358 salutem,
594 3298 886 3362 imperium,
907 3298 1096 3361 omnia,
1120 3303 1237 3361 post
1268 3298 1401 3348 inte-

338 3369 485 3425 ritum
504 3376 703 3426 matris.

393 3447 411 3493 J
442 3451 640 3503 Tumulo
662 3450 853 3515 matris]
900 3450 1076 3501 Simile
1097 3449 1218 3516 qnid
1240 3449 1401 3502 habet

335 3526 544 3581 Sueton.
571 3531 683 3580 Cal.
710 3534 790 3580 19.
823 3532 838 3558 ‘
866 3528 1104 3578 Cadaver
1125 3528 1240 3592 ejus
1263 3528 1396 3577 clam

334 3602 384 3653 in
432 3608 609 3657 hortos
648 3606 922 3656 Lamianos
963 3611 1302 3669 asportatum,
1341 3610 1396 3654 et

337 3685 670 3733 tumultuario
692 3698 818 3748 rogo
843 3682 1266 3732 semiambustum
1289 3682 1394 3732 levi

338 3764 529 3825 cespite
547 3762 787 3812 obrutum
812 3766 924 3809 est:
965 3767 1146 3825 postea
1193 3776 1287 3823 per
1315 3775 1393 3810 so-

340 3850 474 3889 rores
499 3839 566 3890 ah
602 3840 760 3889 exilio
784 3852 1014 3888 reversas
1039 3842 1263 3901 erutum,
1285 3851 1395 3887 cre-

337 3923 546 3980 matum,
568 3915 969 3981 sepultumque.'

394 3991 417 4026 ¹¹
436 3994 714 4060 Neapolim]
788 3992 1059 4058 Neapolis,
1092 3993 1211 4042 urbs
1244 3993 1392 4042 Cam-

337 4072 494 4131 paniae
521 4071 805 4136 provinciae
822 4071 886 4120 ad
900 4070 1387 4133 mare'l'yrrhenum:

336 4147 480 4201 hodie
522 4151 702 4214 Napoli
747 4150 917 4211 Italis,
942 4153 997 4197 et
1037 4148 1219 4212 Naples
1238 4149 1395 4198 Fran·

338 4226 421 4288 cis,
441 4227 566 4278 urbs
587 4229 770 4276 Terrae
790 4225 1023 4288 LaboriS,
1059 4232 1114 4274 et
1150 4226 1395 4289 primaria

339 4305 474 4369 regni
495 4303 835 4371 Neapolitani
852 4321 866 4356 z
889 4307 1041 4369 paret
1059 4302 1192 4368 Regi
1208 4301 1395 4356 Catho-

1478 2905 1602 2969 lico,
1620 2921 1713 2956 seu
1740 2907 2027 2971 Hispaniae.
2066 2907 2312 2959 Tillemmr.

1484 3005 1491 3010 ·
1548 2981 1562 3016 ¹
1596 2985 1901 3034 Conscientia
1936 3002 2028 3050 qua
2081 2989 2227 3036 scelus
2261 2986 2551 3055 paravisset]

1480 3059 1586 3111 Alii
1608 3069 1839 3125 vertunt,
1861 3079 1971 3127 prae
1996 3065 2225 3128 pudore3
2272 3066 2379 3129 alii,
2407 3071 2549 3130 prout

1480 3140 1727 3190 meruisset
1757 3142 1862 3205 ipsa
1879 3157 1900 3199 ,·
1929 3143 2036 3206 alii,
2068 3145 2317 3205 exagitata
2345 3146 2552 3193 armatis

1480 3218 1782 3268 con-scientia·
1814 3220 1912 3269 luit
1931 3236 2136 3284 poenam
2158 3224 2388 3285 sceleriS‚
2409 3223 2549 3287 quod

1480 3296 1596 3360 ipsa
1621 3304 1913 3360 paraverat.
1960 3299 2080 3347 Fuit
2098 3297 2402 3363 Agrippinas
2425 3314 2549 3349 conb

1480 3374 1702 3423 scientia
1719 3374 1891 3437 parati
1914 3375 2127 3424 sceleris
2146 3392 2160 3436 ;
2198 3377 2359 3438 igitur
2376 3382 2550 3425 eamet

1482 3451 1826 3511 conscientia,
1882 3466 1984 3515 qua
2040 3458 2319 3515 paraverat
2360 3452 2549 3517 scelus,

1481 3526 1664 3577 eadem
1699 3533 1776 3578 =et
1817 3528 2135 3577 conscientia
2182 3529 2449 3581 stimulata
2492 3536 2548 3581 et

1478 3606 1764 3668 exagitata,
1802 3606 1902 3655 luit
1946 3620 2149 3669 poenam
2192 3606 2545 3657 sceleris‘sui:

1477 3689 1531 3733 et
1552 3684 1627 3733 sic
1651 3685 1952 3748 relinquere
1973 3685 2119 3733 Nero
2133 3683 2346 3734 videtur
2362 3685 2416 3733 in
2440 3695 2544 3735 m·

1475 3758 1650 3823 biguo,
1673 3774 1736 3807 au
1775 3768 1943 3809 semet
1966 3760 2218 3810 occiderit
2239 3759 2549 3825 Agrippina,

1476 3851 1540 3885 an
1564 3837 1629 3886 ab
1660 3838 1774 3886 aliis
1808 3839 1980 3887 occisa
2014 3837 2102 3887 sit.
2157 3839 2349 3902 Sicque
2381 3837 2558 3889 tacite

1474 3915 1677 3965 derivat
1711 3932 1741 3965 a
1764 3932 1818 3967 se
1842 3918 2059 3967 crimen.

1539 3996 1721 4044 Eadem
1738 3992 2043 4057 conscientia]
2091 3994 2168 4044 Ut
2189 3994 2327 4044 mala
2346 3998 2545 4057 mente,

1474 4079 1530 4122 et
1570 4072 1828 4136 pravitate
1870 4072 2066 4135 ingenii
2115 4071 2280 4121 incita
2314 4069 2545 4134 foemina,

1474 4151 1641 4200 scelus
1666 4165 1788 4199 ausa
1812 4155 1928 4199 erat
1945 4165 1960 4211 ;
1980 4149 2054 4198 sic
2073 4157 2128 4197 et
2151 4149 2331 4197 eadem
2353 4156 2548 4210 mente,

1474 4226 1763 4291 eademque
1778 4227 2079 4276 stimulante
2100 4225 2429 4290 conscientia,
2445 4224 2546 4275 sibi

1474 4311 1695 4356 mortem
1713 4304 2058 4371 consciverat,
2076 4311 2167 4355 aut
2190 4305 2376 4356 luerat.
2435 4304 2547 4355 Eo·
