3063 4952
318 477 383 532 J,
405 478 468 531 C.
487 475 595 542 δι]

1035 467 1449 519 Amumulu
1500 469 1646 520 Lm.
1695 469 1827 522 XV.

2365 456 2542 524 19:39

413 618 526 684 39.
572 613 676 683 Eo
721 617 817 681 ἱιιι
865 619 1165 699 tempore
1211 612 1472 692 Nero,¹¹¹
1517 614 1737 678 Antii¹²
1795 630 2024 697 agens,
2079 633 2216 680 non
2269 619 2422 681 ante
2466 617 2540 682 in

325 721 556 786 urbem
601 738 940 802 regressus
990 724 1115 795 est,
1162 735 1367 800 quam
1416 715 1647 781 domui
1693 717 1890 801 ejuS,⁰
1933 736 2068 803 qua
2113 720 2446 802 palatium
2469 726 2537 785 et

324 821 723 888 Maecenatis
749 822 974 886 hortos
1003 820 1547 898 continuaverat‚v
1576 820 1751 902 ignis
1800 821 2303 904 propinquaret.

2395 819 2538 887 Ne·

322 945 457 1010 que
485 931 704 990 tamen
731 926 878 989 sisti
904 926 1164 1008 potuit,‘
1194 924 1354 1008 quin
1381 928 1448 986 et
1473 924 1802 1008 palatium
1839 928 1904 988 et
1930 923 2166 989 domus
2196 928 2264 987 et
2291 928 2536 990 cuncta

402 1116 578 1167 liudem
599 1117 764 1167 diebus
795 1119 947 1181 Nero,
973 1132 1166 1168 manens
1200 1116 1359 1179 Antii,
1394 1132 1489 1166 aon

1518 1116 1658 1180 pn‘us
1694 1115 1748 1164 in
1785 1114 2027 1165 civitatem
2060 1130 2275 1165 reversus
2294 1120 2385 1177 est,
2407 1131 2547 1179 qum

291 1186 302 1193 “
329 1170 804 1259 {mineretflainma
820 1183 975 1259 domui
987 1183 1131 1242 illius,
1145 1198 1235 1248 qua
1253 1184 1486 1258 palatium
1500 1186 1547 1230 et
1563 1182 1721 1230 hortos
1735 1181 2014 1257 lis-‹ecenqtis
2028 1181 2352 1256 conjungeret.
2379 1182 2547 1246 Neque

330 1251 491 1296 tamen
509 1247 714 1297 cohiberi
729 1252 905 1313 potuit,
923 1249 1038 1312 quin
1057 1253 1105 1297 et
1125 1250 1376 1313 palatium,
1400 1252 1448 1296 et
1469 1248 1653 1310 doinus,
1675 1252 1724 1295 et
1756 1250 2053 1306 circumvecta
2074 1260 2232 1294 omnm
2251 1245 2552 1297 absumeren-

1264 1391 1352 1411 060
1358 1389 1626 1411 ‘OOOO‘NO

355 1542 362 1551 ‚
403 1494 432 1543 1
469 1457 683 1541 Grotius
726 1490 925 1555 mallet,
961 1506 1016 1540 eo
1054 1491 1179 1542 enim
1220 1495 1456 1555 tempore.-
1511 1489 1677 1556 probo
1721 1504 1926 1556 quoque
1964 1490 2261 1554 plurimum.
2315 1491 2542 1546 Brotier·

1311 1620 1531 1673 NOTAE

333 1732 539 1777 structa
558 1727 740 1778 erant?

400 1804 506 1853 Dio
546 1804 635 1855 lib.
677 1818 813 1856 mxu.
885 1804 1051 1867 Nero,
1095 1806 1400 1856 ‘Priamum

331 1880 519 1930 mirum
541 1881 593 1929 iu
616 1882 822 1931 modum
847 1882 1057 1932 beatum
1080 1882 1237 1933 fuisse
1260 1884 1399 1934 dice-

333 1956 449 2017 bat,
482 1957 621 2021 quod
659 1958 882 2021 patriam
908 1960 1059 2009 simul
1097 1974 1216 2010 cum
1239 1975 1401 2024 regno

337 2032 600 2096 perditam
661 2034 890 2085 vidisset.
979 2036 1149 2100 Igitur
1208 2052 1400 2100 paucos

334 2110 583 2173 homines,
624 2112 768 2176 quasi
800 2111 933 2162 ebrii
970 2121 1164 2176 essent,
1190 2122 1281 2165 aut
1300 2116 1402 2165 alia

334 2187 592 2238 maleficia
635 2187 888 2249 facerent,
944 2190 1077 2240 clam
1122 2192 1176 2240 in
1236 2192 1402 2241 varias

337 2272 518 2328 partes
553 2265 694 2315 urbis
717 2266 931 2316 dimisit.
963 2267 1037 2316 Hi
1059 2267 1225 2332 primo
1247 2284 1403 2319 unum

338 2348 396 2391 et
421 2342 640 2392 alterum
678 2344 868 2408 locum,
890 2343 1105 2408 plurave
1143 2345 1269 2394 alibi
1304 2345 1404 2395 alia

337 2419 725 2471 incenderunt.'

405 2506 442 2532 m
477 2500 553 2549 Eo
574 2501 625 2549 in
643 2506 850 2566 tempore
879 2503 1035 2567 Nero]
1083 2503 1403 2553 Connectam

337 2577 522 2626 horum
559 2578 834 2629 verborum
866 2595 1044 2630 sensus
1081 2582 1179 2630 hoc
1212 2580 1401 2631 modo:

341 2655 418 2703 Eo
448 2653 572 2703 enim
593 2659 829 2719 tempore.-
877 2671 1081 2706 causam
1105 2657 1280 2707 reddit
1313 2672 1408 2707 cur

339 2731 594 2794 suspicari
615 2732 729 2796 quis
748 2731 910 2795 possit
920 2733 1122 2796 jussum
1147 2748 1177 2784 a
1197 2734 1409 2785 Nerone

340 2807 658 2859 incendium.
696 2809 916 2860 Grotius.

409 2885 534 2936 Non
586 2900 699 2935 eam
740 2898 949 2936 causam
1005 2886 1188 2949 affert3
1252 2887 1409 2938 immo

342 2962 632 3029 prudenter
651 2963 701 3013 in
724 2962 880 3014 dubio
902 2965 1147 3030 relinquit
1175 2965 1410 3030 Tacitus,

343 3056 409 3092 an
452 3042 598 3092 Nero
640 3041 938 3091 incendium
972 3042 1209 3106 jusserit.
1289 3042 1407 3092 Nec

343 3117 661 3169 eredendum
702 3118 878 3167 statim
910 3118 1176 3180 Suetonio,
1201 3118 1290 3183 qui
1318 3119 1409 3167 hu-

333 3196 426 3259 jus
463 3196 562 3245 aevi
600 3194 843 3260 vulgique
880 3194 1078 3246 fabulas
1100 3196 1415 3246 indistincte

345 3270 531 3332 refert,
552 3280 612 3322 ut
630 3277 737 3321 tum
761 3270 1038 3334 publicatae
1055 3278 1177 3320 sunt
1195 3279 1301 3331 3201
1323 3285 1409 3321 ac-

346 3348 547 3399 cusavit
581 3348 727 3398 Nero
755 3347 1092 3409 Christianos,
1113 3353 1188 3397 ut>-
1206 3353 1409 3397 averte-

347 3428 433 3473 ret
457 3437 713 3472 rumorem
732 3423 897 3487 vulgi,
919 3428 975 3471 et
998 3422 1265 3486 praecipue
1286 3422 1411 3486 quia

345 3497 638 3549 domestica.
671 3512 831 3551 scena
866 3498 952 3548 llii
987 3497 1253 3549 excidium
1271 3497 1411 3548 ceci-

343 3576 485 3626 nisse
519 3576 851 3638 arguebatur.
918 3576 1051 3627 Qum
1072 3581 1225 3626 certa
1242 3582 1413 3639 erant,

346 3652 487 3704 etde
512 3651 698 3716 quibus
732 3651 1107 3702 conveniebant
1137 3658 1410 3713 auctores3

347 3736 407 3779 ut
430 3734 581 3778 certa
602 3734 658 3778 et
679 3733 948 3792 comperta
980 3727 1141 3778 tradit
1168 3728 1379 3778 Tacitus
1391 3745 1413 3792 -ς

347 3819 464 3871 quoe
499 3817 622 3855 vero
659 3802 821 3856 dubia
854 3811 996 3868 sunt,
1031 3809 1093 3855 ut
1120 3804 1279 3855 dubia
1313 3821 1418 3856 me-

347 3888 535 3936 morat.

412 3965 438 3991 ¹¹
470 3956 638 4020 Antii]
672 3955 787 4007 Lib.
815 3969 933 4006 x1v.
952 3972 997 4008 c.
1020 3961 1069 4008 ⁸.
1236 3983 1240 3988 ·

415 4040 439 4067 ⁰
474 4034 632 4090 Quam
658 4033 819 4083 domui
850 4033 974 4095 qius]
1022 4033 1215 4098 Apotli.
1239 4050 1292 4086 V.
1332 4040 1414 4086 51.

349 4111 427 4167 Μ.
453 4109 586 4159 Cato
617 4109 632 4136 ‘
656 4108 710 4158 in
732 4110 987 4174 quendam
1011 4110 1302 4175 prodigum,
1321 4128 1410 4163 cu·

340 4189 433 4252 jus
476 4186 656 4237 domus
700 4184 1034 4250 deflagrarat,
1085 4186 1164 4238 ita
1196 4189 1411 4253 jocatus

350 4270 451 4325 est,
489 4271 548 4314 ut
586 4262 788 4313 diceret
826 4277 944 4312 eum
987 4261 1175 4314 fecisse
1216 4271 1415 4329 proter-

350 4339 517 4392 viam}
569 4338 647 4389 *Id
688 4345 817 4403 erat,
855 4340 873 4368 ‘
897 4339 1127 4405 priscum
1169 4339 1415 4393 sacrificii

1475 1724 1752 1794 genunin
1794 1744 1897 1794 quo
1935 1728 1979 1778 si
2018 1728 2142 1793 quid
2183 1726 2549 1792 superfuisset,

1447 1808 1676 1857 ‘servari
1710 1807 1891 1871 religio
1927 1813 2060 1871 erat,
2079 1805 2171 1857 sed
2212 1805 2319 1870 igni
2353 1819 2551 1864 crema-

1480 1883 1672 1934 batur.’

1548 1962 1674 2011 Post
1708 1959 2045 2010 interfectam
2079 1959 2427 2024 abolitamque
2460 1958 2551 2008 Ε-

1479 2038 1722 2101 neadum,
1766 2052 1858 2088 seu
1910 2038 2191 2100 Caesarum,
2234 2045 2290 2087 ct
2333 2038 2551 2102 aliorum

1480 2104 1728 2164 nobilium
1755 2115 1993 2178 stirpem,
2026 2114 2228 2164 addidit
2264 2115 2409 2165 Nero
2441 2130 2554 2178 pro·

1479 2193 1700 2253 terciam,
1745 2205 1848 2255 qua
1891 2190 2074 2239 urbem
2116 2191 2279 2252 ipsam
2334 2191 2550 2239 Romam

1482 2266 1788 2315 incenderet
1810 2271 1865 2314 et
1888 2266 1996 2315 solo
2019 2275 2270 2327 aequaret.
2327 2266 2404 2314 Ut
2422 2265 2554 2315 nihil

1481 2350 1720 2393 veterum
1744 2357 1900 2406 opum
1924 2350 2237 2391 remaneret.

1547 2426 1575 2460 Ρ
1609 2419 1891 2468 Moecemtis
1949 2418 2110 2467 hortos
2171 2417 2551 2482 continuaverat]

1486 2497 1649 2547 Horti
1668 2496 2036 2547 Maecenatiani
2060 2497 2112 2545 iu
2135 2497 2400 2560 Esquiliis.
2453 2497 2557 2548 His

1489 2582 1665 2625 autem
1711 2590 1742 2623 a
1783 2574 1993 2624 Nerone
2051 2574 2309 2623 aedificata
2351 2574 2558 2638 domus,

1486 2652 1844 2716 productaque
1863 2650 1928 2700 ad
1950 2650 2207 2714 Esquilias
2225 2650 2384 2713 ipsae.
2426 2650 2555 2700 Sue-

1491 2728 1682 2791 tonius,
1720 2729 1735 2756 ‘
1760 2726 1966 2777 domum
1993 2742 2025 2776 a
2055 2727 2265 2776 Palatio
2299 2726 2557 2796 Esquilias

1487 2819 1653 2870 usque
1676 2803 1822 2854 fecit.
1889 2805 2058 2856 Quam
2095 2803 2259 2867 primo
2291 2804 2557 2855 Transito·

1488 2882 1637 2945 riam,
1658 2897 1779 2931 mox
1815 2881 2056 2931 incendio
2092 2881 2379 2932 absumtam
2405 2881 2558 2932 resti-

1488 2966 1776 3025 tutamque,
1799 2958 2355 3027 Auaeamnominavit.’
2408 2960 2561 3010 Prio-

1487 3051 1598 3087 rem
1622 3052 1747 3101 ergo
1770 3052 1907 3087 nunc
1932 3037 2184 3100 intellige.
2215 3037 2424 3101 Lipsius.
2478 3065 2483 3066 ff

1554 3115 1858 3179 Memmia]
1892 3114 2052 3163 Horti
2071 3112 2280 3163 fuerunt
2303 3114 2356 3162 in
2379 3113 2562 3177 quinta

1486 3191 1730 3254 Regione
1754 3194 1939 3241 Romae
1971 3192 2199 3254 antiquae
2222 3207 2239 3240 ι
2288 3190 2442 3239 bodie
2467 3204 2562 3252 po-

1488 3269 1607 3319 sitio
1631 3277 1711 3320 est
1731 3270 1873 3319 circa
1895 3268 2184 3319 Ecclesiam
2216 3268 2316 3317 San
2338 3268 2559 3317 Martiae

1486 3347 1547 3394 de
1587 3346 1764 3404 Menti,
1805 3345 2053 3408 regionis·
2073 3344 2235 3393 Menti
2273 3345 2327 3393 in
2388 3345 2557 3393 latere

1488 3421 1728 3471 orientali
1754 3421 1936 3471 Romae
1961 3420 2237 3470 modernae.
2289 3422 2369 3469 Ex
2399 3421 2559 3469 Roma

1489 3496 1711 3554 Nardini
1731 3496 1821 3546 lib.
1842 3510 1919 3545 iv.
1941 3511 1988 3547 c.
2011 3502 2062 3547 2.
2086 3512 2137 3560 p.
2162 3501 2274 3546 162.
2316 3497 2559 3546 Tillemon.

1557 3582 1583 3616 «Ι
1620 3575 2022 3638 continuaverat]
2073 3575 2237 3624 Simul
2283 3576 2563 3638 conjunxe-

1494 3655 1595 3714 rat,
1617 3650 1694 3701 ita
1711 3658 1770 3701 ut
1788 3666 1887 3700 una
1906 3651 2087 3702 domus
2102 3651 2252 3701 fieret
2272 3668 2336 3701 ex
2355 3652 2562 3702 Palatio

1496 3733 1554 3777 et
1574 3728 1959 3779 Maecenatiana
1981 3735 2145 3778 turre.
2197 3731 2212 3758 ‘
2240 3731 2358 3779 Una
2380 3728 2562 3779 domus

1494 3803 1610 3866 fiet,
1627 3804 1786 3856 Veios
1806 3806 2028 3869 migrate
2052 3805 2322 3857 Quirites?

1560 3889 1583 3915 ¹·
1614 3883 1784 3946 Neque
1826 3889 1983 3933 tumen
2021 3883 2132 3932 sisti
2168 3882 2352 3946 potuit]
2438 3881 2561 3945 Ipse

1491 3960 1638 4009 venit
1658 3959 1821 4010 Antio
1854 3960 1904 4008 in
1929 3960 2128 4022 urbem,
2164 3966 2222 4009 ut
2262 3958 2564 4009 subveniret

1493 4036 1671 4086 domui
1695 4051 1822 4098 suae,
1846 4035 1938 4084 sed
1963 4049 2078 4084 sero
2111 4043 2163 4083 et
2199 4035 2297 4083 huc
2333 4034 2564 4099 illucque

1491 4113 1733 4162 cursabat
1749 4112 1883 4176 ipse,
1898 4112 1962 4160 ad
1988 4113 2271 4161 sistendum
2290 4112 2483 4174 ignem,
2506 4118 2564 4161 et

1491 4188 1559 4239 ad
1595 4187 1892 4240 incitandos
1927 4188 2180 4251 homines,
2202 4195 2260 4238 ut
2296 4184 2563 4252 extingue-

1493 4273 1634 4317 rent.

1558 4345 1702 4397 Hinc
1735 4342 1874 4396 infra
1906 4348 1992 4396 5⁰.
2025 4343 2273 4409 ‘Cepisse
2309 4308 2562 4409 impetam
