3063 4952
397 404 569 473 1880

1118 424 1186 471 G.
1226 420 1590 471 CORNELII
1637 419 1893 469 'racrm

2283 424 2380 490 [Α.
2402 426 2607 480 uam.

1386 664 1601 721 Nom:

393 830 496 888 ret,
518 824 827 877 relationum
849 834 905 877 et
926 825 1356 877 constitutionum
1374 825 1463 876 de·

397 918 491 955 cns
513 910 767 954 assertum
798 904 1064 954 volebant:
1100 918 1164 953 eo
1186 919 1349 969 usque
1371 903 1461 954 bo·

393 980 477 1031 nis
501 980 623 1031 viris
647 980 852 1031 laudem
880 980 1199 1033 invidebant.

472 1057 564 1108 Sic
617 1060 890 1110 voluerunt
944 1061 1189 1131 aucupari
1238 1062 1459 1127 gratiam

394 1135 668 1200 principis,
688 1152 808 1187 cum
843 1138 944 1201 ipsi
975 1142 1345 1189 concesserunt
1368 1141 1458 1204 jus

395 1214 573 1278 trium,
606 1221 850 1279 quatuor,
881 1222 972 1266 aut
992 1217 1217 1282 quinque
1253 1219 1458 1268 relatio·

397 1302 540 1340 num.
604 1292 899 1357 quuippe
937 1293 1146 1344 nomine
1190 1293 1298 1345 vim
1342 1310 1460 1359 per-

394 1367 541 1432 petui
561 1369 857 1419 consulatus
878 1369 1077 1434 habuit,
1107 1370 1267 1421 etiam
1290 1370 1334 1420 si
1355 1385 1460 1421 non

397 1450 539 1494 esset
555 1445 763 1495 consul:
787 1445 962 1511 sicque
979 1447 1154 1511 potuit
1174 1447 1290 1512 ipse
1313 1463 1463 1514 nnus,

397 1522 557 1572 etiam
574 1522 875 1573 absentibus
899 1530 986 1574 aut
1003 1524 1269 1576 silentibus
1283 1541 1463 1577 consu·

395 1598 549 1658 libus,
563 1605 733 1650 toturn
746 1600 873 1651 illud
892 1608 1114 1668 tempus,
1129 1617 1232 1668 qno
1252 1610 1463 1656 senatus

357 1672 360 1673 ⁷
393 1675 702 1737 habebatur,
718 1677 815 1727 sibi
835 1678 925 1728 uni
948 1680 1232 1731 vindicare.

459 1752 616 1803 Forte
631 1754 757 1804 illud
767 1756 857 1819 jus
872 1758 1242 1819 posterioribus
1260 1766 1461 1811 tantum

393 1831 719 1894 principibus
789 1846 1089 1885 concessum
1145 1851 1177 1885 a
1240 1846 1460 1900 senatu3

394 1906 535 1972 quod
580 1906 716 1958 forte
760 1910 923 1974 coepit
966 1927 998 1961 a
1019 1912 1359 1978 Vespasiano,
1400 1923 1461 1966 ut

394 2000 603 2050 semper
637 1987 955 2051 ingeniosior
995 1996 1080 2039 est
1117 1990 1297 2043 ultima
1334 1993 1458 2043 adu·

393 2061 541 2113 latio.

455 2139 786 2191 Abnueneilm
814 2142 1099 2208 conalibus]
1145 2144 1455 2196 Dicentibns

345 2246 362 2267 .
392 2230 496 2265 nou
518 2231 631 2267 esse
650 2220 853 2269 rehum
873 2220 938 2270 ad
959 2227 1134 2284 patres
1155 2221 1221 2271 de
1243 2222 1341 2272 hac
1378 2237 1454 2275 re.

395 2292 465 2342 Et
509 2300 654 2345 certe
692 2296 757 2345 de
801 2296 915 2346 aliis
958 2298 1109 2348 rebus
1163 2299 1455 2351 retulerant

393 2372 650 2434 consules,
686 2386 874 2437 nempe
921 2372 988 2424 de
1033 2375 1330 2428 criminibus
1372 2378 1454 2429 Ti·

390 2447 602 2499 marchi.

457 2526 558 2576 Vel
594 2526 904 2580 abnuentibus
941 2531 1009 2581 de
1048 2546 1112 2583 ea
1149 2547 1208 2584 re
1242 2534 1452 2586 relatio·

388 2615 542 2660 nem;
595 2603 731 2667 quod
766 2604 819 2655 in
869 2605 1010 2657 idem
1046 2607 1249 2661 recidit.
1311 2612 1451 2663 Nam

387 2692 506 2727 cum
542 2677 797 2745 dicerent,
837 2697 941 2733 non
984 2697 1100 2734 esse
1132 2686 1350 2738 relatum
1385 2687 1453 2737 de

388 2770 454 2805 ea
474 2770 549 2818 re,
572 2756 699 2806 satis
723 2759 1030 2822 promebant
1049 2768 1277 2813 mentem
1292 2777 1455 2829 suam,

387 2831 517 2881 satis
537 2831 823 2886 innuebant
844 2837 984 2887 nolle
1004 2837 1202 2889 referre
1225 2855 1283 2892 se
1301 2840 1369 2890 de
1390 2856 1455 2891 ea

388 2923 465 2971 re,
488 2916 545 2959 et
561 2911 790 2962 abnuere
807 2915 1128 2969 relationem.

451 2985 559 3036 Sed
593 2987 648 3036 id
671 2990 932 3052 pravitate
954 2992 1011 3043 in
1027 2994 1330 3085 Thraseam,
1363 3012 1450 3049 cu·

380 3062 474 3125 jus
513 3063 691 3127 glorias
730 3066 1112 3134 obtrectabant,
1151 3073 1241 3137 qui
1267 3074 1380 3139 jam
1419 3089 1453 3125 a

386 3134 668 3202 parricidio
706 3143 933 3195 Neronis
989 3145 1208 3199 infestus
1246 3156 1303 3201 et
1340 3166 1449 3201 sus-

386 3222 574 3278 pectus
593 3218 994 3287 dominantibus,
1013 3231 1071 3275 et
1093 3228 1448 3288 assentatione

383 3292 440 3341 in
455 3293 735 3359 Neronem,
750 3312 903 3362 quem
918 3309 1181 3353 auctorem
1197 3302 1312 3354 fieri
1325 3306 1448 3357 talis

385 3371 772 3423 constitutionis
790 3377 1003 3428 voluere
1028 3381 1290 3432 consules·
1308 3382 1448 3447 quod

385 3460 508 3498 mox
529 3447 748 3501 factum.

363 3577 364 3580 ,
450 3526 521 3575 Et
565 3527 688 3578 licet
724 3530 1028 3584 retulissent
1050 3534 1118 3585 de
1142 3535 1255 3587 aliis
1294 3550 1451 3603 nego·

384 3599 471 3650 tiis
492 3608 549 3652 et
566 3604 634 3653 de
651 3605 952 3658 criminibus
964 3609 1219 3662 Timarchi
1237 3613 1453 3665 Creten-

381 3678 480 3739 sis3
515 3684 745 3731 attamen
783 3682 940 3735 etiam
956 3694 1201 3751 poterant
1232 3697 1288 3741 et
1309 3699 1453 3743 teue-

384 3756 578 3808 bantur
597 3775 663 3809 ex
682 3760 869 3829 officio,
884 3765 1084 3817 referre
1105 3767 1171 3819 de
1187 3772 1451 3822 sententia

381 3834 645 3901 Thraseae,
667 3846 726 3889 nt
748 3855 863 3905 quae
886 3845 1188 3909 gravissima
1208 3853 1266 3899 et
1293 3864 1325 3904 e
1348 3850 1450 3901 Re·

381 3912 594 3977 publica
614 3923 769 3968 esset.

443 3990 771 4045 Abeuntibus
792 4010 850 4046 ea
879 3998 938 4048 de
959 4013 1013 4048 re
1034 4000 1259 4065 relatum]
1324 4003 1445 4054 Sive

376 4066 631 4134 abnuunt,
662 4086 756 4122 sen
793 4074 975 4126 dicunt
997 4079 1254 4141 consules,
1284 4094 1349 4130 ea
1373 4081 1443 4131 de

377 4160 435 4197 re
459 4163 562 4198 non
584 4163 697 4198 esse
718 4152 971 4217 relatnm3
1001 4156 1111 4206 sive
1145 4164 1330 4221 aperte
1355 4159 1443 4208 ab·

377 4231 543 4275 nuant
576 4227 899 4295 relationem,
930 4246 993 4282 ac
1033 4234 1234 4287 referre
1274 4236 1444 4287 nolint

380 4300 519 4366 apud
536 4307 734 4370 patres,
753 4304 807 4354 in
833 4320 889 4357 re
909 4306 1049 4362 idem
1073 4318 1171 4363 est.

1609 825 1683 876 At
1705 825 1846 891 quod
1867 824 2063 875 certius
2098 823 2183 874 hic
2213 830 2328 884 est,
2313 839 2326 852 ·
2366 822 2608 873 consules

1541 900 1740 952 referre
1765 917 1874 951 rem
1904 902 2213 960 noluerunt3
2248 914 2370 949 nam
2400 907 2619 950 senten·

1540 980 1617 1030 tia·
1636 980 1779 1030 dicta
1796 994 1829 1029 a
1846 979 2093 1042 Thrasea,
2111 991 2279 1042 neque
2314 978 2610 1027 retulerunt

1538 1058 1655 1123 ipsi,
1674 1072 1844 1123 neque
1868 1057 2052 1109 relatio
2072 1057 2304 1120 incepta,
2323 1045 2497 1121 neq'ue
2531 1070 2613 1105 ro·

1540 1136 1651 1199 gati
1720 1142 1841 1186 sunt
1900 1142 2079 1200 patres
2139 1134 2265 1199 quid
2329 1132 2611 1196 sentirent,

1539 1227 1708 1278 neque
1760 1212 2265 1264 senatusconsultum
2315 1208 2613 1275 perfectum

1540 1294 1623 1339 est
1647 1305 1662 1340 ι
1729 1289 1868 1354 quod
1941 1289 2082 1338 clare
2159 1286 2368 1351 patebit
2439 1291 2613 1336 atten-

1541 1365 1705 1415 denti.

1606 1442 1745 1493 Nam
1768 1457 1936 1504 magno
1969 1455 2161 1491 assensu
2191 1445 2426 1505 patrum,
2469 1439 2609 1493 forte

1539 1526 1596 1570 et
1618 1520 1905 1582 consulum,
1927 1518 2421 1569 celebrata-sententia
2444 1518 2612 1567 Thra-

1542 1614 1666 1661 seae,
1693 1599 1786 1649 sed
1820 1599 1947 1649 nihil
1980 1600 2120 1650 ultra
2151 1596 2450 1663 profectum
2490 1604 2574 1649 est
2593 1614 2609 1647 τ

1539 1675 1788 1726 bonorem
1838 1675 2066 1740 principi
2124 1679 2480 1736 reservarunt,
2550 1680 2613 1724 ιιι

1539 1760 1705 1806 actor
1731 1755 2082 1806 constitutionis
2099 1754 2273 1818 fieret,
2300 1753 2450 1818 ,quod
2470 1754 2612 1811 idem

1540 1833 1665 1885 alibi
1683 1833 1892 1884 Tacitus
1913 1832 2179 1882 observat.
2592 1892 2597 1897 .

1606 1913 1816 1961 Auctore
1848 1906 2084 1974 principe]
2151 1910 2224 1959 Et
2244 1909 2359 1958 haec
2382 1905 2488 1964 fuit
2520 1923 2608 1959 oc-

1540 1990 1685 2038 culta
1705 2002 1879 2052 causa,
1912 2002 2008 2038 cur
2028 1988 2229 2037 nollent
2249 1984 2453 2036 referre
2488 2001 2612 2036 con.

1538 2065 1703 2115 sules:
1740 2066 2016 2115 voluerunt
2054 2063 2193 2113 enim
2233 2076 2329 2128 per
2356 2063 2612 2115 adulatio·

1537 2155 1655 2191 nem
1675 2141 1728 2190 id
1748 2140 1959 2192 deferre
1990 2139 2236 2206 principi,
2275 2145 2331 2190 at
2366 2140 2479 2204 ejus
2502 2156 2610 2191 oon·

1531 2219 1799 2270 stitutionis
1839 2219 1921 2269 ills
1976 2222 2142 2268 auctor
2185 2221 2323 2280 esset,
2380 2223 2437 2267 et
2484 2218 2607 2283 qnia

1533 2296 1759 2348 Thrasea
1809 2312 1905 2347 non
1954 2296 2129 2360 dignus
2181 2300 2332 2347 tavitae
2382 2296 2458 2346 rei
2500 2311 2607 2347 oea-

1530 2390 1629 2427 sor.

1600 2451 1655 2504 Is
1676 2465 1864 2518 nempe
1881 2451 2074 2504 invisus
2091 2450 2318 2518 principi
2340 2457 2397 2502 et
2415 2451 2609 2517 gratio·

1533 2530 1730 2582 sissimo
1773 2530 1978 2596 cuique,
2028 2530 2315 2595 praesertim
2350 2531 2610 2595 patribus,

1528 2608 1706 2666 servili
1720 2609 1977 2673 patientia
1987 2624 2106 2660 sese
2120 2608 2609 2673 dehonestantibus,

1525 2688 1639 2751 jam
1672 2687 1795 2738 olim
1829 2687 1898 2737 ob
1934 2687 2287 2752 severitatem,
2304 2694 2362 2738 et
2384 2702 2609 2751 praeser-

1533 2765 1628 2814 tim
1651 2780 1683 2815 a
1706 2773 1943 2829 tempore
1963 2779 2066 2829 quo
2086 2770 2270 2815 senatu
2296 2765 2446 2830 exiit,
2482 2771 2603 2831 post

1534 2840 1826 2892 confessum
1850 2841 2211 2907 parricidium.

1596 2924 1620 2950 θ
1638 2916 1871 2982 Seuere,
1891 2933 1953 2968 ne
1971 2917 2099 2982 quiin]
2133 2917 2362 2984 Reperio
2375 2918 2493 2983 jam
2511 2934 2602 2969 an-

1531 3001 1588 3045 te
1635 2995 1865 3046 sanxisse
1905 2995 1963 3045 id
2004 2994 2332 3060 Augustnm3
2385 2995 2454 3045 de
2499 3011 2605 3061 quo

1531 3072 1721 3123 Dionis
1740 3073 1904 3123 verba
1941 3073 2040 3123 ista
2061 3073 2099 3123 l.
2123 3085 2236 3124 avr.
2261 3074 2277 3101 ‘
2303 3072 2607 3124 Provincia·

1529 3148 1665 3200 libus
1701 3149 1994 3213 interdixit,
2045 3163 2114 3199 ne
2164 3147 2251 3198 cui
2302 3149 2607 3212 praesidum,

1531 3227 1775 3293 quamdiu
1792 3228 1844 3276 in
1862 3226 2132 3292 provincia
2152 3231 2311 3289 esset,
2330 3240 2503 3291 neque
2526 3227 2604 3276 in-

1534 3311 1615 3354 tra
1630 3305 2003 3369 sexagesimum
2021 3318 2052 3353 a
2067 3302 2298 3353 discessu
2310 3303 2427 3366 ejus
2444 3303 2608 3365 diem,

1529 3383 1688 3432 ullum
1729 3384 1974 3432 honorem
2015 3380 2304 3431 habereut:
2357 3380 2603 3444 quoniam

1530 3460 1766 3511 nonnulli
1778 3458 2075 3511 testimonia
2085 3459 2184 3510 sibi
2198 3466 2255 3510 et
2269 3460 2606 3511 laudationes

1530 3551 1565 3587 a
1585 3538 1994 3602 provincialibus
2032 3544 2417 3602 comparantes,
2439 3540 2611 3590 multa

1530 3629 1596 3664 ea
1613 3615 1888 3667 occasione
1901 3614 2225 3680 peccabant.'

1598 3693 1703 3743 Sed
1738 3693 1999 3743 diversum
2024 3701 2197 3743 tamen
2220 3693 2319 3743 hoc
2342 3693 2604 3745 Neronia-

1526 3785 1651 3821 num
1687 3770 2006 3822 consultum:
2041 3770 2283 3837 quoniam
2320 3772 2451 3822 illud
2491 3772 2606 3823 Au-

1528 3849 1667 3913 gusti
1704 3856 1828 3912 post
1867 3849 2002 3899 diem
2041 3848 2307 3913 permittit
2338 3848 2604 3899 laudatio-

1525 3939 1649 3976 nes:
1683 3925 1781 3975 hoc
1806 3924 2031 3975 Neronis
2055 3925 2210 3988 plane
2232 3931 2290 3976 et
2312 3924 2471 3989 plene
2508 3940 2605 3976 eas

1525 4001 1683 4053 tollit.
1717 4002 1929 4065 Lipsius.

1590 4081 1670 4129 Ne
1688 4078 1796 4144 qais
1812 4080 1878 4128 od
1907 4075 2180 4140 concilium]
2232 4075 2441 4127 Debuit
2461 4077 2606 4129 enim

1524 4157 1711 4221 aliquis
1756 4156 1995 4221 incipere
2033 4155 2344 4207 relationem
2390 4154 2445 4204 in
2501 4157 2602 4209 tali

1522 4233 1766 4297 concilio,
1816 4247 2031 4299 remque
2078 4246 2371 4297 proponere
2422 4232 2607 4295 sociis,

1525 4310 1615 4377 qui
1638 4317 1778 4363 esset
1792 4310 1936 4363 inter
1973 4324 2059 4361 eos
2081 4323 2292 4362 summae
2317 4309 2605 4360 auctorita-
