3063 4952
1024 375 1434 425 summum
1484 375 1632 424 mn.
1677 375 1852 425 xm.
2376 361 2550 428 1395

319 523 677 593 Certamen
709 525 980 609 utrique
1014 544 1219 589 unum
1263 531 1409 589 erat
1452 524 1685 589 contra
1729 524 2047 589 ferociam
2106 522 2528 611 Agrippinae,

324 649 483 712 quae
559 629 820 693 cunctis
890 627 1086 693 malae
1176 627 1646 692 dominationis
1717 627 2160 713 cupidinibus³
2234 631 2546 713 flagrem,

323 732 615 797 habebat
673 732 746 796 in
808 731 1113 816 partibus
1161 729 1525 794 Pallantem
1548 738 1594 809 ;⁸
1664 750 1798 814 quo
1860 737 2155 811 auctore,
2221 732 2544 798 Claudius

325 835 572 918 nuptiis
632 836 911 899 incaetis
974 839 1040 897 et
1097 833 1457 917 adoptione
1500 833 1819 898 exitiosa·
1868 845 2077 901 semet
2120 844 2543 918 perverterat.

328 937 464 1002 Sed
506 957 721 1022 neque
764 937 1020 1003 Neroni
1070 937 1246 1002 infra
1271 935 1526 1004 servosb
1552 938 1925 1020 ingenium3
1991 943 2056 1002 et
2087 938 2342 1017 Panas,
2372 943 2544 1017 tristi

326 1044 724 1126 arrogantiae
771 1041 1045 1106 modum
1089 1041 1309 1106 liberti
1374 1061 1702 1124 egl-essm,
1754 1041 2031 1107 taedium
2071 1043 2178 1106 sui
2227 1050 2543 1112 moverat.

318 382 651 447 mewa.

317 1223 415 1287 bus,
434 1226 479 1274 si
493 1232 736 1289 sperneret
755 1227 900 1279 bonas
917 1232 1061 1278 anes.
1129 1226 1383 1276 Centenio
1400 1225 1622 1275 ambobus
1641 1241 1736 1275 aaa
1766 1230 1872 1274 emt
1903 1227 2124 1276 adversus
2169 1226 2530 1292 impotentiam

314 1305 405 1340 sen
427 1292 702 1341 viotentia-
719 1293 831 1355 Agr
765 1294 1021 1357 grippinoe,
1037 1309 1142 1356 «μισ
1161 1293 1213 1341 in
1229 1307 1387 1342 onnes
1402 1293 1543 1355 pravi
1564 1292 1755 1354 inperii
1775 1291 1996 1340 libidines
2019 1295 2269 1355 exardens,
2281 1293 2532 1353 fautorem

314 1356 513 1405 habebat
537 1358 729 1406 Pallanti
581 1359 838 1415 allantws
882 1359 1013 1420 enjus
1030 1359 1219 1407 consilio
1243 1357 1471 1406 Claudius
1489 1357 1677 1405 sibimet
1699 1357 1902 1405 exitium
1936 1363 2209 1420 paraverat,
2232 1360 2404 1407 incesto
2426 1376 2534 1407 con-

304 1421 465 1484 jugie,
499 1428 549 1471 et
578 1425 830 1487 adoptione
863 1424 1142 1487 perniciem.
1208 1422 1909 1487 &contempsit-doles,
1932 1423 2535 1499 qualibertorumingenia

313 1489 571 1553 mmm*
601 1491 854 1554 “Pake
893 1491 974 1554 φά
1004 1488 1738 1554 remi-ww
1774 1488 1964 1552 urerb

1252 1635 1554 1656 OOOOOOOOO
1556 1636 1615 1656 00

1947 1504 2045 1537 nus
2076 1488 2239 1538 liberti
2274 1493 2535 1554 potentiani

386 1748 417 1791 3
454 1744 541 1793 Sic
567 1744 699 1794 bene
732 1743 893 1794 editio
915 1745 1191 1810 princeps.
1246 1753 1302 1796 et
1335 1747 1408 1796 sic
1448 1745 1776 1796 emendatum
1815 1745 1867 1793 in
1902 1745 2009 1794 Ms.
2035 1744 2184 1794 Harl.
2253 1746 2538 1810 Perperani

326 1810 643 1860 Puteolanus
678 1817 734 1861 et
766 1811 899 1861 Mss.
936 1812 1089 1863 Harl.
1114 1812 1264 1864 Bodl.
1288 1813 1405 1866 Jes.
1446 1819 1503 1863 et
1541 1810 1721 1863 Guelf.
1754 1811 1937 1861 metis
1970 1812 2110 1861 mulis
2144 1812 2540 1862 dominationibus

323 1876 636 1943 cupidinibus.
702 1878 935 1928 Brotier.

1331 2027 1548 2079 Nom-2

323 2140 518 2202 centia,
556 2153 662 2190 non
683 2141 838 2191 modo
877 2145 1076 2208 expleri
1097 2160 1199 2195 non
1223 2161 1396 2213 posse,

324 2215 411 2266 sed
438 2232 501 2267 ex
525 2218 590 2266 iis
614 2220 779 2268 multo
804 2221 965 2284 magis
988 2222 1283 2287 corrumpi?

385 2294 493 2344 Sed
538 2296 665 2358 Dio,
713 2297 804 2361 qui
856 2308 1114 2363 perpetuo
1166 2300 1398 2351 infensus

323 2373 506 2422 virtuti
548 2374 698 2424 Rom.
748 2384 805 2427 et
859 2379 1127 2443 praecipue
1163 2378 1398 2440 Senecae,

326 2451 498 2515 sperni
535 2452 717 2516 possit.
819 2454 924 2505 Hic
962 2455 1064 2507 loci
1102 2455 1282 2507 audiat
1313 2455 1398 2507 hic

320 2529 583 2579 Solonem.

381 2615 403 2639 ¹
454 2607 685 2660 Habebat
737 2610 789 2660 ἰιι
838 2610 1057 2674 partibus
1106 2611 1399 2676 Pallantem]

325 2684 464 2734 Hinc
500 2685 639 2736 infra
678 2702 796 2751 cap.
834 2691 915 2737 14.
949 2689 964 2714 ‘
989 2689 1135 2738 Nero
1171 2688 1400 2738 infensus

321 2762 382 2812 iis
406 2763 599 2827 quibus
624 2766 873 2828 superbia
913 2766 1178 2816 muliebris
1217 2767 1401 2815 innite-

322 2840 498 2903 batur,
536 2841 781 2892 demovet
824 2844 1119 2893 Pallantem
1158 2858 1284 2893 cura
1323 2858 1401 2891 re-

321 2932 458 2979 rnm,
484 2919 603 2984 quis
640 2935 671 2969 a
709 2920 924 2971 Claudio
948 2922 1238 2986 impositum,
1259 2922 1403 2972 velut

324 2996 579 3045 arbitrum
605 2999 752 3060 regni
774 2999 1003 3063 agebat!

387 3079 412 3105 ⁸
442 3073 716 3137 Adoptione
737 3076 966 3140 exitiosa]
1001 3077 1232 3127 Neronis
1248 3076 1405 3141 adop-

325 3147 401 3199 tio
445 3150 669 3204 exitiosa
704 3153 922 3203 Claudio
958 3154 1181 3219 principi
1204 3161 1259 3203 et
1283 3154 1405 3204 Rei·

324 3230 484 3294 pub.;
520 3232 744 3282 exitiosa
766 3235 923 3298 patri,
944 3236 1278 3300 praeceptori,
1297 3251 1402 3290 ma·

304 3311 414 3380 tri,
437 3307 611 3373 fratri,
635 3313 818 3376 sorori,
842 3315 1009 3376 uxori,
1029 3315 1203 3364 arnitae
1225 3332 1239 3376 3
1292 3315 1400 3366 exi-

324 3384 460 3435 tiosa
500 3394 556 3436 et
595 3389 858 3438 Caesarum
898 3391 1126 3455 nomini;
1181 3392 1405 3441 exitiosa

324 3464 545 3527 ipsimet
566 3465 785 3515 Neroni.
856 3467 989 3517 Haec
1006 3475 1154 3517 certe
1172 3468 1403 3519 exitialis

325 3538 430 3593 fuit
451 3541 691 3605 imperio,
711 3544 845 3607 urbi,
865 3550 921 3593 et
943 3545 1055 3594 orbi
1080 3547 1338 3595 universo.

390 3617 415 3650 ¹³
447 3618 591 3678 Infra
620 3620 802 3684 sen-os]
867 3622 1105 3686 Respicit
1135 3623 1403 3687 praecipue

326 3695 411 3744 hic
435 3694 499 3744 ad
522 3697 836 3762 Pallantem,
857 3700 942 3763 qui
968 3701 1270 3750 servitutem
1298 3716 1403 3750 ser-

325 3775 499 3824 vierat
544 3777 665 3825 olim
707 3778 845 3841 apud
892 3779 1179 3846 Claudium,
1227 3795 1258 3829 a
1301 3795 1403 3845 quo

326 3850 466 3901 forte
503 3852 749 3903 libertate
783 3854 1004 3904 donatus
1042 3864 1187 3919 erat3
1234 3858 1307 3905 ita
1347 3865 1405 3906 ut

327 3930 542 3992 patroni
579 3945 766 3980 nomen
806 3941 1054 3996 sumeret,
1089 3941 1149 3982 et
1180 3934 1407 3983 Claudius

326 4013 629 4056 vocaretur.

393 4081 507 4132 Aut
528 4081 671 4133 forte
704 4083 935 4135 Antonia
953 4087 1108 4138 minor
1129 4089 1294 4152 prima
1318 4103 1406 4152 pa-

327 4167 483 4210 trona
525 4161 784 4211 Pallantis
823 4163 997 4227 hujuS,
1051 4165 1138 4229 qui
1183 4165 1247 4214 ab
1295 4167 1408 4228 ipsa

328 4240 613 4288 transierat
636 4239 701 4288 ad
728 4241 1019 4305 Claudium,
1050 4241 1138 4306 qul
1162 4240 1405 4291 Antoniae

1477 2159 1579 2209 que
1614 2143 1666 2193 hi
1704 2140 1880 2193 liberti
1915 2141 2223 2205 binomines,
2244 2144 2333 2211 qui
2356 2158 2543 2210 nempe

1477 2240 1666 2275 nomen
1707 2225 1919 2273 duorum
1959 2232 2300 2288 patronorum
2343 2226 2549 2274 sumsis-

1477 2308 1616 2364 sent,
1640 2300 1904 2362 Antonin,
1924 2298 2046 2348 dein
2068 2305 2124 2348 et
2147 2299 2369 2349 Claudii.

1543 2388 1566 2414 e
1600 2380 1752 2430 Tristi
1772 2377 2075 2441 arrogantia]
2123 2377 2187 2427 Id
2213 2384 2309 2442 est,
2330 2393 2550 2443 morosa,

1478 2458 1689 2522 acerba,
1716 2464 1942 2520 austera,
1966 2461 2027 2506 ut
2067 2455 2154 2521 qui
2188 2470 2290 2505 non
2328 2455 2424 2506 nisi
2458 2456 2549 2506 ad·

1480 2538 1657 2588 ductis
1696 2534 1990 2601 superciliis
2027 2534 2309 2597 aspiceret,
2350 2541 2441 2584 aut
2476 2535 2551 2584 lo-

1481 2621 1749 2683 queretur,
1784 2613 1874 2678 qui
1929 2617 2235 2675 procurator
2279 2611 2552 2675 plusquam

1482 2690 1883 2756 monosyllabus.

1554 2770 1703 2819 mai
1752 2765 2056 2830 arrogantia]
2125 2764 2299 2827 Tristi,
2350 2764 2403 2814 id
2454 2774 2570 2830 est,¹

1483 2847 1649 2911 gravi,
1695 2846 2007 2909 importuna,
2059 2841 2428 2906 superciliosa:
2498 2851 2552 2891 et

1482 2929 1571 2993 qui
1594 2942 1765 2991 neque
1788 2941 1942 2974 rocem
1961 2923 2220 2976 consociare
2250 2922 2553 2987 dignaretur

1482 3020 1600 3055 cum
1641 3004 1802 3056 servis
1835 3017 1896 3052 ac
1933 3003 2133 3053 libertis
2171 3001 2296 3063 suis,
2318 3001 2429 3064 ipse
2457 3001 2557 3049 Ro-

1483 3098 1621 3131 mam
1655 3083 1670 3109 ‘
1698 3080 1920 3145 pedibus
1943 3080 2029 3145 qui
2054 3087 2267 3130 venerat
2291 3079 2458 3128 albis?
2635 3127 2642 3138 ,

1549 3160 1636 3216 Sic
1659 3159 1727 3208 de
1753 3159 1935 3209 Curtio
1961 3155 2101 3207 Rufo
2123 3172 2280 3221 supra
2314 3158 2347 3208 1.
2379 3171 2441 3207 11.
2472 3161 2555 3212 21.
2635 3187 2643 3192 ·

1479 3238 1495 3265 ‘
1520 3236 1790 3287 Adversus
1848 3237 2141 3300 superiores
2195 3235 2327 3283 tristi
2381 3233 2557 3284 adula-

1481 3312 1662 3364 tione.'
1726 3314 1795 3362 Et
1836 3313 1963 3378 quid
1998 3313 2158 3376 magis
2190 3313 2557 3376 importunum,

1483 3407 1637 3457 quam
1659 3391 1911 3455 superbus
1935 3390 2189 3454 projectae
2211 3389 2556 3439 adulationis?

1547 3470 1757 3518 Tacitus
1773 3467 1909 3517 infra
1922 3475 2148 3517 mentem
2164 3482 2304 3516 suam
2326 3467 2558 3531 explicat

1483 3563 1603 3611 cap.
1623 3553 1706 3599 23.
1728 3547 1744 3574 ‘
1771 3548 1885 3596 Nec
1911 3552 2014 3595 tam
2041 3554 2185 3609 grata
2202 3546 2458 3595 Pallantis
2482 3546 2560 3596 in·-

1483 3624 1748 3685 nocentia,
1773 3639 1925 3688 quam
1953 3624 2122 3686 gravis
2148 3623 2397 3687 superbia
2417 3621 2556 3673 fuit.’

1487 3702 1809 3766 Intelligitur
1829 3702 1982 3750 homo
2005 3707 2262 3761 austeruS,
2295 3715 2467 3764 asper,
2502 3707 2558 3750 et

1484 3779 1694 3843 ingenio
1720 3779 1876 3827 durus
1902 3793 2192 3843 saevusque,
2214 3778 2382 3843 potius
2406 3793 2558 3845 quam

1484 3872 1714 3905 severus.

1553 3934 1735 3994 Pallas,
1757 3934 1889 3982 tristi
1921 3932 2225 3996 arrogantia]
2289 3933 2466 3994 Tristi,
2506 3932 2558 3981 id

1488 4018 1591 4070 est,
1629 4012 1843 4060 molesta
1896 4026 2224 4076 morosaque,
2278 4017 2335 4064 et
2383 4023 2559 4062 conse-

1488 4095 1711 4153 quenter
1751 4089 1896 4151 gravi
1940 4095 1996 4137 et
2047 4089 2370 4151 importuna3
2432 4085 2559 4150 quid

1489 4166 1624 4214 enim
1658 4166 1922 4214 molestius
1947 4178 2098 4217 servo
2121 4164 2422 4229 arroganti?
2468 4165 2563 4213 Ta-

1488 4244 1592 4291 lem
1635 4243 1979 4306 arrogantiam
2025 4241 2276 4290 describit
2318 4241 2561 4293 Juvenal.

327 4315 483 4382 hnjus
506 4315 895 4367 minoris-filius
927 4325 984 4369 et
1016 4319 1217 4369 haeres:
1269 4319 1412 4369 ideo·
1487 4321 1503 4348 ‘
1527 4321 1680 4372 homo
1705 4321 1862 4370 durus
1885 4325 1941 4370 et
1965 4334 2137 4384 asper,
2154 4318 2560 4370 Procuratorem
