3063 4952
337 379 399 437 J,
418 378 481 433 G.
502 379 618 446 sa]

1038 374 1463 431 ANNAMUM,
1498 376 1651 428 1218.
1693 378 1861 461 sslv.

2375 363 2550 437 18⁰1

352 598 355 603 ,
426 523 542 590 60.
589 520 798 607 Igitur
854 528 1139 608 accepto
1189 525 1467 590 Patr-um
1518 528 1848 605 consulto,
1907 531 2268 611 postquam
2311 532 2553 599 cuncta
2603 533 2609 537 ⁴

341 626 672 692 scelerum
700 634 999 692 suorum¹
1024 648 1147 713 pro
1187 630 1467 713 egregiis
1516 632 1735 715 accipi
1765 630 1971 707 videt,
2008 632 2316 697 exturbat
2341 630 2552 700 Octa-

339 731 552 809 viam,
607 733 628 762 ‘
652 728 964 796 sterilem’
1015 730 1346 798 dictitanS.
1436 731 1618 797 Exin
1669 732 2008 818 Poppaeae
2081 735 2556 820 conjungiturei

407 913 578 976 Igitur
596 916 758 964 audito
774 917 959 965 decreto
978 915 1199 978 Patr-um,
1229 915 1311 966 ubi
1331 916 1668 966 animadvertit
1689 918 1846 966 omnia
1871 917 2074 966 crimina
2104 932 2195 980 pro
2215 916 2406 968 eximiis
2423 882 2555 968 fuci·³

340 979 560 1030 noribus
601 981 873 1045 approbari,
908 980 1040 1042 efficit
1076 981 1340 1047 Octaviam,
1378 980 1824 1032 infoecunditatem
1869 983 2004 1032 uteri
2046 982 2348 1046 exprobrans.
2414 981 2552 1034 Dein

1276 1092 1630 1115 ”OONOOOOOO

407 1179 435 1224 1
471 1175 520 1224 E
540 1175 846 1242 quibusdam
872 1177 1001 1228 Mss.
1022 1193 1211 1229 suorum
1235 1178 1399 1230 abest.
1465 1174 1698 1229 Pichena
1716 1177 1917 1229 addidit
1940 1192 1971 1229 e
1991 1178 2236 1230 Flor.—2
2270 1178 2372 1230 Ms.
2394 1174 2550 1231 Harl·

1337 1319 1561 1373 NOTAE

340 1429 534 1498 quibus
554 1447 659 1483 non
679 1433 929 1485 illuditur.
997 1433 1114 1487 Hoc
1154 1451 1308 1487 sensu
1340 1436 1414 1485 in·

338 1506 448 1573 fra,
470 1516 588 1561 xiv.
610 1516 692 1562 63.
718 1512 866 1578 dicit,
882 1512 898 1540 ‘
923 1514 1117 1564 crimen
1145 1513 1286 1565 omni
1305 1514 1413 1566 exi·

338 1586 418 1639 tio
441 1589 686 1652 gravius!

407 1666 530 1716 Nee
571 1667 637 1717 ad
671 1667 917 1719 Plautum
945 1676 1103 1736 atque
1122 1671 1317 1734 Syllam
1348 1686 1412 1723 ea

336 1740 533 1793 referri
556 1745 768 1809 debent,
788 1747 878 1797 sed
910 1747 974 1797 ad
1000 1748 1256 1812 Rempub.
1293 1763 1408 1813 quae

338 1832 441 1883 per
464 1819 822 1873 damnationes
861 1829 943 1873 tot
979 1824 1254 1875 illustrium
1284 1825 1411 1876 viro·

340 1911 479 1961 rum,
501 1899 682 1962 gravia
699 1900 908 1966 quidem
925 1903 1060 1952 mala
1081 1904 1410 1967 perpetieba-

339 1979 429 2023 tur
450 1990 468 2036 ;
501 1974 593 2025 sed
618 1975 721 2027 ista
740 1977 983 2042 ludibria,
1006 1979 1132 2030 istas
1151 1987 1412 2032 contume-

338 2050 460 2117 lias,
497 2051 631 2119 (jam
683 2069 845 2105 coesos
900 2055 1130 2123 damnari
1185 2058 1409 2121 demum,

341 2129 495 2192 quasi
528 2144 634 2179 non
655 2130 721 2180 de
743 2131 983 2183 libertate
1006 2140 1206 2184 tautum
1230 2137 1411 2200 populi

339 2204 499 2258 Rom.
520 2206 864 2273 triumpharet
887 2211 1149 2276 princeps,
1186 2213 1278 2262 sed
1311 2214 1410 2263 eti·

341 2297 428 2339 am
448 2291 556 2334 tam
569 2285 809 2336 absurdis
825 2288 1133 2352 actionibus,
1148 2294 1411 2353 stuporem

341 2360 446 2425 ipsi
470 2360 857 2429 exprobraret,)
878 2358 1253 2431 aegrius,'quam
1275 2365 1411 2431 ipsas

343 2437 673 2490 calamitates
690 2437 911 2491 ferebat.

408 2517 538 2566 Seil.
561 2516 704 2568 istud
727 2520 939 2570 Senecae
979 2520 1046 2571 de
1080 2522 1335 2573 Clement.
1369 2537 1410 2575 r.

345 2597 427 2645 lo.
450 2607 556 2644 non
580 2594 649 2645 ad
682 2598 815 2646 solos
847 2597 1107 2664 principes
1141 2601 1406 2664 pertinet:

341 2672 361 2700 ⁸
383 2672 717 2734 contumelia
751 2673 1043 2726 acerbiores
1084 2679 1255 2728 solent
1299 2693 1412 2729 esse

342 2763 500 2815 quam
520 2748 764 2814 injuriae.’
800 2750 1165 2803 Freinshemius.

406 2825 693 2890 vulgatam
732 2826 807 2876 sic
847 2827 1260 2891 interpretabar:
1297 2846 1412 2897 quae

345 2917 533 2954 severa
548 2910 727 2954 *tamen
765 2905 1000 2956 adulatio
1031 2922 1134 2957 non
1176 2914 1279 2958 tam
1325 2925 1412 2973 ag·

344 2979 604 3045 gravabat
625 2981 951 3049 augebatque
989 2985 1145 3048 mala,
1178 2986 1411 3052 indignas

339 3058 580 3109 nimirum
594 3060 768 3111 caedes
776 3062 935 3128 Syllae
951 3061 1248 3130 Plautique,
1260 3081 1413 3131 quam

341 3136 574 3199 mimica,
628 3151 780 3202 vana,
845 3139 1047 3191 ludicra
1098 3143 1236 3192 mala
1275 3143 1414 3195 veris

344 3212 599 3266 addebat.
642 3215 928 3267 Gronovius.

409 3291 600 3343 Caedes
635 3292 736 3342 illm
768 3293 1196 3346 nobilissimorum
1221 3297 1411 3346 civium

340 3368 615 3434 inauditae,
635 3372 775 3420 mala
797 3373 972 3436 gravia
990 3379 1167 3434 erant;
1191 3373 1284 3423 sed
1305 3375 1411 3423 lon-

344 3462 410 3514 ge
435 3448 679 3513 graviora
693 3449 782 3498 illa
797 3451 946 3501 malis
967 3449 1213 3513 ludibria,
1227 3450 1414 3515 quibus

340 3528 510 3579 occisi
544 3528 820 3593 acpuniti,
843 3533 963 3594 post
980 3543 1182 3593 poenam
1204 3528 1414 3580 damua-

343 3604 561 3655 bantur.

407 3680 685 3744 Ludibriis]
750 3684 882 3733 Sunt
934 3684 1022 3749 qui
1094 3686 1412 3751 intelligant,

341 3760 498 3826 quasi
534 3760 782 3811 illuderet
805 3761 950 3812 Nero
987 3764 1201 3813 mortuis
1222 3764 1413 3815 Plauto

340 3836 612 3904 ist-Sylla:
648 3838 741 3887 sed
776 3840 928 3903 longe
968 3840 1128 3902 magis
1162 3841 1414 3891 illudebat

340 3912 498 3975 vivis,
513 3927 707 3978 nempe
748 3916 953 3965 senatui
997 3917 1287 3982 populoque
1313 3919 1411 3969 Ro·

338 4005 521 4054 mano,
542 3998 599 4040 et
634 3991 899 4055 praecipue
939 3993 1204 4058 Patribus,
1224 3995 1412 4060 quibus

339 4067 431 4119 sic.
466 4068 791 4131 imponebat,
823 4076 881 4117 ut
921 4070 1329 4134 supplicationes
1359 4079 1415 4122 et

340 4144 486 4196 dona
504 4145 737 4212 templis,
759 4145 964 4210 quoties
984 4148 1175 4210 caedes,
1197 4155 1251 4198 et
1272 4148 1412 4213 fugae

342 4220 599 4272 nobilium
640 4218 846 4284 fierent,
868 4220 1007 4270 foedo
1048 4223 1292 4288 obsequio
1328 4226 1417 4276 de-

344 4310 571 4360 cernere
603 4302 856 4363 cogeret3
886 4297 1263 4367 damnaretque
1298 4315 1417 4368 pro·

1491 1449 1661 1499 ceres,
1681 1440 2013 1501 moveretque
2034 1440 2234 1499 senatu,
2267 1446 2395 1500 quos
2419 1429 2552 1482 occi·

1491 1512 1674 1563 disset.

1554 1591 1820 1641 videbant
1857 1589 1953 1641 sibi
1990 1588 2159 1652 illudi,
2197 1592 2253 1639 et
2289 1585 2558 1648 volebant,

1490 1669 1681 1730 promti
1707 1668 1758 1717 in
1781 1668 2049 1720 servitium
2066 1666 2203 1716 ultro
2224 1662 2516 1713 illudebant
2530 1677 2549 1713 ς

1489 1761 1695 1811 nempe,
1741 1761 1939 1796 summa
1988 1744 2267 1811 prudentia
2304 1741 2461 1807 fuit,‘
2485 1748 2553 1791 ne

1488 1825 1783 1889 intelligere
1822 1825 1948 1874 talia
1970 1822 2197 1874 ludibria
2218 1815 2554 1871 viderentur!

1557 1905 1890 1969 Gravioribus]
1909 1905 2068 1954 Certe
2087 1901 2388 1968 gravissima
2407 1903 2558 1949 erant

1488 1983 1642 2046 mala,
1687 1983 1777 2032 sed
1823 1981 2138 2048 gravissimis
2188 1979 2332 2029 malis
2385 1976 2553 2027 adhuc

1489 2060 1731 2121 graviora
1751 2058 1992 2121 ludibria,
2018 2058 2200 2122 quibus
2233 2069 2419 2120 nempe
2440 2054 2558 2104 illu·

1490 2132 1714 2185 debatur
1737 2136 1957 2199 senatui,
1984 2134 2309 2200 proceribus,
2331 2131 2558 2205 Reipub.

1491 2210 1626 2275 orbi,
1659 2211 1791 2276 urbi,
1821 2213 1939 2262 Diis
1975 2219 2033 2263 et
2061 2209 2390 2261 hominibus:
2425 2207 2556 2258 ludi·

1488 2285 1605 2337 brio
1639 2288 1937 2351 turpissimo
1966 2288 2172 2337 illusum
2195 2285 2554 2350 augustissime

1490 2364 1678 2428 ordini,
1697 2365 1785 2431 qui
1819 2366 2141 2428 innocentes,
2161 2371 2218 2414 et
2248 2365 2361 2429 jam
2393 2363 2554 2414 inter-

1486 2440 1678 2508 fectos,
1696 2443 1894 2494 indicta
1914 2457 2069 2493 causa
2101 2448 2286 2492 senatu
2322 2455 2553 2506 movere,

1490 2528 1549 2572 et
1593 2522 1667 2573 sic
1721 2521 1943 2571 illudere
1995 2520 2221 2584 sibimet,
2259 2518 2554 2584 ceterisque

1491 2598 1797 2650 mortalibus
1822 2597 2148 2663 adigebatur.

1555 2683 1582 2710 ¹
1616 2677 1836 2741 Poppaeoe
1876 2672 2203 2737 couriungitur]
2258 2674 2390 2723 Eam
2421 2683 2553 2722 uxo-

1491 2769 1600 2804 rem
1625 2754 1787 2817 ducit,
1803 2768 1869 2803 ex
1884 2753 2151 2816 Suetonio,
2166 2750 2433 2801 duodecimo
2448 2753 2557 2814 post

1489 2832 1737 2883 dissidium
1755 2833 1852 2882 die.
1915 2831 2126 2896 Sicque,
2142 2836 2202 2879 ut
2220 2836 2369 2894 puto,
2386 2827 2554 2893 primo

1492 2910 1741 2960 exturbat
1779 2909 2074 2971 Octaviam,
2098 2921 2214 2973 quae
2255 2906 2406 2971 pulsa
2437 2919 2557 2969 reg-

1492 2989 1696 3039 natrice
1719 2989 1891 3051 domo,
1912 2988 2105 3052 accipit
2125 2986 2333 3038 domum
2348 2983 2557 3050 Burrbi,

1493 3071 1550 3115 et
1568 3065 1715 3117 villas
1736 3066 1933 3126 Plauti,
1952 3064 2178 3118 infausta
2192 3076 2424 3113 munera.

1558 3144 1690 3194 Mox
1710 3143 1761 3192 in
1774 3143 2108 3208 Campaniam
2122 3141 2346 3204 ejicitur,
2356 3145 2412 3189 et
2434 3138 2556 3190 dum

1492 3220 1610 3285 ipsa
1642 3220 1696 3269 in
1719 3219 2002 3283 Campania
2031 3217 2215 3282 agitat,
2248 3218 2394 3266 Nero
2415 3214 2556 3278 Pop.-

1495 3311 1627 3360 paeoe
1659 3296 1870 3360 nuptias
1906 3294 2155 3354 celebrat,
2177 3300 2268 3341 aut
2290 3291 2555 3341 celebrare

1492 3378 1660 3435 parat.
1725 3370 1802 3421 At
1843 3372 2068 3421 clamore
2109 3369 2250 3433 vulgi
2301 3367 2560 3430 turbatus,

1491 3448 1686 3499 invitus
1703 3449 1980 3500 Octaviam
2002 3452 2232 3510 revocat,
2247 3445 2340 3496 sed
2357 3459 2419 3494 eo
2439 3458 2560 3494 con-

1492 3526 1627 3589 silio,
1651 3533 1708 3576 ut
1750 3532 1907 3576 testes
1951 3530 2007 3575 et
2052 3524 2268 3578 crimina
2312 3522 2558 3572 adversus

1493 3617 1609 3652 eam
1632 3609 1909 3669 quaereret,
1931 3602 2126 3652 artibus
2153 3601 2370 3666 pellicis.

1559 3684 1652 3747 Ut,
1668 3696 1874 3746 nempe,
1898 3696 1961 3731 eo
1985 3686 2246 3744 praetextu
2271 3685 2327 3729 et
2350 3691 2559 3728 accusa-

1496 3760 1640 3811 tione
1655 3759 1885 3824 Aniceti,
1904 3760 2195 3824 perculsam
2212 3758 2481 3822 ablegaret
2503 3756 2561 3807 in

1494 3837 1715 3887 insulam
1738 3837 2128 3898 Pandateriam,
2161 3834 2252 3885 ubi
2289 3841 2345 3884 et
2380 3833 2558 3883 statim

1494 3916 1665 3966 occisa
1685 3922 1788 3978 est,
1810 3920 2120 3980 procurante
2140 3912 2359 3972 medico,
2384 3916 2440 3959 et
2472 3909 2560 3974 ju-

1495 3993 1737 4043 bentibus
1756 3992 2187 4057 exigentibusque
2218 3989 2439 4039 tribunis
2468 3994 2561 4039 aut

1495 4070 1878 4121 centurionibus
1892 4070 2004 4133 ejus
2021 4068 2275 4117 custodiae
2291 4065 2560 4131 appositis,

1497 4158 1556 4201 ut
1577 4152 1652 4200 sic
1674 4163 1872 4199 omnem
1891 4146 2159 4196 seditionis
2180 4144 2449 4194 materiem
2471 4143 2561 4192 ab·

1494 4228 1775 4290 scinderet,
1852 4229 2072 4288 urgente
2158 4222 2560 4286 stimulanteque

1496 4306 1752 4371 Poppaea,
1775 4317 1893 4369 quae
1914 4300 2111 4367 pellex,
2130 4305 2294 4366 caput
2316 4297 2559 4357 Octavia
