<?xml version="1.0" encoding="UTF-8"?>
<!DOCTYPE html PUBLIC "-//W3C//DTD XHTML 1.0 Transitional//EN"
    "http://www.w3.org/TR/xhtml1/DTD/xhtml1-transitional.dtd">
<html xmlns="http://www.w3.org/1999/xhtml" xml:lang="en" lang="en">
 <head>
  <title>
</title>
<meta http-equiv="Content-Type" content="text/html;charset=utf-8" />
  <meta name='ocr-system' content='tesseract 3.04.00' />
  <meta name='ocr-capabilities' content='ocr_page ocr_carea ocr_par ocr_line ocrx_word'/>
</head>
<body>
  <div class='ocr_page' id='page_1' title='image "./operaomniavolum00tacigoog/operaomniavolum00tacigoog_0423.png"; bbox 0 0 3063 4952; ppageno 0'>
   <div class='ocr_carea' id='block_1_1' title="bbox 343 384 2566 481">
    <p class='ocr_par' dir='ltr' id='par_1_1' title="bbox 343 384 2566 481">
     <span class='ocr_line' id='line_1_1' title="bbox 343 384 2566 481; baseline -0.008 -11"><span class='ocrx_word' id='word_1_1' title='bbox 343 417 410 471; x_wconf 77' lang='lat' dir='ltr'>J.</span> <span class='ocrx_word' id='word_1_2' title='bbox 427 416 493 469; x_wconf 78' lang='lat' dir='ltr'>c.</span> <span class='ocrx_word' id='word_1_3' title='bbox 513 415 621 481; x_wconf 61' lang='grc' dir='ltr'>σι]</span> <span class='ocrx_word' id='word_1_4' title='bbox 2384 384 2566 454; x_wconf 71' lang='grc'>1799</span> 
     </span>
    </p>
   </div>
   <div class='ocr_carea' id='block_1_2' title="bbox 339 546 2559 649">
    <p class='ocr_par' dir='ltr' id='par_1_2' title="bbox 339 546 2559 649">
     <span class='ocr_line' id='line_1_2' title="bbox 339 546 2559 649; baseline -0.005 -22"><span class='ocrx_word' id='word_1_5' title='bbox 339 559 535 649; x_wconf 83' lang='lat' dir='ltr'>(ipsa</span> <span class='ocrx_word' id='word_1_6' title='bbox 559 556 899 644; x_wconf 85' lang='lat' dir='ltr'>Principis</span> <span class='ocrx_word' id='word_1_7' title='bbox 927 553 1133 623; x_wconf 81' lang='lat' dir='ltr'>verba</span> <span class='ocrx_word' id='word_1_8' title='bbox 1165 548 1510 637; x_wconf 72' lang='lat' dir='ltr'>referam2)</span> <span class='ocrx_word' id='word_1_9' title='bbox 1540 553 1562 585; x_wconf 85' lang='lat'><em>‘</em></span> <span class='ocrx_word' id='word_1_10' title='bbox 1594 547 1857 630; x_wconf 79' lang='lat' dir='ltr'>Quin,’⁴</span> <span class='ocrx_word' id='word_1_11' title='bbox 1879 546 2120 634; x_wconf 84' lang='lat' dir='ltr'>inquit,</span> <span class='ocrx_word' id='word_1_12' title='bbox 2145 548 2170 584; x_wconf 87' lang='lat'><em>‘</em></span> <span class='ocrx_word' id='word_1_13' title='bbox 2196 546 2406 629; x_wconf 76' lang='lat' dir='ltr'>Nero,</span> <span class='ocrx_word' id='word_1_14' title='bbox 2429 547 2559 615; x_wconf 64' lang='lat' dir='ltr'>‘de-</span> 
     </span>
    </p>
   </div>
   <div class='ocr_carea' id='block_1_3' title="bbox 1053 399 1893 461">
    <p class='ocr_par' dir='ltr' id='par_1_3' title="bbox 1053 399 1893 461">
     <span class='ocr_line' id='line_1_3' title="bbox 1053 399 1893 461; baseline 0.001 -5"><span class='ocrx_word' id='word_1_15' title='bbox 1053 401 1477 461; x_wconf 59' lang='lat' dir='ltr'>aunuum</span> <span class='ocrx_word' id='word_1_16' title='bbox 1522 399 1678 452; x_wconf 62' lang='lat'>1218.</span> <span class='ocrx_word' id='word_1_17' title='bbox 1725 399 1893 457; x_wconf 70' lang='lat' dir='ltr'>xlv·</span> 
     </span>
    </p>
   </div>
   <div class='ocr_carea' id='block_1_4' title="bbox 336 712 2565 829">
    <p class='ocr_par' dir='ltr' id='par_1_4' title="bbox 336 712 2566 829">
     <span class='ocr_line' id='line_1_4' title="bbox 336 712 2565 829; baseline -0.006 -16"><span class='ocrx_word' id='word_1_18' title='bbox 336 766 434 829; x_wconf 68' lang='lat' dir='ltr'>pa</span> <span class='ocrx_word' id='word_1_19' title='bbox 453 760 696 813; x_wconf 64' lang='lat' dir='ltr'>mermi</span> <span class='ocrx_word' id='word_1_20' title='bbox 708 761 939 811; x_wconf 63' lang='lat' dir='ltr'>auu-n.-</span> <span class='ocrx_word' id='word_1_21' title='bbox 962 757 1547 823; x_wconf 54' lang='lat' dir='ltr'>cnon-mmm</span> <span class='ocrx_word' id='word_1_22' title='bbox 1561 755 1773 806; x_wconf 64' lang='lat' dir='ltr'>Neronis</span> <span class='ocrx_word' id='word_1_23' title='bbox 1791 753 1933 804; x_wconf 64' lang='lat' dir='ltr'>msa</span> <span class='ocrx_word' id='word_1_24' title='bbox 1952 751 2192 818; x_wconf 42' lang='lat' dir='ltr'>tumst</span> <span class='ocrx_word' id='word_1_25' title='bbox 2206 750 2365 817; x_wconf 79' lang='lat' dir='ltr'>Quin,</span> <span class='ocrx_word' id='word_1_26' title='bbox 2378 712 2565 818; x_wconf 46' lang='lat' dir='ltr'>inqu&amp;</span> 
     </span>
    </p>
   </div>
   <div class='ocr_carea' id='block_1_5' title="bbox 336 984 2558 1184">
    <p class='ocr_par' dir='ltr' id='par_1_5' title="bbox 336 984 2558 1184">
     <span class='ocr_line' id='line_1_5' title="bbox 340 984 2558 1051; baseline -0.002 -9"><span class='ocrx_word' id='word_1_27' title='bbox 340 995 443 1042; x_wconf 73' lang='lat'>—8</span> <span class='ocrx_word' id='word_1_28' title='bbox 481 989 765 1051; x_wconf 57' lang='lat' dir='ltr'>Refer-elma</span> <span class='ocrx_word' id='word_1_29' title='bbox 802 990 1082 1039; x_wconf 76' lang='lat' dir='ltr'>Budens.-</span> <span class='ocrx_word' id='word_1_30' title='bbox 1101 992 1134 1039; x_wconf 82' lang='grc'>4</span> <span class='ocrx_word' id='word_1_31' title='bbox 1166 986 1253 1038; x_wconf 86' lang='lat' dir='ltr'>Sic</span> <span class='ocrx_word' id='word_1_32' title='bbox 1294 985 1573 1037; x_wconf 77' lang='lat' dir='ltr'>Rhenanus</span> <span class='ocrx_word' id='word_1_33' title='bbox 1627 992 1685 1036; x_wconf 87' lang='lat' dir='ltr'>et</span> <span class='ocrx_word' id='word_1_34' title='bbox 1739 986 2079 1037; x_wconf 76' lang='lat' dir='ltr'>recentiores.</span> <span class='ocrx_word' id='word_1_35' title='bbox 2145 984 2211 1035; x_wconf 83' lang='lat' dir='ltr'>In</span> <span class='ocrx_word' id='word_1_36' title='bbox 2255 985 2383 1037; x_wconf 65' lang='grc' dir='ltr'>Μαι.</span> <span class='ocrx_word' id='word_1_37' title='bbox 2416 984 2558 1037; x_wconf 69' lang='lat' dir='ltr'>Flor-</span> 
     </span>
     <span class='ocr_line' id='line_1_6' title="bbox 340 1051 2553 1117; baseline -0.002 -10"><span class='ocrx_word' id='word_1_38' title='bbox 340 1057 499 1109; x_wconf 78' lang='lat' dir='ltr'>Harl.</span> <span class='ocrx_word' id='word_1_39' title='bbox 522 1057 676 1109; x_wconf 88' lang='lat' dir='ltr'>Bodl.</span> <span class='ocrx_word' id='word_1_40' title='bbox 701 1063 757 1107; x_wconf 91' lang='lat' dir='ltr'>et</span> <span class='ocrx_word' id='word_1_41' title='bbox 786 1055 1099 1107; x_wconf 80' lang='lat' dir='ltr'><strong>editionibus</strong></span> <span class='ocrx_word' id='word_1_42' title='bbox 1134 1053 1414 1117; x_wconf 84' lang='lat' dir='ltr'>veteribus,</span> <span class='ocrx_word' id='word_1_43' title='bbox 1433 1068 1535 1104; x_wconf 80' lang='lat' dir='ltr'>cur.</span> <span class='ocrx_word' id='word_1_44' title='bbox 1602 1051 1665 1102; x_wconf 92' lang='lat' dir='ltr'>In</span> <span class='ocrx_word' id='word_1_45' title='bbox 1700 1053 1829 1110; x_wconf 78' lang='lat' dir='ltr'>Mss.</span> <span class='ocrx_word' id='word_1_46' title='bbox 1861 1053 1974 1106; x_wconf 83' lang='lat' dir='ltr'>Jes.</span> <span class='ocrx_word' id='word_1_47' title='bbox 2008 1051 2187 1102; x_wconf 83' lang='lat' dir='ltr'>Guelf.</span> <span class='ocrx_word' id='word_1_48' title='bbox 2211 1066 2344 1116; x_wconf 76' lang='lat' dir='ltr'>quor.</span> <span class='ocrx_word' id='word_1_49' title='bbox 2412 1051 2553 1103; x_wconf 83' lang='lat' dir='ltr'>Hinc</span> 
     </span>
     <span class='ocr_line' id='line_1_7' title="bbox 336 1118 2343 1184; baseline -0.001 -13"><span class='ocrx_word' id='word_1_50' title='bbox 336 1121 537 1174; x_wconf 84' lang='lat' dir='ltr'>frustra</span> <span class='ocrx_word' id='word_1_51' title='bbox 579 1122 817 1172; x_wconf 87' lang='lat' dir='ltr'>tentabat</span> <span class='ocrx_word' id='word_1_52' title='bbox 858 1120 1168 1183; x_wconf 76' lang='lat' dir='ltr'>Gronovius,</span> <span class='ocrx_word' id='word_1_53' title='bbox 1217 1121 1386 1183; x_wconf 75' lang='lat' dir='ltr'>Curre,</span> <span class='ocrx_word' id='word_1_54' title='bbox 1428 1118 1603 1184; x_wconf 77' lang='lat' dir='ltr'>inquit,</span> <span class='ocrx_word' id='word_1_55' title='bbox 1643 1118 1776 1169; x_wconf 83' lang='lat' dir='ltr'>Nero</span> <span class='ocrx_word' id='word_1_56' title='bbox 1801 1154 1814 1169; x_wconf 90' lang='lat'><strong>.</strong></span> <span class='ocrx_word' id='word_1_57' title='bbox 1836 1154 1877 1168; x_wconf 90' lang='lat'>..</span> <span class='ocrx_word' id='word_1_58' title='bbox 1898 1154 1911 1169; x_wconf 90' lang='lat'><strong>.</strong></span> <span class='ocrx_word' id='word_1_59' title='bbox 1934 1122 2175 1169; x_wconf 63' lang='lat' dir='ltr'>indurare</span> <span class='ocrx_word' id='word_1_60' title='bbox 2204 1132 2343 1182; x_wconf 77' lang='lat' dir='ltr'>para.</span> 
     </span>
    </p>
   </div>
   <div class='ocr_carea' id='block_1_6' title="bbox 1335 1269 1557 1323">
    <p class='ocr_par' dir='ltr' id='par_1_6' title="bbox 1335 1269 1557 1323">
     <span class='ocr_line' id='line_1_8' title="bbox 1335 1269 1557 1323; baseline -0.009 0"><span class='ocrx_word' id='word_1_61' title='bbox 1335 1269 1557 1323; x_wconf 81' lang='lat' dir='ltr'>NOTAE</span> 
     </span>
    </p>
   </div>
   <div class='ocr_carea' id='block_1_7' title="bbox 324 1385 1408 1848">
    <p class='ocr_par' dir='ltr' id='par_1_7' title="bbox 324 1385 1408 1848">
     <span class='ocr_line' id='line_1_9' title="bbox 340 1385 1408 1451; baseline -0.002 -13"><span class='ocrx_word' id='word_1_62' title='bbox 340 1394 457 1438; x_wconf 88' lang='lat' dir='ltr'>tnm</span> <span class='ocrx_word' id='word_1_63' title='bbox 483 1403 511 1436; x_wconf 88' lang='lat' dir='ltr'>a</span> <span class='ocrx_word' id='word_1_64' title='bbox 534 1388 748 1437; x_wconf 81' lang='lat' dir='ltr'>Nerone</span> <span class='ocrx_word' id='word_1_65' title='bbox 767 1385 835 1438; x_wconf 82' lang='lat' dir='ltr'>A.</span> <span class='ocrx_word' id='word_1_66' title='bbox 859 1386 1120 1437; x_wconf 88' lang='lat' dir='ltr'>Plautium</span> <span class='ocrx_word' id='word_1_67' title='bbox 1141 1388 1408 1451; x_wconf 86' lang='lat' dir='ltr'>juvenem,</span> 
     </span>
     <span class='ocr_line' id='line_1_10' title="bbox 339 1465 1404 1530; baseline -0.003 -14"><span class='ocrx_word' id='word_1_68' title='bbox 339 1472 399 1516; x_wconf 88' lang='lat' dir='ltr'>et</span> <span class='ocrx_word' id='word_1_69' title='bbox 423 1471 546 1515; x_wconf 87' lang='lat' dir='ltr'>ante</span> <span class='ocrx_word' id='word_1_70' title='bbox 569 1471 786 1515; x_wconf 89' lang='lat' dir='ltr'>mortem</span> <span class='ocrx_word' id='word_1_71' title='bbox 821 1472 1248 1530; x_wconf 83' lang='lat' dir='ltr'>constupratum:</span> <span class='ocrx_word' id='word_1_72' title='bbox 1284 1465 1404 1530; x_wconf 83' lang='lat' dir='ltr'>quid</span> 
     </span>
     <span class='ocr_line' id='line_1_11' title="bbox 336 1541 1403 1607; baseline 0 -16"><span class='ocrx_word' id='word_1_73' title='bbox 336 1541 467 1592; x_wconf 87' lang='lat' dir='ltr'>inde</span> <span class='ocrx_word' id='word_1_74' title='bbox 490 1541 736 1606; x_wconf 75' lang='lat' dir='ltr'>colligas?</span> <span class='ocrx_word' id='word_1_75' title='bbox 769 1557 870 1592; x_wconf 90' lang='lat' dir='ltr'>nou</span> <span class='ocrx_word' id='word_1_76' title='bbox 894 1542 1025 1592; x_wconf 89' lang='lat' dir='ltr'>dicit</span> <span class='ocrx_word' id='word_1_77' title='bbox 1047 1556 1281 1607; x_wconf 84' lang='lat' dir='ltr'>puerum,</span> <span class='ocrx_word' id='word_1_78' title='bbox 1312 1542 1403 1591; x_wconf 80' lang='lat' dir='ltr'>sed</span> 
     </span>
     <span class='ocr_line' id='line_1_12' title="bbox 324 1619 1406 1681; baseline -0.003 -12"><span class='ocrx_word' id='word_1_79' title='bbox 324 1619 553 1681; x_wconf 66' lang='lat' dir='ltr'>juvenem</span> <span class='ocrx_word' id='word_1_80' title='bbox 573 1619 925 1669; x_wconf 85' lang='lat' dir='ltr'>interemtum.</span> <span class='ocrx_word' id='word_1_81' title='bbox 996 1619 1113 1669; x_wconf 91' lang='lat' dir='ltr'>Nou</span> <span class='ocrx_word' id='word_1_82' title='bbox 1153 1619 1287 1669; x_wconf 82' lang='lat' dir='ltr'>dicit</span> <span class='ocrx_word' id='word_1_83' title='bbox 1308 1619 1406 1668; x_wconf 85' lang='lat' dir='ltr'>eti·</span> 
     </span>
     <span class='ocr_line' id='line_1_13' title="bbox 340 1697 1406 1768; baseline 0.001 -23"><span class='ocrx_word' id='word_1_84' title='bbox 340 1712 426 1768; x_wconf 82' lang='lat' dir='ltr'>am</span> <span class='ocrx_word' id='word_1_85' title='bbox 449 1702 844 1760; x_wconf 87' lang='lat' dir='ltr'>constupratum</span> <span class='ocrx_word' id='word_1_86' title='bbox 871 1697 1195 1762; x_wconf 80' lang='lat' dir='ltr'>grandiorem</span> <span class='ocrx_word' id='word_1_87' title='bbox 1218 1704 1309 1748; x_wconf 81' lang='lat' dir='ltr'>ant</span> <span class='ocrx_word' id='word_1_88' title='bbox 1331 1697 1406 1746; x_wconf 90' lang='lat' dir='ltr'>in-</span> 
     </span>
     <span class='ocr_line' id='line_1_14' title="bbox 335 1772 1404 1848; baseline -0.002 -21"><span class='ocrx_word' id='word_1_89' title='bbox 335 1772 600 1838; x_wconf 79' lang='lat' dir='ltr'>feriorem,</span> <span class='ocrx_word' id='word_1_90' title='bbox 635 1775 687 1823; x_wconf 88' lang='lat' dir='ltr'>in</span> <span class='ocrx_word' id='word_1_91' title='bbox 726 1775 872 1839; x_wconf 92' lang='lat' dir='ltr'>urbe,</span> <span class='ocrx_word' id='word_1_92' title='bbox 910 1782 1001 1848; x_wconf 78' lang='lat' dir='ltr'>aut</span> <span class='ocrx_word' id='word_1_93' title='bbox 1033 1775 1083 1824; x_wconf 91' lang='lat' dir='ltr'>in</span> <span class='ocrx_word' id='word_1_94' title='bbox 1107 1775 1266 1826; x_wconf 81' lang='lat' dir='ltr'>Asia:</span> <span class='ocrx_word' id='word_1_95' title='bbox 1303 1791 1404 1826; x_wconf 91' lang='lat' dir='ltr'>non</span> 
     </span>
    </p>
   </div>
   <div class='ocr_carea' id='block_1_8' title="bbox 336 1846 1406 1918">
    <p class='ocr_par' dir='ltr' id='par_1_8' title="bbox 336 1846 1406 1918">
     <span class='ocr_line' id='line_1_15' title="bbox 336 1846 1406 1918; baseline 0 -15"><span class='ocrx_word' id='word_1_96' title='bbox 336 1846 488 1913; x_wconf 83' lang='lat' dir='ltr'>dicit,</span> <span class='ocrx_word' id='word_1_97' title='bbox 508 1853 628 1902; x_wconf 82' lang='lat' dir='ltr'>viva</span> <span class='ocrx_word' id='word_1_98' title='bbox 643 1851 941 1918; x_wconf 81' lang='lat' dir='ltr'>Agrippina</span> <span class='ocrx_word' id='word_1_99' title='bbox 974 1854 1201 1904; x_wconf 87' lang='lat' dir='ltr'>occisum</span> <span class='ocrx_word' id='word_1_100' title='bbox 1221 1854 1406 1918; x_wconf 84' lang='lat' dir='ltr'>praeci·</span> 
     </span>
    </p>
   </div>
   <div class='ocr_carea' id='block_1_9' title="bbox 336 1930 1403 2072">
    <p class='ocr_par' dir='ltr' id='par_1_9' title="bbox 336 1930 1403 2072">
     <span class='ocr_line' id='line_1_16' title="bbox 336 1930 772 1993; baseline 0.005 -16"><span class='ocrx_word' id='word_1_101' title='bbox 336 1942 414 1993; x_wconf 85' lang='lat' dir='ltr'>se,</span> <span class='ocrx_word' id='word_1_102' title='bbox 439 1936 530 1979; x_wconf 87' lang='lat' dir='ltr'>aut</span> <span class='ocrx_word' id='word_1_103' title='bbox 554 1930 607 1979; x_wconf 90' lang='lat' dir='ltr'>in</span> <span class='ocrx_word' id='word_1_104' title='bbox 633 1930 772 1979; x_wconf 84' lang='lat' dir='ltr'>urbe.</span> 
     </span>
     <span class='ocr_line' id='line_1_17' title="bbox 403 2007 1403 2072; baseline 0.001 -16"><span class='ocrx_word' id='word_1_105' title='bbox 403 2008 477 2056; x_wconf 91' lang='lat' dir='ltr'>Et</span> <span class='ocrx_word' id='word_1_106' title='bbox 500 2008 616 2072; x_wconf 89' lang='lat' dir='ltr'>quis</span> <span class='ocrx_word' id='word_1_107' title='bbox 640 2021 740 2056; x_wconf 91' lang='lat' dir='ltr'>non</span> <span class='ocrx_word' id='word_1_108' title='bbox 763 2007 907 2058; x_wconf 83' lang='lat' dir='ltr'>videt</span> <span class='ocrx_word' id='word_1_109' title='bbox 938 2008 1196 2058; x_wconf 87' lang='lat' dir='ltr'>incertum</span> <span class='ocrx_word' id='word_1_110' title='bbox 1235 2022 1403 2057; x_wconf 84' lang='lat' dir='ltr'>rumo-</span> 
     </span>
    </p>
   </div>
   <div class='ocr_carea' id='block_1_10' title="bbox 337 2084 1449 2151">
    <p class='ocr_par' dir='ltr' id='par_1_10' title="bbox 337 2084 1449 2151">
     <span class='ocr_line' id='line_1_18' title="bbox 337 2084 1449 2151; baseline 0.002 -18"><span class='ocrx_word' id='word_1_111' title='bbox 337 2099 452 2134; x_wconf 85' lang='lat' dir='ltr'>rem</span> <span class='ocrx_word' id='word_1_112' title='bbox 488 2085 669 2150; x_wconf 79' lang='lat' dir='ltr'>vulgi?</span> <span class='ocrx_word' id='word_1_113' title='bbox 706 2085 815 2151; x_wconf 86' lang='lat' dir='ltr'>quis</span> <span class='ocrx_word' id='word_1_114' title='bbox 851 2100 954 2135; x_wconf 89' lang='lat' dir='ltr'>non</span> <span class='ocrx_word' id='word_1_115' title='bbox 993 2085 1137 2135; x_wconf 83' lang='lat' dir='ltr'>videt</span> <span class='ocrx_word' id='word_1_116' title='bbox 1177 2084 1402 2135; x_wconf 85' lang='lat' dir='ltr'>fabulam</span> <span class='ocrx_word' id='word_1_117' title='bbox 1444 2144 1449 2149; x_wconf 38' lang='lat'>‚</span> 
     </span>
    </p>
   </div>
   <div class='ocr_carea' id='block_1_11' title="bbox 314 2160 1402 4321">
    <p class='ocr_par' dir='ltr' id='par_1_11' title="bbox 332 2160 1402 2679">
     <span class='ocr_line' id='line_1_19' title="bbox 336 2160 1401 2228; baseline 0.002 -18"><span class='ocrx_word' id='word_1_118' title='bbox 336 2160 559 2211; x_wconf 87' lang='lat' dir='ltr'>eandem</span> <span class='ocrx_word' id='word_1_119' title='bbox 583 2163 797 2211; x_wconf 79' lang='lat' dir='ltr'>relatam</span> <span class='ocrx_word' id='word_1_120' title='bbox 819 2163 920 2226; x_wconf 85' lang='lat' dir='ltr'>hic,</span> <span class='ocrx_word' id='word_1_121' title='bbox 941 2177 1094 2228; x_wconf 89' lang='lat' dir='ltr'>quam</span> <span class='ocrx_word' id='word_1_122' title='bbox 1118 2162 1280 2213; x_wconf 82' lang='lat' dir='ltr'>tradit</span> <span class='ocrx_word' id='word_1_123' title='bbox 1300 2162 1401 2213; x_wconf 84' lang='lat' dir='ltr'>Ta·</span> 
     </span>
     <span class='ocr_line' id='line_1_20' title="bbox 335 2238 1400 2304; baseline -0.001 -16"><span class='ocrx_word' id='word_1_124' title='bbox 335 2238 475 2289; x_wconf 81' lang='lat' dir='ltr'>citus</span> <span class='ocrx_word' id='word_1_125' title='bbox 498 2238 566 2288; x_wconf 86' lang='lat' dir='ltr'>de</span> <span class='ocrx_word' id='word_1_126' title='bbox 587 2239 926 2301; x_wconf 80' lang='lat' dir='ltr'>Britannic03</span> <span class='ocrx_word' id='word_1_127' title='bbox 961 2239 1108 2304; x_wconf 87' lang='lat' dir='ltr'>quasi</span> <span class='ocrx_word' id='word_1_128' title='bbox 1143 2239 1220 2288; x_wconf 90' lang='lat' dir='ltr'>illi</span> <span class='ocrx_word' id='word_1_129' title='bbox 1243 2239 1400 2288; x_wconf 81' lang='lat' dir='ltr'>etiam</span> 
     </span>
     <span class='ocr_line' id='line_1_21' title="bbox 335 2316 1401 2381; baseline -0.001 -16"><span class='ocrx_word' id='word_1_130' title='bbox 335 2322 460 2366; x_wconf 85' lang='lat' dir='ltr'>ante</span> <span class='ocrx_word' id='word_1_131' title='bbox 479 2323 698 2366; x_wconf 81' lang='lat' dir='ltr'>mortem</span> <span class='ocrx_word' id='word_1_132' title='bbox 714 2317 917 2367; x_wconf 88' lang='lat' dir='ltr'>illusum</span> <span class='ocrx_word' id='word_1_133' title='bbox 931 2318 1051 2367; x_wconf 86' lang='lat' dir='ltr'>ierit</span> <span class='ocrx_word' id='word_1_134' title='bbox 1068 2317 1243 2367; x_wconf 84' lang='lat' dir='ltr'>Nero?</span> <span class='ocrx_word' id='word_1_135' title='bbox 1262 2316 1401 2381; x_wconf 85' lang='lat' dir='ltr'>quod</span> 
     </span>
     <span class='ocr_line' id='line_1_22' title="bbox 334 2391 1402 2458; baseline -0.003 -15"><span class='ocrx_word' id='word_1_136' title='bbox 334 2409 441 2444; x_wconf 90' lang='lat' dir='ltr'>non</span> <span class='ocrx_word' id='word_1_137' title='bbox 464 2393 630 2444; x_wconf 82' lang='lat' dir='ltr'>tradit</span> <span class='ocrx_word' id='word_1_138' title='bbox 650 2400 796 2443; x_wconf 87' lang='lat' dir='ltr'>certe</span> <span class='ocrx_word' id='word_1_139' title='bbox 817 2394 1025 2443; x_wconf 80' lang='lat' dir='ltr'>Tacitus</span> <span class='ocrx_word' id='word_1_140' title='bbox 1047 2408 1112 2442; x_wconf 80' lang='lat' dir='ltr'>ex</span> <span class='ocrx_word' id='word_1_141' title='bbox 1142 2408 1235 2443; x_wconf 91' lang='lat' dir='ltr'>suo</span> <span class='ocrx_word' id='word_1_142' title='bbox 1263 2391 1402 2458; x_wconf 90' lang='lat' dir='ltr'>judi-</span> 
     </span>
     <span class='ocr_line' id='line_1_23' title="bbox 336 2470 1399 2536; baseline -0.003 -14"><span class='ocrx_word' id='word_1_143' title='bbox 336 2472 440 2536; x_wconf 85' lang='lat' dir='ltr'>cio,</span> <span class='ocrx_word' id='word_1_144' title='bbox 458 2471 549 2521; x_wconf 88' lang='lat' dir='ltr'>sed</span> <span class='ocrx_word' id='word_1_145' title='bbox 574 2487 639 2522; x_wconf 86' lang='lat' dir='ltr'>ex</span> <span class='ocrx_word' id='word_1_146' title='bbox 662 2470 766 2521; x_wconf 82' lang='lat' dir='ltr'>fide</span> <span class='ocrx_word' id='word_1_147' title='bbox 802 2480 1067 2521; x_wconf 86' lang='lat' dir='ltr'>auctorum</span> <span class='ocrx_word' id='word_1_148' title='bbox 1106 2471 1259 2536; x_wconf 88' lang='lat' dir='ltr'>hujus</span> <span class='ocrx_word' id='word_1_149' title='bbox 1283 2471 1399 2534; x_wconf 82' lang='lat' dir='ltr'>aevi,</span> 
     </span>
     <span class='ocr_line' id='line_1_24' title="bbox 334 2548 1401 2615; baseline -0.001 -16"><span class='ocrx_word' id='word_1_150' title='bbox 334 2549 421 2615; x_wconf 89' lang='lat' dir='ltr'>qui</span> <span class='ocrx_word' id='word_1_151' title='bbox 442 2550 606 2599; x_wconf 83' lang='lat' dir='ltr'>multa</span> <span class='ocrx_word' id='word_1_152' title='bbox 631 2548 758 2599; x_wconf 83' lang='lat' dir='ltr'>odio</span> <span class='ocrx_word' id='word_1_153' title='bbox 781 2548 1142 2600; x_wconf 86' lang='lat' dir='ltr'>confinxerunt</span> <span class='ocrx_word' id='word_1_154' title='bbox 1164 2550 1217 2598; x_wconf 89' lang='lat' dir='ltr'>in</span> <span class='ocrx_word' id='word_1_155' title='bbox 1240 2549 1401 2599; x_wconf 89' lang='lat' dir='ltr'>Nero-</span> 
     </span>
     <span class='ocr_line' id='line_1_25' title="bbox 332 2642 473 2679; baseline -0.007 0"><span class='ocrx_word' id='word_1_156' title='bbox 332 2642 473 2679; x_wconf 77' lang='lat' dir='ltr'>nem.</span> 
     </span>
    </p>

    <p class='ocr_par' dir='ltr' id='par_1_12' title="bbox 329 2704 1399 3002">
     <span class='ocr_line' id='line_1_26' title="bbox 362 2704 1399 2770; baseline -0.003 -14"><span class='ocrx_word' id='word_1_157' title='bbox 362 2717 367 2722; x_wconf 79' lang='grc'><em>·</em></span> <span class='ocrx_word' id='word_1_158' title='bbox 396 2706 487 2756; x_wconf 87' lang='lat' dir='ltr'>An</span> <span class='ocrx_word' id='word_1_159' title='bbox 504 2706 628 2770; x_wconf 82' lang='lat' dir='ltr'>quia</span> <span class='ocrx_word' id='word_1_160' title='bbox 640 2705 887 2769; x_wconf 85' lang='lat' dir='ltr'>juvenem</span> <span class='ocrx_word' id='word_1_161' title='bbox 911 2704 1273 2768; x_wconf 81' lang='lat' dir='ltr'>constupravit</span> <span class='ocrx_word' id='word_1_162' title='bbox 1292 2705 1399 2754; x_wconf 90' lang='lat' dir='ltr'>Ne-</span> 
     </span>
     <span class='ocr_line' id='line_1_27' title="bbox 332 2778 1399 2846; baseline -0.002 -14"><span class='ocrx_word' id='word_1_163' title='bbox 332 2798 388 2832; x_wconf 85' lang='lat' dir='ltr'>ro</span> <span class='ocrx_word' id='word_1_164' title='bbox 414 2789 540 2832; x_wconf 87' lang='lat' dir='ltr'>ante</span> <span class='ocrx_word' id='word_1_165' title='bbox 563 2790 799 2846; x_wconf 81' lang='lat' dir='ltr'>mortem,</span> <span class='ocrx_word' id='word_1_166' title='bbox 827 2781 944 2831; x_wconf 87' lang='lat' dir='ltr'>ideo</span> <span class='ocrx_word' id='word_1_167' title='bbox 974 2782 1025 2831; x_wconf 91' lang='lat' dir='ltr'>in</span> <span class='ocrx_word' id='word_1_168' title='bbox 1050 2782 1178 2831; x_wconf 86' lang='lat' dir='ltr'>urbe</span> <span class='ocrx_word' id='word_1_169' title='bbox 1199 2778 1399 2832; x_wconf 82' lang='lat' dir='ltr'>facinus</span> 
     </span>
     <span class='ocr_line' id='line_1_28' title="bbox 329 2858 1398 2922; baseline 0 -13"><span class='ocrx_word' id='word_1_170' title='bbox 329 2859 805 2909; x_wconf 78' lang='lat' dir='ltr'>illudadmissum?</span> <span class='ocrx_word' id='word_1_171' title='bbox 837 2873 902 2908; x_wconf 92' lang='lat' dir='ltr'>an</span> <span class='ocrx_word' id='word_1_172' title='bbox 928 2858 1297 2922; x_wconf 72' lang='lat' dir='ltr'>qniajuvenem‚</span> <span class='ocrx_word' id='word_1_173' title='bbox 1318 2874 1398 2909; x_wconf 88' lang='lat' dir='ltr'>se-</span> 
     </span>
     <span class='ocr_line' id='line_1_29' title="bbox 330 2934 1295 3002; baseline 0 -17"><span class='ocrx_word' id='word_1_174' title='bbox 330 2936 511 3002; x_wconf 89' lang='lat' dir='ltr'>quitur</span> <span class='ocrx_word' id='word_1_175' title='bbox 534 2936 588 2985; x_wconf 89' lang='lat' dir='ltr'>id</span> <span class='ocrx_word' id='word_1_176' title='bbox 609 2934 803 2985; x_wconf 87' lang='lat' dir='ltr'>factum</span> <span class='ocrx_word' id='word_1_177' title='bbox 829 2936 948 2985; x_wconf 83' lang='lat' dir='ltr'>viva</span> <span class='ocrx_word' id='word_1_178' title='bbox 967 2934 1295 2999; x_wconf 84' lang='lat' dir='ltr'>Agrippina?</span> 
     </span>
    </p>

    <p class='ocr_par' dir='ltr' id='par_1_13' title="bbox 320 3013 1397 4073">
     <span class='ocr_line' id='line_1_30' title="bbox 392 3013 1394 3079; baseline -0.001 -15"><span class='ocrx_word' id='word_1_179' title='bbox 392 3014 482 3064; x_wconf 87' lang='lat' dir='ltr'>An</span> <span class='ocrx_word' id='word_1_180' title='bbox 509 3014 631 3079; x_wconf 80' lang='lat' dir='ltr'>quia</span> <span class='ocrx_word' id='word_1_181' title='bbox 647 3013 866 3064; x_wconf 88' lang='lat' dir='ltr'>dilectus</span> <span class='ocrx_word' id='word_1_182' title='bbox 890 3014 956 3063; x_wconf 85' lang='lat' dir='ltr'>ab</span> <span class='ocrx_word' id='word_1_183' title='bbox 978 3029 1058 3076; x_wconf 85' lang='lat' dir='ltr'>ea,</span> <span class='ocrx_word' id='word_1_184' title='bbox 1084 3020 1139 3062; x_wconf 86' lang='lat' dir='ltr'>et</span> <span class='ocrx_word' id='word_1_185' title='bbox 1163 3014 1226 3063; x_wconf 90' lang='lat' dir='ltr'>ad</span> <span class='ocrx_word' id='word_1_186' title='bbox 1249 3028 1394 3078; x_wconf 86' lang='lat' dir='ltr'>spem</span> 
     </span>
     <span class='ocr_line' id='line_1_31' title="bbox 329 3088 1397 3156; baseline -0.002 -14"><span class='ocrx_word' id='word_1_187' title='bbox 329 3091 540 3155; x_wconf 85' lang='lat' dir='ltr'>imperii</span> <span class='ocrx_word' id='word_1_188' title='bbox 563 3091 813 3155; x_wconf 86' lang='lat' dir='ltr'>impulsus</span> <span class='ocrx_word' id='word_1_189' title='bbox 834 3093 852 3140; x_wconf 87' lang='lat'>?</span> <span class='ocrx_word' id='word_1_190' title='bbox 885 3089 1046 3156; x_wconf 91' lang='lat' dir='ltr'>(quod</span> <span class='ocrx_word' id='word_1_191' title='bbox 1071 3088 1257 3139; x_wconf 85' lang='lat' dir='ltr'>falsum</span> <span class='ocrx_word' id='word_1_192' title='bbox 1283 3097 1397 3140; x_wconf 86' lang='lat' dir='ltr'>erat</span> 
     </span>
     <span class='ocr_line' id='line_1_32' title="bbox 326 3167 1396 3234; baseline -0.003 -15"><span class='ocrx_word' id='word_1_193' title='bbox 326 3184 393 3219; x_wconf 84' lang='lat' dir='ltr'>ex</span> <span class='ocrx_word' id='word_1_194' title='bbox 416 3170 608 3220; x_wconf 85' lang='lat' dir='ltr'>Tacito</span> <span class='ocrx_word' id='word_1_195' title='bbox 631 3168 670 3234; x_wconf 75' lang='grc' dir='ltr'>ς)</span> <span class='ocrx_word' id='word_1_196' title='bbox 693 3184 755 3218; x_wconf 91' lang='lat' dir='ltr'>an</span> <span class='ocrx_word' id='word_1_197' title='bbox 775 3170 894 3234; x_wconf 82' lang='lat' dir='ltr'>quia</span> <span class='ocrx_word' id='word_1_198' title='bbox 910 3167 1040 3217; x_wconf 88' lang='lat' dir='ltr'>dicit</span> <span class='ocrx_word' id='word_1_199' title='bbox 1058 3168 1235 3217; x_wconf 86' lang='lat' dir='ltr'>Nero:</span> <span class='ocrx_word' id='word_1_200' title='bbox 1255 3169 1271 3196; x_wconf 91' lang='lat'>‘</span> <span class='ocrx_word' id='word_1_201' title='bbox 1295 3169 1396 3217; x_wconf 82' lang='lat' dir='ltr'>Eat</span> 
     </span>
     <span class='ocr_line' id='line_1_33' title="bbox 324 3246 1393 3312; baseline -0.004 -15"><span class='ocrx_word' id='word_1_202' title='bbox 324 3262 485 3310; x_wconf 83' lang='lat' dir='ltr'>nunc,</span> <span class='ocrx_word' id='word_1_203' title='bbox 510 3246 699 3312; x_wconf 89' lang='lat' dir='ltr'>inquit,</span> <span class='ocrx_word' id='word_1_204' title='bbox 717 3253 882 3295; x_wconf 87' lang='lat' dir='ltr'>mater</span> <span class='ocrx_word' id='word_1_205' title='bbox 905 3260 1036 3303; x_wconf 77' lang='lat' dir='ltr'>mea,</span> <span class='ocrx_word' id='word_1_206' title='bbox 1058 3251 1114 3295; x_wconf 88' lang='lat' dir='ltr'>et</span> <span class='ocrx_word' id='word_1_207' title='bbox 1136 3258 1393 3293; x_wconf 87' lang='lat' dir='ltr'>successo-</span> 
     </span>
     <span class='ocr_line' id='line_1_34' title="bbox 326 3321 1394 3384; baseline -0.005 -10"><span class='ocrx_word' id='word_1_208' title='bbox 326 3340 437 3374; x_wconf 83' lang='lat' dir='ltr'>rem</span> <span class='ocrx_word' id='word_1_209' title='bbox 476 3337 648 3372; x_wconf 88' lang='lat' dir='ltr'>meum</span> <span class='ocrx_word' id='word_1_210' title='bbox 671 3322 988 3384; x_wconf 77' lang='lat' dir='ltr'>osculetur3’</span> <span class='ocrx_word' id='word_1_211' title='bbox 1022 3322 1217 3370; x_wconf 88' lang='lat' dir='ltr'>idcirco</span> <span class='ocrx_word' id='word_1_212' title='bbox 1254 3321 1394 3370; x_wconf 90' lang='lat' dir='ltr'>colli-</span> 
     </span>
     <span class='ocr_line' id='line_1_35' title="bbox 325 3399 1395 3468; baseline -0.006 -15"><span class='ocrx_word' id='word_1_213' title='bbox 325 3418 437 3468; x_wconf 80' lang='lat' dir='ltr'>gas,</span> <span class='ocrx_word' id='word_1_214' title='bbox 461 3418 518 3453; x_wconf 80' lang='lat' dir='ltr'>ea</span> <span class='ocrx_word' id='word_1_215' title='bbox 555 3402 663 3451; x_wconf 80' lang='lat' dir='ltr'>viva</span> <span class='ocrx_word' id='word_1_216' title='bbox 686 3401 1015 3451; x_wconf 83' lang='lat' dir='ltr'>interemtum</span> <span class='ocrx_word' id='word_1_217' title='bbox 1040 3399 1186 3450; x_wconf 79' lang='lat' dir='ltr'>esse?</span> <span class='ocrx_word' id='word_1_218' title='bbox 1254 3399 1395 3447; x_wconf 89' lang='lat' dir='ltr'>Num</span> 
     </span>
     <span class='ocr_line' id='line_1_36' title="bbox 325 3476 1392 3543; baseline -0.007 -12"><span class='ocrx_word' id='word_1_219' title='bbox 325 3490 384 3531; x_wconf 85' lang='lat' dir='ltr'>et</span> <span class='ocrx_word' id='word_1_220' title='bbox 405 3482 507 3529; x_wconf 88' lang='lat' dir='ltr'>hoc</span> <span class='ocrx_word' id='word_1_221' title='bbox 532 3480 704 3543; x_wconf 84' lang='lat' dir='ltr'>potuit</span> <span class='ocrx_word' id='word_1_222' title='bbox 726 3478 833 3528; x_wconf 90' lang='lat' dir='ltr'>dici</span> <span class='ocrx_word' id='word_1_223' title='bbox 867 3479 934 3528; x_wconf 88' lang='lat' dir='ltr'>de</span> <span class='ocrx_word' id='word_1_224' title='bbox 959 3485 1200 3541; x_wconf 88' lang='lat' dir='ltr'>utroque,</span> <span class='ocrx_word' id='word_1_225' title='bbox 1233 3476 1392 3526; x_wconf 87' lang='lat' dir='ltr'>etiam</span> 
     </span>
     <span class='ocr_line' id='line_1_37' title="bbox 322 3552 1394 3624; baseline -0.007 -15"><span class='ocrx_word' id='word_1_226' title='bbox 322 3567 445 3624; x_wconf 83' lang='lat' dir='ltr'>post</span> <span class='ocrx_word' id='word_1_227' title='bbox 501 3564 721 3607; x_wconf 85' lang='lat' dir='ltr'>mortem</span> <span class='ocrx_word' id='word_1_228' title='bbox 773 3555 1063 3621; x_wconf 77' lang='lat' dir='ltr'>utriusque,</span> <span class='ocrx_word' id='word_1_229' title='bbox 1102 3552 1282 3603; x_wconf 83' lang='lat' dir='ltr'>matris</span> <span class='ocrx_word' id='word_1_230' title='bbox 1337 3558 1394 3603; x_wconf 86' lang='lat' dir='ltr'>et</span> 
     </span>
     <span class='ocr_line' id='line_1_38' title="bbox 323 3634 1394 3699; baseline -0.006 -13"><span class='ocrx_word' id='word_1_231' title='bbox 323 3636 509 3687; x_wconf 85' lang='lat' dir='ltr'>Plauti</span> <span class='ocrx_word' id='word_1_232' title='bbox 548 3649 754 3699; x_wconf 89' lang='lat' dir='ltr'>nempe.</span> <span class='ocrx_word' id='word_1_233' title='bbox 825 3634 943 3682; x_wconf 86' lang='lat' dir='ltr'>Hoc</span> <span class='ocrx_word' id='word_1_234' title='bbox 982 3640 1092 3681; x_wconf 90' lang='lat' dir='ltr'>tum</span> <span class='ocrx_word' id='word_1_235' title='bbox 1125 3639 1269 3680; x_wconf 89' lang='lat' dir='ltr'>certe</span> <span class='ocrx_word' id='word_1_236' title='bbox 1301 3645 1394 3695; x_wconf 87' lang='lat' dir='ltr'>po·</span> 
     </span>
     <span class='ocr_line' id='line_1_39' title="bbox 321 3708 1389 3764; baseline -0.005 -1"><span class='ocrx_word' id='word_1_237' title='bbox 321 3714 428 3764; x_wconf 84' lang='lat' dir='ltr'>tuit</span> <span class='ocrx_word' id='word_1_238' title='bbox 459 3712 692 3763; x_wconf 86' lang='lat' dir='ltr'>infensus</span> <span class='ocrx_word' id='word_1_239' title='bbox 727 3711 986 3761; x_wconf 71' lang='lat' dir='ltr'>memorius</span> <span class='ocrx_word' id='word_1_240' title='bbox 1026 3724 1204 3759; x_wconf 88' lang='lat' dir='ltr'>corum</span> <span class='ocrx_word' id='word_1_241' title='bbox 1228 3708 1389 3759; x_wconf 85' lang='lat' dir='ltr'>Nero.</span> 
     </span>
     <span class='ocr_line' id='line_1_40' title="bbox 323 3787 1388 3853; baseline -0.006 -12"><span class='ocrx_word' id='word_1_242' title='bbox 323 3792 484 3842; x_wconf 84' lang='lat' dir='ltr'>Certe</span> <span class='ocrx_word' id='word_1_243' title='bbox 521 3792 678 3839; x_wconf 85' lang='lat' dir='ltr'>nullae</span> <span class='ocrx_word' id='word_1_244' title='bbox 717 3797 853 3853; x_wconf 86' lang='lat' dir='ltr'>suut,</span> <span class='ocrx_word' id='word_1_245' title='bbox 872 3789 1110 3839; x_wconf 85' lang='lat' dir='ltr'>hocloco</span> <span class='ocrx_word' id='word_1_246' title='bbox 1134 3787 1388 3849; x_wconf 82' lang='lat' dir='ltr'>Suetonii,</span> 
     </span>
     <span class='ocr_line' id='line_1_41' title="bbox 320 3862 1385 3931; baseline -0.007 -12"><span class='ocrx_word' id='word_1_247' title='bbox 320 3867 749 3931; x_wconf 54' lang='lat' dir='ltr'>circumstantias,</span> <span class='ocrx_word' id='word_1_248' title='bbox 775 3880 840 3915; x_wconf 81' lang='lat' dir='ltr'>ex</span> <span class='ocrx_word' id='word_1_249' title='bbox 871 3864 1053 3930; x_wconf 85' lang='lat' dir='ltr'>quibus</span> <span class='ocrx_word' id='word_1_250' title='bbox 1089 3871 1235 3913; x_wconf 82' lang='lat' dir='ltr'>certo</span> <span class='ocrx_word' id='word_1_251' title='bbox 1258 3862 1385 3913; x_wconf 87' lang='lat' dir='ltr'>infe-</span> 
     </span>
     <span class='ocr_line' id='line_1_42' title="bbox 320 3942 1385 4007; baseline -0.004 -12"><span class='ocrx_word' id='word_1_252' title='bbox 320 3961 405 3995; x_wconf 80' lang='lat' dir='ltr'>ras</span> <span class='ocrx_word' id='word_1_253' title='bbox 429 3959 539 3994; x_wconf 87' lang='lat' dir='ltr'>rem</span> <span class='ocrx_word' id='word_1_254' title='bbox 559 3959 672 3994; x_wconf 83' lang='lat' dir='ltr'>esse</span> <span class='ocrx_word' id='word_1_255' title='bbox 692 3945 744 3993; x_wconf 91' lang='lat' dir='ltr'>in</span> <span class='ocrx_word' id='word_1_256' title='bbox 778 3958 833 3993; x_wconf 86' lang='lat' dir='ltr'>se</span> <span class='ocrx_word' id='word_1_257' title='bbox 854 3944 1128 4007; x_wconf 86' lang='lat' dir='ltr'>diversam,</span> <span class='ocrx_word' id='word_1_258' title='bbox 1150 3948 1206 3991; x_wconf 86' lang='lat' dir='ltr'>et</span> <span class='ocrx_word' id='word_1_259' title='bbox 1228 3942 1385 3991; x_wconf 88' lang='lat' dir='ltr'>alium</span> 
     </span>
     <span class='ocr_line' id='line_1_43' title="bbox 320 4018 1356 4073; baseline -0.005 0"><span class='ocrx_word' id='word_1_260' title='bbox 320 4037 436 4073; x_wconf 83' lang='lat' dir='ltr'>esse</span> <span class='ocrx_word' id='word_1_261' title='bbox 460 4022 728 4071; x_wconf 87' lang='lat' dir='ltr'>Plautium</span> <span class='ocrx_word' id='word_1_262' title='bbox 751 4020 889 4069; x_wconf 81' lang='lat' dir='ltr'>hunc</span> <span class='ocrx_word' id='word_1_263' title='bbox 911 4019 1154 4069; x_wconf 55' lang='lat' dir='ltr'>:Plauto</span> <span class='ocrx_word' id='word_1_264' title='bbox 1171 4018 1356 4069; x_wconf 87' lang='lat' dir='ltr'>Taciti.</span> 
     </span>
    </p>

    <p class='ocr_par' dir='ltr' id='par_1_14' title="bbox 314 4097 1390 4321">
     <span class='ocr_line' id='line_1_44' title="bbox 384 4097 1390 4164; baseline -0.003 -14"><span class='ocrx_word' id='word_1_265' title='bbox 384 4101 457 4150; x_wconf 86' lang='lat' dir='ltr'>Et</span> <span class='ocrx_word' id='word_1_266' title='bbox 481 4098 717 4164; x_wconf 85' lang='lat' dir='ltr'>quamvis</span> <span class='ocrx_word' id='word_1_267' title='bbox 753 4104 931 4147; x_wconf 84' lang='lat' dir='ltr'>essent</span> <span class='ocrx_word' id='word_1_268' title='bbox 965 4098 1150 4162; x_wconf 80' lang='lat' dir='ltr'>aliquoe</span> <span class='ocrx_word' id='word_1_269' title='bbox 1175 4097 1390 4148; x_wconf 90' lang='lat' dir='ltr'>circum·</span> 
     </span>
     <span class='ocr_line' id='line_1_45' title="bbox 315 4174 1389 4239; baseline -0.005 -11"><span class='ocrx_word' id='word_1_270' title='bbox 315 4179 523 4228; x_wconf 79' lang='lat' dir='ltr'>stantiae</span> <span class='ocrx_word' id='word_1_271' title='bbox 544 4177 767 4226; x_wconf 79' lang='lat' dir='ltr'>diversae</span> <span class='ocrx_word' id='word_1_272' title='bbox 791 4175 928 4239; x_wconf 87' lang='lat' dir='ltr'>apud</span> <span class='ocrx_word' id='word_1_273' title='bbox 941 4174 1237 4225; x_wconf 83' lang='lat' dir='ltr'>Suetonium</span> <span class='ocrx_word' id='word_1_274' title='bbox 1264 4182 1389 4224; x_wconf 86' lang='lat' dir='ltr'>tem·</span> 
     </span>
     <span class='ocr_line' id='line_1_46' title="bbox 314 4251 1388 4321; baseline -0.002 -17"><span class='ocrx_word' id='word_1_275' title='bbox 314 4255 481 4321; x_wconf 83' lang='lat' dir='ltr'>poris,</span> <span class='ocrx_word' id='word_1_276' title='bbox 514 4255 635 4318; x_wconf 84' lang='lat' dir='ltr'>loci,</span> <span class='ocrx_word' id='word_1_277' title='bbox 671 4262 760 4303; x_wconf 83' lang='lat' dir='ltr'>ant</span> <span class='ocrx_word' id='word_1_278' title='bbox 793 4266 1052 4317; x_wconf 64' lang='lat' dir='ltr'>personas,</span> <span class='ocrx_word' id='word_1_279' title='bbox 1084 4251 1388 4318; x_wconf 85' lang='lat' dir='ltr'>neutiquam</span> 
     </span>
    </p>
   </div>
   <div class='ocr_carea' id='block_1_12' title="bbox 319 4329 1412 4395">
    <p class='ocr_par' dir='ltr' id='par_1_15' title="bbox 319 4329 1412 4395">
     <span class='ocr_line' id='line_1_47' title="bbox 319 4329 1412 4395; baseline 0.001 -13"><span class='ocrx_word' id='word_1_280' title='bbox 319 4340 497 4388; x_wconf 74' lang='lat' dir='ltr'>tamen</span> <span class='ocrx_word' id='word_1_281' title='bbox 520 4331 644 4381; x_wconf 88' lang='lat' dir='ltr'>inde</span> <span class='ocrx_word' id='word_1_282' title='bbox 665 4329 838 4394; x_wconf 80' lang='lat' dir='ltr'>colligi</span> <span class='ocrx_word' id='word_1_283' title='bbox 857 4335 1053 4395; x_wconf 82' lang='lat' dir='ltr'>posset,</span> <span class='ocrx_word' id='word_1_284' title='bbox 1068 4329 1251 4380; x_wconf 81' lang='lat' dir='ltr'>remia</span> <span class='ocrx_word' id='word_1_285' title='bbox 1269 4330 1388 4383; x_wconf 83' lang='lat' dir='ltr'>sub·</span> <span class='ocrx_word' id='word_1_286' title='bbox 1407 4372 1412 4377; x_wconf 90' lang='lat'><em>.</em></span> 
     </span>
    </p>
   </div>
   <div class='ocr_carea' id='block_1_13' title="bbox 1465 1386 2592 4390">
    <p class='ocr_par' dir='ltr' id='par_1_16' title="bbox 1488 1386 2246 1451">
     <span class='ocr_line' id='line_1_48' title="bbox 1488 1386 2246 1451; baseline 0.001 -15"><span class='ocrx_word' id='word_1_287' title='bbox 1488 1386 1682 1436; x_wconf 79' lang='lat' dir='ltr'>stantia</span> <span class='ocrx_word' id='word_1_288' title='bbox 1702 1387 1815 1451; x_wconf 85' lang='lat' dir='ltr'>ipsa</span> <span class='ocrx_word' id='word_1_289' title='bbox 1836 1386 2089 1437; x_wconf 85' lang='lat' dir='ltr'>diversam</span> <span class='ocrx_word' id='word_1_290' title='bbox 2114 1401 2246 1438; x_wconf 81' lang='lat' dir='ltr'>esse.</span> 
     </span>
    </p>

    <p class='ocr_par' dir='ltr' id='par_1_17' title="bbox 1486 1463 2554 1993">
     <span class='ocr_line' id='line_1_49' title="bbox 1555 1463 2552 1529; baseline 0.001 -16"><span class='ocrx_word' id='word_1_291' title='bbox 1555 1464 1742 1528; x_wconf 85' lang='lat' dir='ltr'>Cogita</span> <span class='ocrx_word' id='word_1_292' title='bbox 1777 1478 1935 1525; x_wconf 90' lang='lat' dir='ltr'>nunc,</span> <span class='ocrx_word' id='word_1_293' title='bbox 1956 1472 2151 1529; x_wconf 82' lang='lat' dir='ltr'>quanta</span> <span class='ocrx_word' id='word_1_294' title='bbox 2185 1465 2253 1513; x_wconf 86' lang='lat' dir='ltr'>sit</span> <span class='ocrx_word' id='word_1_295' title='bbox 2276 1463 2552 1514; x_wconf 68' lang='lat' dir='ltr'>diversitas</span> 
     </span>
     <span class='ocr_line' id='line_1_50' title="bbox 1486 1540 2554 1606; baseline 0.001 -16"><span class='ocrx_word' id='word_1_296' title='bbox 1486 1541 1541 1592; x_wconf 91' lang='lat' dir='ltr'>in</span> <span class='ocrx_word' id='word_1_297' title='bbox 1580 1556 1671 1591; x_wconf 88' lang='lat' dir='ltr'>ore</span> <span class='ocrx_word' id='word_1_298' title='bbox 1706 1540 1877 1605; x_wconf 60' lang='lat' dir='ltr'>fame,</span> <span class='ocrx_word' id='word_1_299' title='bbox 1898 1543 2034 1605; x_wconf 86' lang='lat' dir='ltr'>quod</span> <span class='ocrx_word' id='word_1_300' title='bbox 2074 1546 2284 1606; x_wconf 82' lang='lat' dir='ltr'>spectat</span> <span class='ocrx_word' id='word_1_301' title='bbox 2318 1541 2383 1591; x_wconf 82' lang='lat' dir='ltr'>ad</span> <span class='ocrx_word' id='word_1_302' title='bbox 2407 1540 2554 1591; x_wconf 82' lang='lat' dir='ltr'>dicta</span> 
     </span>
     <span class='ocr_line' id='line_1_51' title="bbox 1486 1617 2553 1684; baseline 0.001 -17"><span class='ocrx_word' id='word_1_303' title='bbox 1486 1618 1816 1683; x_wconf 88' lang='lat' dir='ltr'>principum.;</span> <span class='ocrx_word' id='word_1_304' title='bbox 1866 1626 1992 1683; x_wconf 85' lang='lat' dir='ltr'>quot</span> <span class='ocrx_word' id='word_1_305' title='bbox 2042 1625 2099 1668; x_wconf 93' lang='lat' dir='ltr'>et</span> <span class='ocrx_word' id='word_1_306' title='bbox 2139 1626 2334 1684; x_wconf 88' lang='lat' dir='ltr'>quanta</span> <span class='ocrx_word' id='word_1_307' title='bbox 2385 1617 2553 1683; x_wconf 74' lang='lat' dir='ltr'>fingat</span> 
     </span>
     <span class='ocr_line' id='line_1_52' title="bbox 1487 1695 2551 1762; baseline 0 -18"><span class='ocrx_word' id='word_1_308' title='bbox 1487 1695 1813 1762; x_wconf 85' lang='lat' dir='ltr'>disseratque</span> <span class='ocrx_word' id='word_1_309' title='bbox 1856 1696 2035 1760; x_wconf 85' lang='lat' dir='ltr'>vulgus</span> <span class='ocrx_word' id='word_1_310' title='bbox 2077 1696 2340 1757; x_wconf 81' lang='lat' dir='ltr'>insanum3</span> <span class='ocrx_word' id='word_1_311' title='bbox 2397 1710 2551 1760; x_wconf 87' lang='lat' dir='ltr'>quam</span> 
     </span>
     <span class='ocr_line' id='line_1_53' title="bbox 1487 1770 2552 1824; baseline -0.001 -2"><span class='ocrx_word' id='word_1_312' title='bbox 1487 1774 1649 1823; x_wconf 87' lang='lat' dir='ltr'>multa</span> <span class='ocrx_word' id='word_1_313' title='bbox 1672 1773 1876 1824; x_wconf 81' lang='lat' dir='ltr'>diversa</span> <span class='ocrx_word' id='word_1_314' title='bbox 1898 1770 2058 1823; x_wconf 82' lang='lat' dir='ltr'>effata</span> <span class='ocrx_word' id='word_1_315' title='bbox 2086 1772 2265 1821; x_wconf 88' lang='lat' dir='ltr'>iisdem</span> <span class='ocrx_word' id='word_1_316' title='bbox 2289 1771 2552 1821; x_wconf 84' lang='lat' dir='ltr'>dominan-</span> 
     </span>
     <span class='ocr_line' id='line_1_54' title="bbox 1488 1847 2552 1916; baseline -0.005 -14"><span class='ocrx_word' id='word_1_317' title='bbox 1488 1851 1629 1902; x_wconf 83' lang='lat' dir='ltr'>tibus</span> <span class='ocrx_word' id='word_1_318' title='bbox 1653 1852 1869 1916; x_wconf 84' lang='lat' dir='ltr'>tribuat,</span> <span class='ocrx_word' id='word_1_319' title='bbox 1885 1851 2141 1916; x_wconf 89' lang='lat' dir='ltr'>dequibus</span> <span class='ocrx_word' id='word_1_320' title='bbox 2159 1864 2423 1914; x_wconf 84' lang='lat' dir='ltr'>nunquam</span> <span class='ocrx_word' id='word_1_321' title='bbox 2446 1847 2552 1898; x_wconf 86' lang='lat' dir='ltr'>for·</span> 
     </span>
     <span class='ocr_line' id='line_1_55' title="bbox 1487 1930 2363 1993; baseline -0.001 -15"><span class='ocrx_word' id='word_1_322' title='bbox 1487 1935 1541 1979; x_wconf 83' lang='lat' dir='ltr'>te</span> <span class='ocrx_word' id='word_1_323' title='bbox 1562 1930 1878 1993; x_wconf 86' lang='lat' dir='ltr'>cogitarunt.</span> <span class='ocrx_word' id='word_1_324' title='bbox 2358 1981 2363 1986; x_wconf 59' lang='grc'><strong>,</strong></span> 
     </span>
    </p>

    <p class='ocr_par' dir='ltr' id='par_1_18' title="bbox 1479 2002 2552 2600">
     <span class='ocr_line' id='line_1_56' title="bbox 1551 2002 2549 2058; baseline -0.008 0"><span class='ocrx_word' id='word_1_325' title='bbox 1551 2008 1709 2058; x_wconf 77' lang='lat' dir='ltr'>Certe</span> <span class='ocrx_word' id='word_1_326' title='bbox 1730 2022 1832 2057; x_wconf 92' lang='lat' dir='ltr'>non</span> <span class='ocrx_word' id='word_1_327' title='bbox 1854 2006 1981 2056; x_wconf 90' lang='lat' dir='ltr'>dicit</span> <span class='ocrx_word' id='word_1_328' title='bbox 2001 2004 2277 2055; x_wconf 78' lang='lat' dir='ltr'>Suetonius</span> <span class='ocrx_word' id='word_1_329' title='bbox 2299 2011 2411 2053; x_wconf 90' lang='lat' dir='ltr'>tum</span> <span class='ocrx_word' id='word_1_330' title='bbox 2438 2002 2549 2051; x_wconf 83' lang='lat' dir='ltr'>vix-</span> 
     </span>
     <span class='ocr_line' id='line_1_57' title="bbox 1482 2079 2550 2149; baseline -0.004 -15"><span class='ocrx_word' id='word_1_331' title='bbox 1482 2083 1584 2135; x_wconf 87' lang='lat' dir='ltr'>isse</span> <span class='ocrx_word' id='word_1_332' title='bbox 1609 2082 1981 2149; x_wconf 79' lang='lat' dir='ltr'>Agrippinam3</span> <span class='ocrx_word' id='word_1_333' title='bbox 2017 2090 2073 2132; x_wconf 88' lang='lat' dir='ltr'>et</span> <span class='ocrx_word' id='word_1_334' title='bbox 2115 2083 2158 2131; x_wconf 93' lang='lat' dir='ltr'>si</span> <span class='ocrx_word' id='word_1_335' title='bbox 2196 2080 2444 2145; x_wconf 55' lang='lat' dir='ltr'>intelligit</span> <span class='ocrx_word' id='word_1_336' title='bbox 2493 2079 2550 2130; x_wconf 87' lang='lat' dir='ltr'>id</span> 
     </span>
     <span class='ocr_line' id='line_1_58' title="bbox 1483 2158 2547 2220; baseline -0.002 -10"><span class='ocrx_word' id='word_1_337' title='bbox 1483 2176 1549 2210; x_wconf 88' lang='lat' dir='ltr'>ea</span> <span class='ocrx_word' id='word_1_338' title='bbox 1569 2161 1688 2212; x_wconf 81' lang='lat' dir='ltr'>viva</span> <span class='ocrx_word' id='word_1_339' title='bbox 1709 2160 1922 2220; x_wconf 82' lang='lat' dir='ltr'>factum,</span> <span class='ocrx_word' id='word_1_340' title='bbox 1956 2162 2054 2210; x_wconf 84' lang='lat' dir='ltr'>hoc</span> <span class='ocrx_word' id='word_1_341' title='bbox 2078 2165 2223 2209; x_wconf 88' lang='lat' dir='ltr'>certe</span> <span class='ocrx_word' id='word_1_342' title='bbox 2246 2158 2547 2210; x_wconf 86' lang='lat' dir='ltr'>confectum</span> 
     </span>
     <span class='ocr_line' id='line_1_59' title="bbox 1483 2235 2549 2301; baseline -0.003 -13"><span class='ocrx_word' id='word_1_343' title='bbox 1483 2238 1712 2288; x_wconf 84' lang='lat' dir='ltr'>exinani</span> <span class='ocrx_word' id='word_1_344' title='bbox 1743 2253 1949 2289; x_wconf 87' lang='lat' dir='ltr'>rumore</span> <span class='ocrx_word' id='word_1_345' title='bbox 1973 2238 2135 2301; x_wconf 78' lang='lat' dir='ltr'>vulgi,</span> <span class='ocrx_word' id='word_1_346' title='bbox 2150 2245 2209 2286; x_wconf 91' lang='lat' dir='ltr'>ut</span> <span class='ocrx_word' id='word_1_347' title='bbox 2244 2238 2409 2286; x_wconf 85' lang='lat' dir='ltr'>multa</span> <span class='ocrx_word' id='word_1_348' title='bbox 2445 2235 2549 2285; x_wconf 87' lang='lat' dir='ltr'>alia</span> 
     </span>
     <span class='ocr_line' id='line_1_60' title="bbox 1482 2314 2550 2379; baseline -0.002 -14"><span class='ocrx_word' id='word_1_349' title='bbox 1482 2315 1623 2379; x_wconf 88' lang='lat' dir='ltr'>apud</span> <span class='ocrx_word' id='word_1_350' title='bbox 1666 2315 1968 2365; x_wconf 86' lang='lat' dir='ltr'>Suetonium</span> <span class='ocrx_word' id='word_1_351' title='bbox 1992 2331 2004 2364; x_wconf 74' lang='grc' dir='ltr'>ε</span> <span class='ocrx_word' id='word_1_352' title='bbox 2042 2314 2131 2364; x_wconf 87' lang='lat' dir='ltr'>sed</span> <span class='ocrx_word' id='word_1_353' title='bbox 2174 2315 2406 2379; x_wconf 85' lang='lat' dir='ltr'>quamvis</span> <span class='ocrx_word' id='word_1_354' title='bbox 2451 2314 2550 2364; x_wconf 88' lang='lat' dir='ltr'>cir-</span> 
     </span>
     <span class='ocr_line' id='line_1_61' title="bbox 1480 2393 2552 2457; baseline -0.002 -14"><span class='ocrx_word' id='word_1_355' title='bbox 1480 2394 1809 2443; x_wconf 83' lang='lat' dir='ltr'>cumstantiae</span> <span class='ocrx_word' id='word_1_356' title='bbox 1863 2400 2044 2457; x_wconf 85' lang='lat' dir='ltr'>aperte</span> <span class='ocrx_word' id='word_1_357' title='bbox 2079 2393 2299 2442; x_wconf 81' lang='lat' dir='ltr'>diversae</span> <span class='ocrx_word' id='word_1_358' title='bbox 2356 2396 2552 2454; x_wconf 81' lang='lat' dir='ltr'>essent,</span> 
     </span>
     <span class='ocr_line' id='line_1_62' title="bbox 1479 2470 2550 2537; baseline -0.003 -14"><span class='ocrx_word' id='word_1_359' title='bbox 1479 2488 1582 2523; x_wconf 88' lang='lat' dir='ltr'>non</span> <span class='ocrx_word' id='word_1_360' title='bbox 1622 2478 1904 2537; x_wconf 83' lang='lat' dir='ltr'>propterea</span> <span class='ocrx_word' id='word_1_361' title='bbox 1938 2478 2110 2521; x_wconf 86' lang='lat' dir='ltr'>tamen</span> <span class='ocrx_word' id='word_1_362' title='bbox 2151 2470 2339 2521; x_wconf 87' lang='lat' dir='ltr'>diversi</span> <span class='ocrx_word' id='word_1_363' title='bbox 2373 2475 2550 2520; x_wconf 87' lang='lat' dir='ltr'>essent</span> 
     </span>
     <span class='ocr_line' id='line_1_63' title="bbox 1480 2549 2101 2600; baseline 0 0"><span class='ocrx_word' id='word_1_364' title='bbox 1480 2550 1662 2600; x_wconf 89' lang='lat' dir='ltr'>Plauti</span> <span class='ocrx_word' id='word_1_365' title='bbox 1686 2550 1735 2598; x_wconf 91' lang='lat' dir='ltr'>in</span> <span class='ocrx_word' id='word_1_366' title='bbox 1759 2551 1852 2599; x_wconf 85' lang='lat' dir='ltr'>hac</span> <span class='ocrx_word' id='word_1_367' title='bbox 1874 2549 2101 2600; x_wconf 86' lang='lat' dir='ltr'>historia.</span> 
     </span>
    </p>

    <p class='ocr_par' dir='ltr' id='par_1_19' title="bbox 1471 2623 2564 3158">
     <span class='ocr_line' id='line_1_64' title="bbox 1546 2623 2545 2692; baseline -0.004 -14"><span class='ocrx_word' id='word_1_368' title='bbox 1546 2630 1766 2679; x_wconf 77' lang='lat' dir='ltr'>Maneat</span> <span class='ocrx_word' id='word_1_369' title='bbox 1815 2628 1995 2692; x_wconf 89' lang='lat' dir='ltr'>igitur,</span> <span class='ocrx_word' id='word_1_370' title='bbox 2029 2641 2183 2676; x_wconf 90' lang='lat' dir='ltr'>unum</span> <span class='ocrx_word' id='word_1_371' title='bbox 2224 2632 2278 2675; x_wconf 89' lang='lat' dir='ltr'>et</span> <span class='ocrx_word' id='word_1_372' title='bbox 2322 2623 2545 2675; x_wconf 85' lang='lat' dir='ltr'>eundem</span> 
     </span>
     <span class='ocr_line' id='line_1_65' title="bbox 1481 2702 2547 2770; baseline -0.004 -14"><span class='ocrx_word' id='word_1_373' title='bbox 1481 2722 1598 2757; x_wconf 82' lang='lat' dir='ltr'>esse</span> <span class='ocrx_word' id='word_1_374' title='bbox 1639 2705 1907 2770; x_wconf 87' lang='lat' dir='ltr'>Plautum,</span> <span class='ocrx_word' id='word_1_375' title='bbox 1929 2706 1996 2755; x_wconf 85' lang='lat' dir='ltr'>de</span> <span class='ocrx_word' id='word_1_376' title='bbox 2037 2720 2137 2770; x_wconf 86' lang='lat' dir='ltr'>quo</span> <span class='ocrx_word' id='word_1_377' title='bbox 2184 2702 2455 2755; x_wconf 82' lang='lat' dir='ltr'>Suetonius</span> <span class='ocrx_word' id='word_1_378' title='bbox 2489 2709 2547 2752; x_wconf 85' lang='lat' dir='ltr'>et</span> 
     </span>
     <span class='ocr_line' id='line_1_66' title="bbox 1477 2781 2544 2850; baseline -0.003 -17"><span class='ocrx_word' id='word_1_379' title='bbox 1477 2784 1707 2846; x_wconf 85' lang='lat' dir='ltr'>Tacitus,</span> <span class='ocrx_word' id='word_1_380' title='bbox 1751 2798 1905 2850; x_wconf 87' lang='lat' dir='ltr'>quem</span> <span class='ocrx_word' id='word_1_381' title='bbox 1956 2783 2220 2833; x_wconf 81' lang='lat' dir='ltr'>finxerant</span> <span class='ocrx_word' id='word_1_382' title='bbox 2280 2781 2544 2831; x_wconf 86' lang='lat' dir='ltr'>delatores</span> 
     </span>
     <span class='ocr_line' id='line_1_67' title="bbox 1478 2859 2547 2924; baseline -0.003 -14"><span class='ocrx_word' id='word_1_383' title='bbox 1478 2875 1676 2910; x_wconf 82' lang='lat' dir='ltr'>amasse.</span> <span class='ocrx_word' id='word_1_384' title='bbox 1699 2859 2059 2924; x_wconf 79' lang='lat' dir='ltr'>Agrippinam,</span> <span class='ocrx_word' id='word_1_385' title='bbox 2083 2866 2138 2909; x_wconf 90' lang='lat' dir='ltr'>et</span> <span class='ocrx_word' id='word_1_386' title='bbox 2176 2873 2293 2908; x_wconf 85' lang='lat' dir='ltr'>cum</span> <span class='ocrx_word' id='word_1_387' title='bbox 2328 2873 2392 2908; x_wconf 90' lang='lat' dir='ltr'>eo</span> <span class='ocrx_word' id='word_1_388' title='bbox 2426 2872 2547 2908; x_wconf 89' lang='lat' dir='ltr'>con·</span> 
     </span>
     <span class='ocr_line' id='line_1_68' title="bbox 1471 2935 2543 3004; baseline -0.004 -15"><span class='ocrx_word' id='word_1_389' title='bbox 1471 2938 1698 3004; x_wconf 87' lang='lat' dir='ltr'>jurasse,</span> <span class='ocrx_word' id='word_1_390' title='bbox 1719 2947 1780 2990; x_wconf 87' lang='lat' dir='ltr'>ut</span> <span class='ocrx_word' id='word_1_391' title='bbox 1804 2938 2058 3003; x_wconf 84' lang='lat' dir='ltr'>Rempub.</span> <span class='ocrx_word' id='word_1_392' title='bbox 2081 2937 2195 3002; x_wconf 82' lang='lat' dir='ltr'>ejus</span> <span class='ocrx_word' id='word_1_393' title='bbox 2218 2935 2543 2994; x_wconf 85' lang='lat' dir='ltr'>matrimonio</span> 
     </span>
     <span class='ocr_line' id='line_1_69' title="bbox 1475 3013 2564 3080; baseline -0.002 -16"><span class='ocrx_word' id='word_1_394' title='bbox 1475 3030 1655 3066; x_wconf 89' lang='lat' dir='ltr'>rursus</span> <span class='ocrx_word' id='word_1_395' title='bbox 1694 3021 2001 3080; x_wconf 85' lang='lat' dir='ltr'>occuparet,</span> <span class='ocrx_word' id='word_1_396' title='bbox 2025 3014 2430 3079; x_wconf 86' lang='lat' dir='ltr'>deturbaretque</span> <span class='ocrx_word' id='word_1_397' title='bbox 2466 3013 2564 3062; x_wconf 54' lang='lat' dir='ltr'>inc</span> 
     </span>
     <span class='ocr_line' id='line_1_70' title="bbox 1476 3091 2442 3158; baseline -0.003 -15"><span class='ocrx_word' id='word_1_398' title='bbox 1476 3101 1678 3158; x_wconf 75' lang='lat' dir='ltr'>gratum</span> <span class='ocrx_word' id='word_1_399' title='bbox 1707 3095 1968 3144; x_wconf 86' lang='lat' dir='ltr'>Neronem</span> <span class='ocrx_word' id='word_1_400' title='bbox 1992 3091 2225 3157; x_wconf 88' lang='lat' dir='ltr'>imperio.</span> <span class='ocrx_word' id='word_1_401' title='bbox 2432 3133 2442 3140; x_wconf 85' lang='lat'><em>.</em></span> 
     </span>
    </p>

    <p class='ocr_par' dir='ltr' id='par_1_20' title="bbox 1473 3167 2562 3531">
     <span class='ocr_line' id='line_1_71' title="bbox 1542 3167 2541 3233; baseline -0.008 -9"><span class='ocrx_word' id='word_1_402' title='bbox 1542 3172 1679 3224; x_wconf 83' lang='lat' dir='ltr'>Quin</span> <span class='ocrx_word' id='word_1_403' title='bbox 1703 3178 1759 3221; x_wconf 88' lang='lat' dir='ltr'>et</span> <span class='ocrx_word' id='word_1_404' title='bbox 1781 3170 2044 3221; x_wconf 86' lang='lat' dir='ltr'>finxerunt</span> <span class='ocrx_word' id='word_1_405' title='bbox 2069 3168 2180 3233; x_wconf 83' lang='lat' dir='ltr'>pari</span> <span class='ocrx_word' id='word_1_406' title='bbox 2213 3167 2393 3224; x_wconf 81' lang='lat' dir='ltr'>fabula</span> <span class='ocrx_word' id='word_1_407' title='bbox 2422 3181 2541 3217; x_wconf 84' lang='lat' dir='ltr'>con-</span> 
     </span>
     <span class='ocr_line' id='line_1_72' title="bbox 1474 3245 2540 3314; baseline -0.004 -15"><span class='ocrx_word' id='word_1_408' title='bbox 1474 3255 1766 3314; x_wconf 79' lang='lat' dir='ltr'>stupratum</span> <span class='ocrx_word' id='word_1_409' title='bbox 1790 3264 1822 3298; x_wconf 91' lang='lat' dir='ltr'>a</span> <span class='ocrx_word' id='word_1_410' title='bbox 1843 3250 2053 3298; x_wconf 83' lang='lat' dir='ltr'>Nerone</span> <span class='ocrx_word' id='word_1_411' title='bbox 2071 3253 2194 3296; x_wconf 84' lang='lat' dir='ltr'>ante</span> <span class='ocrx_word' id='word_1_412' title='bbox 2216 3252 2453 3309; x_wconf 83' lang='lat' dir='ltr'>mortem,</span> <span class='ocrx_word' id='word_1_413' title='bbox 2473 3245 2540 3295; x_wconf 88' lang='lat' dir='ltr'>de</span> 
     </span>
     <span class='ocr_line' id='line_1_73' title="bbox 1475 3320 2562 3392; baseline -0.008 -15"><span class='ocrx_word' id='word_1_414' title='bbox 1475 3343 1578 3392; x_wconf 87' lang='lat' dir='ltr'>quo</span> <span class='ocrx_word' id='word_1_415' title='bbox 1615 3337 1670 3376; x_wconf 85' lang='lat' dir='ltr'>et</span> <span class='ocrx_word' id='word_1_416' title='bbox 1693 3327 1920 3376; x_wconf 85' lang='lat' dir='ltr'>Neronis</span> <span class='ocrx_word' id='word_1_417' title='bbox 1948 3324 2074 3373; x_wconf 83' lang='lat' dir='ltr'>talia</span> <span class='ocrx_word' id='word_1_418' title='bbox 2099 3324 2258 3373; x_wconf 91' lang='lat' dir='ltr'>verba</span> <span class='ocrx_word' id='word_1_419' title='bbox 2279 3320 2562 3371; x_wconf 60' lang='lat' dir='ltr'>confluxe}-</span> 
     </span>
     <span class='ocr_line' id='line_1_74' title="bbox 1474 3399 2541 3464; baseline -0.005 -11"><span class='ocrx_word' id='word_1_420' title='bbox 1474 3411 1627 3453; x_wconf 87' lang='lat' dir='ltr'>runt:</span> <span class='ocrx_word' id='word_1_421' title='bbox 1662 3404 1678 3431; x_wconf 89' lang='lat'>‘</span> <span class='ocrx_word' id='word_1_422' title='bbox 1703 3405 1805 3452; x_wconf 87' lang='lat' dir='ltr'>Eat</span> <span class='ocrx_word' id='word_1_423' title='bbox 1828 3416 1983 3461; x_wconf 90' lang='lat' dir='ltr'>nunc,</span> <span class='ocrx_word' id='word_1_424' title='bbox 2004 3399 2189 3464; x_wconf 89' lang='lat' dir='ltr'>inquit,</span> <span class='ocrx_word' id='word_1_425' title='bbox 2217 3405 2385 3447; x_wconf 83' lang='lat' dir='ltr'>mater</span> <span class='ocrx_word' id='word_1_426' title='bbox 2406 3412 2541 3463; x_wconf 75' lang='lat' dir='ltr'>mea,</span> 
     </span>
     <span class='ocr_line' id='line_1_75' title="bbox 1473 3474 2408 3531; baseline -0.004 0"><span class='ocrx_word' id='word_1_427' title='bbox 1473 3489 1530 3531; x_wconf 88' lang='lat' dir='ltr'>et</span> <span class='ocrx_word' id='word_1_428' title='bbox 1554 3494 1905 3530; x_wconf 85' lang='lat' dir='ltr'>successorem</span> <span class='ocrx_word' id='word_1_429' title='bbox 1921 3492 2090 3526; x_wconf 88' lang='lat' dir='ltr'>meum</span> <span class='ocrx_word' id='word_1_430' title='bbox 2113 3474 2408 3527; x_wconf 68' lang='lat' dir='ltr'>osculetur!</span> 
     </span>
    </p>

    <p class='ocr_par' dir='ltr' id='par_1_21' title="bbox 1471 3553 2592 3845">
     <span class='ocr_line' id='line_1_76' title="bbox 1541 3553 2592 3623; baseline -0.003 -16"><span class='ocrx_word' id='word_1_431' title='bbox 1541 3558 1822 3623; x_wconf 81' lang='lat' dir='ltr'>Nunquam</span> <span class='ocrx_word' id='word_1_432' title='bbox 1863 3554 2088 3606; x_wconf 86' lang='lat' dir='ltr'>credidit</span> <span class='ocrx_word' id='word_1_433' title='bbox 2128 3557 2238 3619; x_wconf 85' lang='lat' dir='ltr'>ipse</span> <span class='ocrx_word' id='word_1_434' title='bbox 2278 3555 2445 3618; x_wconf 80' lang='lat' dir='ltr'>Nero,</span> <span class='ocrx_word' id='word_1_435' title='bbox 2468 3553 2538 3604; x_wconf 81' lang='lat' dir='ltr'>A·</span> <span class='ocrx_word' id='word_1_436' title='bbox 2587 3555 2592 3558; x_wconf 50' lang='lat'><strong>⁴</strong></span> 
     </span>
     <span class='ocr_line' id='line_1_77' title="bbox 1473 3637 2537 3706; baseline -0.003 -19"><span class='ocrx_word' id='word_1_437' title='bbox 1473 3639 1767 3706; x_wconf 85' lang='lat' dir='ltr'>grippinam</span> <span class='ocrx_word' id='word_1_438' title='bbox 1787 3652 1901 3688; x_wconf 90' lang='lat' dir='ltr'>cum</span> <span class='ocrx_word' id='word_1_439' title='bbox 1915 3652 1977 3687; x_wconf 94' lang='lat' dir='ltr'>eo</span> <span class='ocrx_word' id='word_1_440' title='bbox 1988 3637 2280 3702; x_wconf 84' lang='lat' dir='ltr'>conjurasse</span> <span class='ocrx_word' id='word_1_441' title='bbox 2301 3650 2315 3683; x_wconf 72' lang='lat' dir='ltr'>t</span> <span class='ocrx_word' id='word_1_442' title='bbox 2342 3642 2537 3685; x_wconf 87' lang='lat' dir='ltr'>utrum-</span> 
     </span>
     <span class='ocr_line' id='line_1_78' title="bbox 1473 3714 2531 3783; baseline -0.005 -16"><span class='ocrx_word' id='word_1_443' title='bbox 1473 3732 1575 3783; x_wconf 85' lang='lat' dir='ltr'>que</span> <span class='ocrx_word' id='word_1_444' title='bbox 1600 3718 1774 3766; x_wconf 84' lang='lat' dir='ltr'>vivere</span> <span class='ocrx_word' id='word_1_445' title='bbox 1819 3721 2001 3781; x_wconf 74' lang='lat' dir='ltr'>postea</span> <span class='ocrx_word' id='word_1_446' title='bbox 2047 3714 2246 3766; x_wconf 84' lang='lat' dir='ltr'>tamdiu</span> <span class='ocrx_word' id='word_1_447' title='bbox 2281 3728 2381 3763; x_wconf 92' lang='lat' dir='ltr'>non</span> <span class='ocrx_word' id='word_1_448' title='bbox 2416 3727 2531 3778; x_wconf 86' lang='lat' dir='ltr'>pas-</span> 
     </span>
     <span class='ocr_line' id='line_1_79' title="bbox 1471 3801 1735 3845; baseline -0.004 -1"><span class='ocrx_word' id='word_1_449' title='bbox 1471 3810 1557 3845; x_wconf 87' lang='lat' dir='ltr'>sus</span> <span class='ocrx_word' id='word_1_450' title='bbox 1582 3801 1735 3844; x_wconf 85' lang='lat' dir='ltr'>esset.</span> 
     </span>
    </p>

    <p class='ocr_par' dir='ltr' id='par_1_22' title="bbox 1465 3866 2579 4390">
     <span class='ocr_line' id='line_1_80' title="bbox 1535 3866 2533 3938; baseline -0.008 -15"><span class='ocrx_word' id='word_1_451' title='bbox 1535 3872 1724 3923; x_wconf 78' lang='lat' dir='ltr'>Neve}</span> <span class='ocrx_word' id='word_1_452' title='bbox 1744 3872 1952 3938; x_wconf 89' lang='lat' dir='ltr'>quidem</span> <span class='ocrx_word' id='word_1_453' title='bbox 1976 3877 2248 3936; x_wconf 83' lang='lat' dir='ltr'>suspectus</span> <span class='ocrx_word' id='word_1_454' title='bbox 2270 3868 2325 3917; x_wconf 88' lang='lat' dir='ltr'>in</span> <span class='ocrx_word' id='word_1_455' title='bbox 2339 3866 2533 3931; x_wconf 78' lang='lat' dir='ltr'>Agrip-</span> 
     </span>
     <span class='ocr_line' id='line_1_81' title="bbox 1471 3944 2534 4016; baseline -0.006 -15"><span class='ocrx_word' id='word_1_456' title='bbox 1471 3951 1594 4016; x_wconf 87' lang='lat' dir='ltr'>pina</span> <span class='ocrx_word' id='word_1_457' title='bbox 1616 3949 1715 4000; x_wconf 87' lang='lat' dir='ltr'>fuit</span> <span class='ocrx_word' id='word_1_458' title='bbox 1742 3951 1979 4012; x_wconf 86' lang='lat' dir='ltr'>Plautus,</span> <span class='ocrx_word' id='word_1_459' title='bbox 1998 3956 2053 3999; x_wconf 87' lang='lat' dir='ltr'>et</span> <span class='ocrx_word' id='word_1_460' title='bbox 2088 3957 2147 3998; x_wconf 89' lang='lat' dir='ltr'>ut</span> <span class='ocrx_word' id='word_1_461' title='bbox 2177 3949 2299 3997; x_wconf 82' lang='lat' dir='ltr'>ficta</span> <span class='ocrx_word' id='word_1_462' title='bbox 2338 3947 2426 3994; x_wconf 83' lang='lat' dir='ltr'>illa</span> <span class='ocrx_word' id='word_1_463' title='bbox 2458 3944 2534 3995; x_wconf 77' lang='lat' dir='ltr'>fa·</span> 
     </span>
     <span class='ocr_line' id='line_1_82' title="bbox 1470 4023 2534 4090; baseline -0.008 -10"><span class='ocrx_word' id='word_1_464' title='bbox 1470 4030 1591 4080; x_wconf 88' lang='lat' dir='ltr'>bula</span> <span class='ocrx_word' id='word_1_465' title='bbox 1613 4029 1680 4078; x_wconf 85' lang='lat' dir='ltr'>de</span> <span class='ocrx_word' id='word_1_466' title='bbox 1702 4044 1877 4078; x_wconf 86' lang='lat' dir='ltr'>amore</span> <span class='ocrx_word' id='word_1_467' title='bbox 1900 4037 1956 4077; x_wconf 89' lang='lat' dir='ltr'>et</span> <span class='ocrx_word' id='word_1_468' title='bbox 1973 4026 2324 4090; x_wconf 82' lang='lat' dir='ltr'>conjuratione</span> <span class='ocrx_word' id='word_1_469' title='bbox 2341 4023 2534 4088; x_wconf 78' lang='lat' dir='ltr'>Agrip·</span> 
     </span>
     <span class='ocr_line' id='line_1_83' title="bbox 1468 4100 2532 4172; baseline -0.007 -16"><span class='ocrx_word' id='word_1_470' title='bbox 1468 4108 1626 4172; x_wconf 65' lang='lat' dir='ltr'>pina»,</span> <span class='ocrx_word' id='word_1_471' title='bbox 1650 4107 1724 4156; x_wconf 85' lang='lat' dir='ltr'>ita</span> <span class='ocrx_word' id='word_1_472' title='bbox 1761 4113 1818 4155; x_wconf 90' lang='lat' dir='ltr'>et</span> <span class='ocrx_word' id='word_1_473' title='bbox 1852 4105 1975 4155; x_wconf 85' lang='lat' dir='ltr'>ficta</span> <span class='ocrx_word' id='word_1_474' title='bbox 2000 4103 2158 4153; x_wconf 82' lang='lat' dir='ltr'>verba</span> <span class='ocrx_word' id='word_1_475' title='bbox 2196 4102 2286 4152; x_wconf 87' lang='lat' dir='ltr'>illa</span> <span class='ocrx_word' id='word_1_476' title='bbox 2308 4100 2532 4152; x_wconf 84' lang='lat' dir='ltr'>Neronis</span> 
     </span>
     <span class='ocr_line' id='line_1_84' title="bbox 1468 4176 2532 4244; baseline -0.006 -11"><span class='ocrx_word' id='word_1_477' title='bbox 1468 4185 1534 4233; x_wconf 88' lang='lat' dir='ltr'>de</span> <span class='ocrx_word' id='word_1_478' title='bbox 1558 4199 1730 4234; x_wconf 87' lang='lat' dir='ltr'>amore</span> <span class='ocrx_word' id='word_1_479' title='bbox 1768 4183 1979 4244; x_wconf 84' lang='lat' dir='ltr'>matris;</span> <span class='ocrx_word' id='word_1_480' title='bbox 2012 4184 2087 4230; x_wconf 83' lang='lat' dir='ltr'>ita</span> <span class='ocrx_word' id='word_1_481' title='bbox 2123 4180 2281 4230; x_wconf 87' lang='lat' dir='ltr'>etiam</span> <span class='ocrx_word' id='word_1_482' title='bbox 2315 4184 2373 4228; x_wconf 88' lang='lat' dir='ltr'>et</span> <span class='ocrx_word' id='word_1_483' title='bbox 2404 4176 2532 4228; x_wconf 80' lang='lat' dir='ltr'>ficta</span> 
     </span>
     <span class='ocr_line' id='line_1_85' title="bbox 1465 4255 2532 4326; baseline -0.005 -15"><span class='ocrx_word' id='word_1_484' title='bbox 1465 4260 1560 4311; x_wconf 88' lang='lat' dir='ltr'>illa</span> <span class='ocrx_word' id='word_1_485' title='bbox 1579 4259 1967 4326; x_wconf 78' lang='lat' dir='ltr'>constuprati03</span> <span class='ocrx_word' id='word_1_486' title='bbox 2002 4256 2093 4308; x_wconf 86' lang='lat' dir='ltr'>sed</span> <span class='ocrx_word' id='word_1_487' title='bbox 2132 4271 2235 4307; x_wconf 86' lang='lat' dir='ltr'>non</span> <span class='ocrx_word' id='word_1_488' title='bbox 2268 4255 2394 4307; x_wconf 79' lang='lat' dir='ltr'>ficta</span> <span class='ocrx_word' id='word_1_489' title='bbox 2432 4269 2532 4306; x_wconf 83' lang='lat' dir='ltr'>cae-</span> 
     </span>
     <span class='ocr_line' id='line_1_86' title="bbox 1469 4332 2579 4390; baseline -0.004 -2"><span class='ocrx_word' id='word_1_490' title='bbox 1469 4337 1560 4389; x_wconf 80' lang='lat' dir='ltr'>(les</span> <span class='ocrx_word' id='word_1_491' title='bbox 1573 4338 1729 4390; x_wconf 83' lang='lat' dir='ltr'>istius</span> <span class='ocrx_word' id='word_1_492' title='bbox 1747 4336 1926 4389; x_wconf 85' lang='lat' dir='ltr'>Plauti</span> <span class='ocrx_word' id='word_1_493' title='bbox 1944 4336 1996 4387; x_wconf 91' lang='lat' dir='ltr'>in</span> <span class='ocrx_word' id='word_1_494' title='bbox 2019 4332 2160 4387; x_wconf 82' lang='lat' dir='ltr'>Asia.</span> <span class='ocrx_word' id='word_1_495' title='bbox 2222 4371 2254 4378; x_wconf 65' lang='lat'>„.</span> <span class='ocrx_word' id='word_1_496' title='bbox 2549 4342 2579 4356; x_wconf 52' lang='lat'><em>⁸</em></span> 
     </span>
    </p>
   </div>
  </div>
 </body>
</html>
