3063 4952
543 385 721 455 mm

1251 405 1318 457 Ο.
1363 403 1730 455 connum!
1775 405 2035 457 TAGITI

2428 415 2525 481 [A.
2546 418 2615 471 U.
2634 416 2753 477 8182

534 556 724 634 que,¹¹
768 567 925 634 qum
947 550 1278 635 'praesenti
1327 501 1648 617 Herculi'2
1700 551 1935 617 Arcas·
1973 552 2287 621 Evander
2342 554 2755 644 sacraverat,-

535 653 850 737 aedesque
878 652 1169 718 Statoris
1195 654 1242 718 J
1243 657 1445 733 ovis:
1476 660 1628 719 vota
1678 654 1995 734 Romulo,
2029 648 2440 746 Numantines
2469 666 2661 748 reg-ia
2684 672 2757 731 et

534 754 880 822 delubrum
909 756 1143 821 Vestae
1173 777 1327 821 cum
1372 759 1764 824 Penatibus⁸
1804 759 2054 844 Populi
2102 762 2423 844 Romani,
2454 774 2752 834 exusta.⁸

535 914 742 965 Herculi
761 888 915 967 Arcas
935 918 1156 967 Evander
1175 923 1485 978 consecrarat,
1507 925 1558 968 et
1578 922 1803 984 tenplum
1822 921 1963 968 Jocis
1981 919 2208 984 &utor-is,

2222 924 2342 985 quod
2368 923 2601 974 Romans
2621 941 2756 976 voce·

532 984 948 1047 “serpentina
983 983 1442 1048 Nauna-,etfama
1471 985 1630 1035 Vestae
1658 1001 1765 1035 cun
1792 984 2603 1052 Diispenatibnpopucifloumi
2634 1007 2754 1040 eoin-

939 1105 946 1117 ’
1529 1115 1752 1167 NOTAE

535 1205 639 1259 suit
657 1208 711 1259 iu
735 1212 944 1279 regione
973 1214 1250 1266 undecima
1272 1218 1450 1293 Romae
1473 1217 1604 1267 anti·

537 1296 675 1349 quae.
740 1289 823 1338 Ex
843 1291 1079 1341 Nardino
1101 1294 1139 1343 l.
1158 1308 1257 1344 vu.
1279 1309 1330 1345 c.
1347 1299 1396 1346 3.
1416 1310 1472 1359 p.
1488 1299 1603 1346 428.

541 1361 638 1412 πη
1069 1374 1072 1377 .

601 1446 628 1472 “
659 1441 845 1505 Magna
871 1459 960 1494 ara
979 1445 1263 1512 fanumque]
1329 1447 1414 1498 Au
1437 1450 1604 1501 conti-

536 1529 638 1579 gua
681 1533 773 1567 ara
816 1520 906 1570 illa
946 1522 1259 1589 fanumque?
1308 1526 1606 1578 Verisimile

536 1601 640 1657 eat,
662 1596 807 1659 prius
839 1605 1091 1649 structam
1123 1601 1278 1652 fuisse
1300 1619 1461 1668 aram,
1485 1605 1606 1656 dein

534 1664 712 1720 fanum
748 1675 1062 1739 appositum,
1083 1684 1175 1727 aut
1215 1682 1465 1744 templum
1499 1697 1607 1732 ιιι-ω

537 1756 972 1811 superstructum.

603 1829 636 1854 V
684 1826 924 1876 Proesenti
974 1829 1197 1895 Herculi]
1279 1833 1605 1887 Praesentem

538 1896 625 1948 hic
670 1900 889 1966 accipio,
931 1904 1094 1967 ipsius
1128 1907 1374 1960 Herculis
1417 1926 1607 1977 coguo-

542 1986 682 2025 men.
714 1978 946 2029 Pickena.

604 2051 725 2102 Non
749 2060 927 2118 putem
949 2056 1111 2122 ipsius
1138 2060 1383 2114 Herculis
1411 2078 1606 2130 cogno·

537 2141 656 2178 meu
694 2131 779 2181 hic
818 2148 930 2183 esse
966 2144 1264 2204 proesentem,
1300 2150 1359 2194 ut
1396 2145 1607 2195 volebat

537 2207 617 2254 vir
638 2209 906 2272 eruditus3
937 2213 1029 2263 sed
1051 2230 1258 2267 sensum
1281 2235 1415 2284 esse,
1441 2223 1606 2272 Evan-

538 2284 687 2336 drum
719 2302 858 2340 aram
892 2291 1046 2344 istam
1069 2296 1286 2348 Herculi
1307 2315 1605 2353 consecras-

535 2375 612 2425 se,
636 2379 749 2427 ipso
771 2381 968 2419 coram.

603 2440 837 2495 Hercule
882 2447 1018 2498 euim
1057 2458 1339 2517 praesente,
1380 2468 1470 2505 ara
1507 2455 1605 2507 ista

538 2527 845 2570 consecrata
866 2521 1004 2586 fuit3
1039 2527 1192 2578 immo
1214 2530 1605 2593 ipse-Hercules

540 2607 656 2643 eam
711 2596 812 2646 sibi
868 2605 1216 2667 consecravit,
1260 2608 1305 2656 si
1348 2610 1606 2660 credimus

541 2668 734 2723 Ovidio
753 2675 1024 2728 Fastorum
1049 2694 1088 2730 1.
1128 2682 1215 2746 qui
1255 2685 1331 2733 sic
1369 2685 1433 2734 de
1467 2686 1606 2737 Her-

536 2748 654 2800 cule
671 2765 687 2798 z
722 2751 740 2779 ‘
758 2758 814 2801 et
835 2753 1130 2806 Evandrum
1153 2760 1504 2827 ruricolasque
1520 2778 1608 2813 vo-

537 2838 643 2875 cas.
689 2827 1074 2896 constituitque
1098 2835 1213 2897 sibi,
1231 2852 1349 2901 quae
1372 2839 1607 2891 Maxima

539 2900 755 2967 dicitur,
777 2919 937 2968 aram,
960 2908 1091 2974 Hic,
1104 2911 1190 2961 ubi
1214 2927 1335 2976 pars
1358 2915 1502 2964 urbis
1537 2916 1605 2967 de

536 2974 674 3026 bove
696 2993 879 3030 nomen
898 2983 1095 3035 habet.’
1153 2989 1272 3038 Hoc
1293 2991 1444 3041 estin
1466 2993 1604 3043 Foro

537 3052 751 3106 Boario.
816 3059 1116 3128 Evandrum
1150 3070 1326 3116 tamen
1366 3084 1505 3119 aram
1541 3072 1606 3120 is-

538 3135 648 3180 tam
705 3138 1077 3201 construxisse,
1142 3147 1254 3190 non'
1301 3145 1608 3210 Herculem,

533 3220 656 3257 cum
700 3219 878 3262 nostro
928 3217 1091 3267 sentit
1137 3219 1421 3285 Dionysius
1465 3225 1611 3274 Hali-

538 3297 680 3335 carn.
704 3300 743 3336 1.
767 3294 849 3340 40.
887 3291 1075 3343 Freins.

602 3368 630 3395 ¹
663 3364 874 3416 Statoris
907 3370 1068 3436 Jovia]
1130 3374 1331 3426 Putant
1365 3391 1503 3427 nunc
1540 3395 1609 3428 ω-

539 3436 661 3487 dem
698 3455 813 3493 esse
852 3445 1043 3497 Sanctoe
1082 3452 1259 3501 Murice
1282 3456 1341 3504 de
1359 3458 1512 3519 poenis
1531 3459 1608 3507 in·

522 3514 715 3575 fernim
745 3529 927 3573 contra
966 3527 1134 3577 aedem
1167 3531 1348 3582 Vestae
1372 3533 1423 3582 iu
1449 3534 1606 3585 Pala-

533 3589 633 3642 tini
656 3595 941 3651 radicibus.
966 3603 1124 3655 Ovid.
1153 3607 1295 3658 Fast.
1326 3624 1402 3658 vr.
1422 3611 1438 3638 ‘
1454 3612 1605 3661 Tem-

535 3680 633 3733 pus
649 3670 787 3724 idem
807 3675 1031 3729 Statoris
1052 3682 1174 3743 erit,
1194 3686 1331 3747 quod
1357 3688 1604 3739 Romulus

537 3743 660 3794 olim
682 3746 822 3799 Ante
845 3753 1075 3806 Palatini
1091 3760 1329 3811 condidit
1346 3777 1437 3811 ora
1451 3766 1608 3830 jugi!

537 3823 627 3873 De
661 3839 764 3896 quo
803 3830 1006 3883 Livius:
1043 3834 1229 3887 ‘Inter
1270 3841 1382 3889 haec
1423 3846 1607 3893 consul

536 3911 717 3951 manus
761 3904 827 3952 ad
875 3911 1109 3970 praelium
1166 3917 1429 3978 attollens,
1477 3936 1606 3971 voce

537 3974 697 4039 clara,
736 3979 811 4028 ita
855 3992 911 4031 ut
959 3987 1314 4052 exaudiretur,
1354 3997 1606 4058 templum

535 4050 659 4103 ‚Iovi
691 4054 886 4106 Statori
934 4070 1109 4125 vovet,
1142 4067 1185 4113 si
1226 4070 1545 4121 constitisset
1576 4089 1607 4123 a

539 4124 665 4189 fuga
704 4131 935 4185 Romana
964 4140 1123 4201 acies,
1146 4143 1609 4213 redintegratoque

540 4204 739 4265 praelio,
761 4211 1059 4266 ‚cecidisset
1094 4217 1408 4288 vicissetque
1450 4224 1608 4289 legio-

535 4291 633 4332 nes
645 4277 990 4338 Samnitium?
1528 4319 1538 4328 ·

1750 1218 1916 1269 Paulo
1937 1223 2058 1285 post
2081 1219 2182 1270 ait:
2218 1221 2235 1249 ‘
2256 1220 2470 1270 Fabium
2500 1220 2756 1285 scribere,

1662 1295 1895 1369 bellum·
1929 1312 1962 1348 a
2014 1291 2327 1348 Samnitibus
2379 1300 2433 1348 in
2492 1300 2771 1350 Etruriam·

1682 1376 2009 1435 translatum,
2044 1383 2100 1426 et
2138 1376 2206 1425 ad
2247 1378 2519 1427 Luceriam
2557 1393 2756 1442 pugna·

1688 1460 1817 1514 tum,
1867 1453 1919 1502 in
1970 1470 2075 1520 qua
2116 1470 2291 1521 pugna
2332 1456 2484 1507 Jovis
2532 1456 2757 1506 Statoris

1688 1530 1828 1579 aedes
1851 1538 1978 1580 vota
1995 1532 2085 1593 sit,
2108 1540 2166 1581 ut
2191 1533 2438 1582 Romulus
2461 1539 2586 1582 ante
2606 1547 2759 1582 vove·

1688 1615 1787 1667 rat,
1818 1608 1908 1657 sed
1933 1607 2108 1657 fanum
2129 1615 2348 1670 tantum,
2384 1609 2435 1658 id
2458 1617 2563 1669 est,
2587 1610 2759 1659 locum

1688 1686 1884 1748 templo
1906 1684 2140 1747 effatum,
2155 1686 2270 1749 jam
2290 1693 2552 1735 sacranim
2584 1685 2760 1735 fuisse.

1690 1762 1936 1811 Ceterum
1973 1764 2070 1813 hoc
2095 1763 2477 1823 demum‘anno,
2508 1770 2570 1812 ut
2592 1763 2760 1812 aedem

1687 1837 1845 1887 etiam
1867 1837 1979 1887 fieri
2015 1846 2224 1888 senatus
2249 1839 2488 1903 juberet,
2522 1840 2603 1888 his
2629 1839 2763 1903 ejus·

1688 1918 1807 1967 dem
1833 1919 1936 1969 voti
1962 1918 2259 1969 damnatam
2281 1920 2542 1984 Rempub.
2566 1920 2622 1969 in
2646 1920 2764 1971 reli-

1688 1995 1890 2060 gionem
1914 1995 2149 2046 venisse:

1749 2074 1901 2123 AEdes
1930 2073 2140 2123 Statoris
2167 2072 2332 2141 Jovis]
2397 2073 2524 2122 Fuit
2560 2073 2619 2122 in
2657 2073 2759 2124 Oc-

1685 2155 1812 2199 tava
1864 2151 2078 2213 regione
2126 2151 2310 2199 Romae
2365 2150 2601 2214 antiquae
2623 2166 2638 2199 :
2694 2164 2759 2200 ex

1684 2225 1922 2276 Nardino
1944 2227 1981 2276 l.
2006 2240 2088 2276 vl.
2111 2240 2158 2276 c.
2184 2231 2264 2278 12.
2287 2242 2341 2290 p.
2366 2231 2485 2277 380.
2513 2227 2760 2276 Tillenos·-

1749 2310 1772 2345 1
1822 2303 2107 2368 Numoeque]
2166 2305 2439 2368 Templum
2483 2305 2666 2355 Vestae
2709 2298 2761 2356 ct

1686 2380 1874 2430 Numae
1884 2381 2030 2445 regia
2037 2380 2248 2431 fuerunt
2263 2382 2314 2429 iu
2328 2381 2539 2431 Octava
2549 2382 2759 2444 regione

1684 2457 1865 2508 Romae
1890 2459 2149 2524 antiquae:
2186 2473 2254 2508 ex
2291 2458 2339 2508 N
2346 2458 2532 2509 ardino
2570 2459 2609 2510 l.
2631 2473 2688 2509 v.
2711 2473 2758 2509 c.

1686 2539 1737 2583 5.
1761 2549 1817 2597 p.
1839 2537 1957 2586 236.
1993 2532 2235 2587 Ruemon.

1754 2611 2015 2675 Namque
2033 2612 2192 2675 regia]
2259 2613 2391 2664 Quae
2430 2612 2561 2662 alias
2605 2611 2762 2663 Curia

1687 2687 2037 2751 Pompiliana,
2081 2688 2135 2738 iu
2175 2703 2279 2754 qua
2317 2691 2602 2739 sacrarium
2648 2697 2762 2739 erat

1688 2763 2057 2830 Opeconsivae.
2734 2776 2741 2779 ”

1722 2849 1770 2893 .²
1806 2843 1929 2892 cnm
1954 2841 2258 2906 Penatibus]
2324 2844 2537 2908 Nempe
2558 2843 2760 2895 illorum

1687 2917 1825 2967 aedcs
1849 2917 2206 2983 conflagravit.
2658 2927 2665 2931 ’

1749 2996 2032 3061 Penatibus]
2062 2998 2223 3047 Varia
2245 2997 2513 3062 penatium
2535 3013 2763 3063 genera:

1688 3076 1774 3126 alii
1824 3078 2029 3127 Penates
2070 3079 2233 3129 totius
2278 3080 2483 3143 generis
2537 3078 2767 3141 humani,

1689 3156 1869 3219 quales
1903 3162 2156 3218 putarunt
2176 3169 2290 3212 esse
2313 3158 2520 3206 Pallada
2529 3159 2766 3224 summ

1687 3232 1886 3293 cethem,
1907 3234 2079 3284 Jovem
2102 3236 2307 3284 medium
2339 3236 2540 3299 ιείΙιενα,
2581 3240 2641 3285 et
2677 3235 2767 3283 Ju-

1687 3321 1854 3356 nonem
1872 3308 2089 3373 infimum
2103 3325 2123 3367 ,-
2170 3310 2257 3358 alii
2287 3312 2495 3359 Penates
2529 3301 2659 3371 coeh',
2680 3308 2766 3359 alii

1689 3389 1852 3447 terre,
1885 3386 1973 3435 alii
2000 3387 2220 3450 enjusque
2239 3387 2470 3449 civitatis,
2483 3388 2587 3437 ‘alii
2618 3386 2766 3449 cidus·

1685 3474 1776 3523 que
1796 3464 1976 3511 domas.
2158 3517 2164 3521 ⁴

1753 3536 1982 3587 Penates
2006 3539 2152 3602 istos,
2175 3539 2465 3604 dequibus
2499 3540 2588 3590 hic
2623 3540 2767 3590 Taci-

1688 3619 1789 3674 tus,
1807 3614 1930 3664 olim
1953 3617 2007 3664 in
2034 3616 2240 3666 Italiam
2256 3607 2548 3666 advexerat
2562 3618 2771 3684 AEneas',

1688 3692 2004 3757 quicumque
2028 3694 2147 3743 sint.
2746 3756 2752 3761 ,

1754 3767 1891 3817 Nam
1916 3769 2003 3817 alii
2026 3770 2228 3830 volunt,
2254 3770 2536 3833 Neptunum
2555 3774 2606 3818 et
2627 3768 2773 3833 Apol-

1686 3843 1831 3893 linem
1866 3859 2000 3907 esse,
2023 3847 2112 3909 qui
2137 3845 2311 3896 'muros
2332 3847 2509 3910 Trojae
2533 3852 2771 3896 exstrux-

1689 3920 1848 3983 erint,
1868 3921 1953 3969 alii
1987 3924 2198 3984 Vestam,
2221 3922 2311 3971 alii
2333 3923 2480 3980 alios.
2522 3951 2527 3957 ·
2549 3923 2767 3987 Dionys.

1692 3996 1865 4046 Halic.
1901 3989 2075 4047 refert
2101 4014 2158 4048 se
2181 3999 2374 4047 vidisse
2414 4002 2431 4029 ⁴
2448 3999 2580 4050 duos
2599 4002 2767 4049 hasta-

1690 4079 1770 4122 tos
1782 4074 2023 4137 juvenes,
2039 4074 2218 4123 habitu
2234 4074 2579 4135 sedentiumss
2598 4075 2767 4124 admo-

1690 4150 1813 4199 dum
1838 4153 2039 4217 antiqui
2059 4152 2250 4216 operis,
2281 4166 2404 4202 cum
2426 4150 2763 4214 hac‘inscrip-

1689 4227 1855 4291 tione,
1874 4230 2133 4292 Donnes,
2146 4244 2268 4279 cum
2289 4235 2419 4280 tunc
2442 4228 2671 4279 nofflum
2691 4225 2762 4277 iu·

1687 4312 1843 4358 venta
1862 4309 2004 4356 esset
2023 4306 2180 4366 litera
2213 4306 2281 4355 P.
2326 4315 2329 4316 ’
2464 4318 2469 4324 ’
2498 4331 2503 4336 -
2750 4327 2755 4330 ⁴
