3063 4952
320 411 416 478 [A.
432 414 499 466 U.
522 419 636 509 sla.
667 415 720 466 J.
742 415 803 467 c,
827 399 934 480 aa]

1049 412 1466 464 ANNALIUM
1517 418 1665 499 LiB·
1713 419 1875 468 XIV.

2365 412 2538 480 1763

412 557 522 622 48.
570 555 653 624 Ρ.
689 557 938 643 Mario,
972 556 1050 625 L.
1084 556 1324 626 Asinio
1356 560 1553 629 CoSS.
1631 561 1984 632 Antistius¹
2023 569 2303 650 Praetor,
2334 593 2534 657 quem

323 660 397 723 in
424 660 801 726 Tribunatu
829 662 1046 746 plebis
1077 663 1593 746 licenter-’egisse
1621 671 2009 749 memoravi,
2040 673 2366 756 probrosa
2412 675 2531 739 ad·-
2613 678 2616 681 ‘

394 861 452 912 Ρ.
482 861 658 923 Mario,
682 862 742 912 L.
765 864 931 913 Asinio
952 863 1234 925 consulibus,
1267 863 1511 914 Antistius
1522 872 1723 929 proetor,
1745 884 1881 933 quem
1913 873 2022 923 dixi
2042 875 2229 932 turbide
2249 891 2300 925 se
2320 877 2537 942 gessisse,

323 926 434 974 «lam
469 935 612 978 esset
630 928 847 979 tribunus
879 929 1051 993 plebis,
1082 930 1338 992 composuit
1365 930 1559 988 famosa
1589 935 1800 985 carmina
1828 937 1880 985 in
1905 938 2162 1004 Caesarem,
2193 942 2537 1006 publicavitquo

1258 1085 1431 1105 OOOOOO

1436 1087 1610 1109 ““““

393 1187 418 1230 1
446 1182 575 1233 Cod.
598 1185 789 1249 Ryckii
806 1184 1234 1256 cunctatum-2
1252 1196 1314 1246 In
1328 1199 1430 1248 Ms.
1454 1198 1587 1264 Reg.
1610 1205 1666 1251 et
1678 1197 1899 1248 editione
1918 1197 2172 1265 principe,
2188 1202 2535 1266 vulgatumque.

1324 1348 1535 1400 NOTAE

282 1500 287 1503 ,
327 1451 513 1510 utpote
561 1446 647 1513 qui
680 1448 984 1504 levissimum
1025 1457 1284 1510 homiuum
1306 1477 1392 1526 ge-

328 1536 426 1570 nus
484 1531 686 1574 essent:
740 1542 866 1591 quos
907 1539 961 1582 et
1001 1533 1214 1587 ‘vanos’
1258 1539 1391 1591 dixit

332 1599 532 1650 Plinius
555 1613 755 1653 xxvm.
772 1609 859 1668 8.;,
883 1616 937 1658 et
957 1610 972 1636 ‘
997 1610 1237 1664 Graecam
1261 1618 1392 1666 vani-

327 1677 513 1725 tatem’
540 1681 820 1742 appellavit
856 1697 918 1734 ιι.
953 1692 1067 1739 109.
1106 1690 1408 1745 Graeciam·‘

330 1765 431 1815 que
476 1753 492 1780 ‘
521 1754 754 1805 omnibus
806 1757 1075 1812 libidinum
1129 1767 1392 1839 illecebris

329 1829 620 1892 repletam‚'
646 1834 859 1886 tradidit
883 1839 1056 1890 Livius
1080 1843 1172 1895 lib.
1196 1859 1396 1899 xxxiv.

1471 1464 1735 1529 corporis:
1771 1479 1887 1529 quae
1912 1468 2086 1513 tamen
2125 1463 2281 1513 etiam
2313 1478 2431 1514 cum
2451 1478 2536 1514 ce·
2605 1528 2611 1532 ἧ

1471 1549 1585 1592 tero
1624 1543 1749 1591 luxu
1782 1542 1997 1590 Romam
2037 1540 2290 1603 irrupere,
2323 1541 2536 1590 Nerone

1473 1619 1765 1669 admirante
1805 1618 2070 1682 praecipue
2112 1617 2415 1667 Graeeorum
2461 1618 2538 1666 in·

1471 1696 1639 1760 genia.

1542 1774 1743 1823 Horum
1773 1772 1838 1822 ad
1878 1772 2046 1822 instar
2081 1769 2537 1833 distribuitoleum
2573 1788 2583 1793 ·

1473 1850 1736 1916 equitibus
1759 1865 1820 1900 ac
1855 1847 2193 1899 senatoribus.
2260 1848 2539 1913 Facilitate,

396 1908 618 1957 Graecos
661 1911 799 1961 luxui
843 1931 996 1979 quam
1028 1921 1259 1981 maxime>
1288 1930 1394 1975 stu·
1468 1926 1525 1987 id
1563 1935 1664 1991 est,
1701 1928 1922 1990 luxuria,
1964 1927 2195 1987 licentia,
2233 1934 2288 1976 et
2330 1926 2540 1976 lascivia

331 1983 524 2047 duisse,
547 1985 702 2038 docet
726 1990 980 2043 Firmicus
1003 1996 1274 2049 Maternus
1297 2000 1393 2051 As·

330 2061 658 2112 tronomicon
701 2065 790 2114 lib.
837 2083 883 2118 c.
926 2075 972 2119 1.
1009 2080 1065 2121 et
1125 2075 1396 2128 confirmat

330 2138 542 2187 Servius
566 2139 617 2187 in
634 2141 834 2194 AEneid.
851 2158 926 2195 vi.
949 2148 1014 2197 ad
1032 2165 1106 2199 vs.
1128 2155 1241 2203 724.
1261 2154 1397 2204 unde

334 2210 587 2264 Horatius
611 2217 720 2267 Sat.
758 2224 890 2271 11.3.
926 2223 1043 2273 ‘vel
1083 2226 1127 2274 si
1167 2229 1398 2279 Romana

330 2287 525 2354 fatiget
549 2292 743 2343 Militia
766 2306 1022 2349 assuetum
1044 2305 1297 2367 βῶσαι-ἰ]

396 2367 485 2416 De
518 2367 823 2421 Graecorum
863 2374 1068 2427 luxuria
1092 2388 1146 2428 et
1181 2381 1396 2432 levitate

333 2443 539 2494 abunde
580 2446 766 2499 Cicero
805 2450 859 2500 in
882 2452 1034 2504 Orat.
1060 2470 1153 2520 pro
1190 2456 1394 2511 Flacco.

333 2522 536 2574 Plinius
559 2539 652 2577 xv.
677 2533 724 2578 5.
748 2529 812 2580 de
847 2532 959 2582 ole'o
993 2534 1154 2584 verba
1183 2535 1395 2601 faciens,

333 2600 539 2667 inquit:
573 2604 588 2630 ‘
615 2604 778 2655 Usum
798 2607 909 2671 ejus
925 2609 989 2659 ad
1010 2605 1261 2662 luxuriam
1288 2629 1398 2664 ver·

334 2683 448 2726 tere
484 2679 682 2744 Graeci,
722 2683 959 2734 vitiorum
999 2688 1224 2738 omnium
1258 2691 1398 2754 geni-

337 2761 497 2817 tores,
521 2756 572 2804 in
599 2761 874 2821 gymnasiis
900 2762 1248 2826 publicando.’

399 2830 590 2896 Itaque
628 2849 743 2884 cum
781 2838 927 2887 Nero
967 2843 1287 2904 gymnasium
1310 2843 1397 2895 de·

334 2905 583 2971 dicasset,
605 2910 655 2959 in
688 2927 788 2976 quo
823 2928 924 2964 non
949 2916 1111 2967 solum
1148 2919 1276 2985 ipse,
1303 2918 1398 2971 sed

336 2990 392 3033 et
438 2987 639 3051 equites
684 2995 738 3038 et
781 2996 1048 3042 senatores
1087 2995 1297 3057 publice
1341 3013 1397 3048 se

335 3062 672 3125 exercebant,
697 3066 832 3129 quod
859 3074 1014 3117 antea
1035 3068 1241 3122 minime
1286 3071 1401 3122 fieri

336 3139 556 3203 solebat,
578 3142 799 3205 praebuit
832 3151 887 3194 et
926 3146 1113 3212 oleum,
1153 3165 1253 3214 quo
1293 3166 1401 3200 cor·

338 3231 468 3280 pora
499 3218 831 3285 inungerent,
867 3219 1041 3272 Groeca
1059 3223 1323 3289 facilitate,
1346 3221 1401 3276 id

337 3299 440 3356 est,
459 3301 514 3342 ut
536 3296 872 3359 interpretor,
893 3299 1229 3365 indulgentia,
1244 3305 1400 3352 licen-

338 3368 432 3433 tia,
463 3376 518 3418 et
542 3371 663 3420 luxu
695 3372 904 3438 Graeco,
928 3384 1214 3443 contraque
1237 3379 1400 3429 bonos

338 3445 704 3511 Romanosque
727 3464 912 3502 mores.
1007 3505 1009 3508 ,

403 3521 489 3571 Ita
531 3524 713 3575 scribit
754 3526 970 3579 Tacitus
1011 3530 1123 3595 ipse
1169 3532 1258 3583 lib.
1303 3547 1400 3586 xv,

338 3599 607 3649 Neronem
642 3602 806 3652 indies
842 3607 1007 3670 magis
1038 3622 1099 3658 ac
1144 3610 1305 3675 magis
1346 3610 1400 3660 in

337 3675 468 3724 vitia
512 3678 889 3743 prolabentem,
933 3682 1179 3735 ‘minime
1224 3702 1402 3738 ausum

335 3751 518 3801 Romae
562 3754 790 3819 incipere
827 3773 1027 3823 scenas,
1062 3763 1154 3812 sed
1195 3764 1402 3829 Neapo-

336 3828 446 3892 lim,
465 3834 611 3894 quasi
640 3832 874 3883 Graecam
900 3837 1080 3887 urbem
1115 3839 1403 3906 delegisse?

336 3907 600 3970 Marcellus
622 3911 862 3961 Donatus.

407 3984 582 4034 Groeca
591 3985 861 4055 facilitate]
915 3990 1085 4041 Multa
1122 3993 1218 4042 sibi
1245 3994 1404 4045 licere

340 4061 841 4127 voluerunthraeci,
866 4079 982 4131 quae
1026 4067 1283 4133 indecora,
1305 4085 1403 4121 nec

338 4147 592 4202 usurpata
638 4140 902 4206 Romanis,
945 4144 1090 4208 quasi
1139 4146 1405 4197 severiori-

336 4211 468 4274 bus3
503 4220 558 4264 et
583 4217 848 4281 praecipue
866 4234 980 4283 quae
1003 4221 1314 4284 spectabant
1337 4224 1404 4274 ad

341 4290 566 4357 theatra,
610 4294 894 4361 gymnasia,
939 4302 995 4347 et
1029 4298 1280 4352 exercitia
1317 4298 1406 4352 illa

1475 2005 1694 2066 Graeca3
1735 2011 1793 2055 ut
1814 2011 1958 2070 puto,
1976 2010 2130 2054 vocat
2150 2002 2359 2053 Tacitus
2372 2003 2540 2064 facili-

1476 2087 1627 2132 tatem
1663 2081 1939 2131 minuendo
1972 2080 2166 2143 verbis,
2200 2080 2335 2145 quod
2360 2095 2543 2131 revera

1475 2155 1727 2221 flagitium
1751 2156 1872 2219 fuit,
1887 2162 1941 2206 et
1964 2156 2209 2219 probrum
2232 2155 2414 2206 virtuti
2436 2157 2533 2207 Ro·

1475 2247 1662 2297 manae,
1681 2234 1725 2283 si
1748 2234 1802 2282 in
1836 2232 2054 2283 eundem
2087 2247 2233 2281 usum
2255 2233 2310 2282 id
2332 2239 2539 2284 vertere

1474 2309 1596 2359 boni
1620 2310 1872 2362 Quirites.

1546 2385 1743 2449 Groeca]
1794 2385 1882 2434 Ita
1922 2385 2193 2448 usurpavit
2230 2401 2432 2436 omnem
2470 2387 2539 2436 ri·

1477 2468 1588 2512 tum
1611 2461 1978 2513 Graecanicum
1999 2460 2161 2525 Nero,
2182 2466 2241 2511 ut
2262 2476 2364 2511 non
2387 2462 2539 2513 modo

1475 2547 1738 2592 matronas
1767 2541 2087 2605 puellasque,
2109 2539 2203 2589 sed
2223 2545 2296 2589 ete
2312 2540 2538 2603 virgines

1475 2621 1652 2670 Vestae
1670 2619 1735 2669 ad
1753 2618 1897 2668 illum
1922 2631 2136 2681 agonem
2156 2615 2444 2680 gymnicum
2467 2617 2544 2671 in-

1428 2737 1438 2748 .
1478 2695 1672 2757 vitarit,
1710 2709 1853 2744 more
1896 2695 2105 2757 Graeco,
2148 2699 2284 2743 teste
2326 2692 2539 2745 Sueton.

1478 2772 1607 2825 Ner.
1629 2777 1708 2822 12.
1757 2774 1773 2801 ‘
1797 2770 1882 2822 Ad
1918 2771 2227 2820 athletarum
2268 2776 2541 2834 spectacu-

1475 2850 1583 2899 lum
1626 2849 1863 2898 invitavit
1902 2854 1959 2897 et
2011 2847 2234 2910 virgines
2282 2846 2541 2908 Vestales,

1479 2928 1602 2993 quia
1651 2926 1912 2991 Olympiae
1950 2923 2155 2976 Cereris
2185 2922 2543 2976 sacerdotibus
2629 2983 2646 2992 κ

1478 3010 1718 3068 spectare
1736 3000 2075 3053 conceditur.'

1547 3082 1690 3146 Lege
1732 3087 1941 3152 cautum
2000 3085 2131 3142 erat,
2173 3094 2241 3129 ne
2298 3077 2541 3130 mulieres

1479 3158 1813 3221 Olympicum
1882 3162 2148 3206 certamen
2169 3193 2176 3194 ff
2204 3160 2538 3219 spectarent:

1478 3233 1881 3298 excipiebantur
1916 3240 2085 3281 tamen
2128 3232 2331 3282 Cereris
2392 3230 2544 3281 Anti-

1478 3309 1637 3371 stitae‚
1664 3308 1864 3373 quibus,
1900 3308 1967 3356 ob
1994 3306 2271 3357 sacerdotii
2306 3307 2547 3370 majesta-

1480 3389 1605 3446 tem,
1629 3384 2028 3447 concedebatur,
2060 3381 2209 3432 ludos
2242 3380 2544 3449 olympicos

1482 3467 1741 3526 spectare.

1549 3536 1829 3601 Facilitate]
1863 3539 2023 3588 Certe
2066 3537 2316 3589 hactenus
2359 3538 2541 3589 Romae

1482 3613 1759 3679 praebitum
1782 3613 1951 3664 oleum
1975 3614 2137 3680 plebi,
2153 3619 2213 3664 ut
2235 3630 2435 3665 annona
2459 3615 2549 3665 da·

1479 3691 1651 3754 batur,
1683 3691 1917 3756 quamvis
1954 3705 2056 3740 non
2089 3696 2193 3741 tam
2232 3689 2549 3757 frequenter,

1482 3766 1577 3817 sed
1598 3767 1801 3817 senatui
1825 3774 1916 3818 aut
1934 3768 2097 3833 equiti
2126 3783 2226 3819 non
2247 3769 2545 3833 praebitnm.

1483 3840 1561 3892 At
1581 3857 1718 3893 nunc
1742 3843 1809 3893 ob
1831 3843 1982 3894 ludos
2021 3844 2209 3896 Graeco
2246 3860 2387 3895 more
2414 3848 2551 3897 cele·

1483 3919 1675 3983 bratos,
1727 3926 1783 3970 et
1833 3921 2059 3984 thermas
2123 3921 2549 3988 gymnasiumque

1485 3996 1671 4047 eodem
1695 3996 1797 4046 ritu
1823 3996 2086 4059 dedicata,
2104 3996 2239 4054 utin
2265 4003 2430 4047 totum
2447 4012 2551 4049 ser·

1484 4080 1696 4123 varetur
1721 4074 1847 4125 ritus
1863 4074 1949 4123 ille
1992 4073 2345 4138 Graecanicas,
2382 4076 2554 4139 proebi·

1484 4153 1587 4199 tam
1608 4155 1654 4199 et
1673 4152 1821 4199 oleum
1836 4149 2021 4200 senatui
2037 4156 2083 4200 et
2104 4150 2271 4214 equiti,
2290 4148 2550 4217 facilitate,

1483 4226 1539 4277 id
1574 4234 1672 4295 est,
1699 4229 1947 4296 comitate
1987 4235 2043 4280 et
2074 4229 2369 4281 urbanitate
2402 4229 2551 4281 (ἕπω-

1484 4319 1565 4358 ca.
