3063 4952
474 354 645 455 146⁰

475 517 755 603 proviso
774 511 936 582 ante¹
963 513 1224 580 funebri
1269 516 1525 597 paratu,
1531 518 1551 548 ¹
1585 510 1699 594 qui
1732 464 2080 583 modicusj
2091 509 2239 575 fuit.

1159 370 1222 417 G·
1271 365 1635 417 CORNELII
1682 361 1939 416 'PAGITI

2361 368 2458 434 [Α.
2480 372 2548 422 U.
2571 374 2689 420 soe.

2329 510 2414 574 In
2443 531 2688 596 campo

476 627 696 687 tamen
747 619 1022 685 Μιιιιίει2
1072 610 1403 701 sepultusk
1455 618 1583 693 est,
1634 613 1805 678 adeo
1859 612 2144 739 turbidis
2195 611 2568 751 imbri-lina,¹
2609 622 2690 679 ιιι

482 806 696 873 quiantm
715 806 971 870 apparatu,
990 801 1072 867 qui
1093 801 1247 869 tenuis
1257 800 1379 861 fuit.
1445 797 1714 849 Attamen
1696 813 1746 848 ιιι
1768 813 1929 864 campo
1954 799 2140 850 Mar-tio
2162 800 2376 852 conditus
2396 803 2486 864 est,
2514 752 2694 864 pluviis

1401 946 1460 965 θ’
1467 945 1579 965 om
1582 944 1761 965 ‘Onu

541 1057 568 1102 1
603 1051 688 1102 Sic
720 1052 823 1102 Ms.
848 1052 986 1102 Flor.
1008 1049 1171 1101 editio
1202 1050 1466 1115 princeps,
1506 1048 1736 1099 Pichena
1774 1054 1831 1098 et
1871 1047 2203 1101 recentiores.
2269 1047 2335 1098 In
2370 1048 2499 1100 Mss.
2537 1041 2691 1105 Harl.

482 1118 636 1168 Bodl.
656 1117 766 1169 Jes.
789 1123 847 1167 et
869 1117 1204 1177 Puteolanus,
1244 1119 1492 1180 apparatu.
1493 1118 1592 1163 —2
1625 1113 1710 1163 Sic
1748 1115 1873 1163 Mss.
1899 1114 2038 1163 Flor.
2061 1113 2216 1164 Harl.
2239 1113 2352 1165 Jes.
2374 1094 2613 1163 l’icbena
2633 1114 2692 1163 et

486 1182 823 1234 recentior-ea.
890 1182 957 1232 In
977 1183 1083 1233 Ms.
1106 1181 1255 1233 Bodl.
1278 1186 1332 1230 et
1354 1179 1669 1230 editionibus
1688 1177 1968 1243 veteribus,
2001 1179 2203 1231 Martio.

1405 1322 1411 1328 ’
1492 1324 1711 1376 NOTAE

481 1435 548 1485 do
569 1447 695 1488 vera
713 1449 827 1500 quse
848 1434 1025 1486 Graeci
1049 1432 1399 1495 tradiderunt,
1429 1430 1547 1480 Bri-

470 1513 676 1564 tannici
709 1527 896 1577 corpus
931 1525 1095 1575 gypso
1128 1510 1291 1559 multo
1326 1507 1546 1559 oblitum

483 1604 516 1638 a
537 1590 747 1640 Nerone
769 1587 942 1652 fuisse,
961 1602 1028 1637 ne
1049 1587 1182 1635 livor
1210 1589 1493 1649 appareret
1513 1597 1545 1633 e

481 1672 708 1717 veneno:
743 1664 836 1716 sed
860 1665 1084 1729 pluviam
1103 1669 1334 1715 coortam
1354 1661 1545 1712 eluisse

484 1758 723 1808 gypsum,
755 1742 875 1791 dum
909 1741 1129 1791 cadaver
1157 1755 1254 1803 per
1275 1738 1443 1789 forum
1469 1737 1546 1787 ef-

483 1819 686 1880 fertur3
720 1817 1048 1883 omniumque
1060 1817 1221 1868 oculis
1239 1817 1406 1866 scelus
1429 1815 1549 1866 sub·

481 1898 697 1964 jecisse.

555 1975 688 2024 Haec
711 1975 960 2036 Zonaras,
992 1973 1103 2022 haec
1126 1972 1249 2022 Dio»
1269 1970 1433 2034 Scite,
1451 1971 1543 2020 sed

487 2065 670 2117 parum
694 2066 843 2101 vere:
884 2057 944 2101 ut
976 2050 1152 2100 Taciti
1192 2049 1397 2115 quidem
1430 2064 1547 2099 nar-

487 2128 623 2179 ratio
655 2134 753 2178 est.
818 2129 956 2178 Nam
993 2127 1104 2177 haec
1138 2126 1308 2176 omnia
1339 2126 1549 2191 operire

486 2219 591 2255 nox
615 2204 803 2269 potnit.
855 2204 1069 2268 Lipsius.

488 2316 496 2331 .
553 2283 626 2332 Et
655 2282 803 2332 miles
827 2280 1087 2331 assidebat
1108 2279 1281 2342 busto,
1315 2279 1403 2345 qui
1438 2280 1548 2343 ple-

487 2358 606 2409 bem
635 2363 859 2408 arceret.
906 2358 1041 2408 ‘Nec
1074 2358 1324 2408 nudatum
1359 2371 1549 2420 corpus

487 2435 544 2487 in
565 2434 698 2499 foro,
715 2435 806 2485 sed
831 2435 1194 2492 cumvestibus
1217 2434 1342 2500 ipsis
1369 2434 1551 2500 quibus

489 2514 787 2566 obvolutum
805 2513 859 2563 in
877 2514 994 2563 aula
1007 2511 1200 2576 fuerat,
1218 2512 1327 2576 igni
1344 2512 1550 2577 subjec-

488 2598 599 2641 tum
623 2597 720 2642 est.
787 2590 997 2654 Reputa
1019 2589 1207 2650 animo,
1230 2604 1381 2654 quam
1417 2588 1549 2637 acri-

489 2673 573 2717 ter
594 2666 865 2718 invehatur
876 2665 1122 2715 Tiberius
1143 2664 1196 2713 in
1219 2679 1328 2726 eos,
1345 2664 1434 2728 qui
1458 2678 1548 2712 nu-

487 2743 743 2792 (laverant
777 2756 965 2806 corpus
1004 2740 1315 2791 Germanici
1341 2741 1393 2789 in
1433 2739 1549 2790 foro

489 2817 834 2880 Antiocheno,
858 2833 1033 2881 supra.

557 2896 673 2945 Nox
693 2896 877 2959 eadem]
931 2896 995 2947 Id
1036 2900 1134 2957 est,
1172 2893 1356 2944 eadem
1394 2899 1552 2943 nocte

487 2978 705 3022 necatus
727 2971 1075 3035 Britannicus,
1097 2976 1482 3055 crematusque,
1497 2975 1554 3019 et
1603 2983 1606 2986 ’

491 3048 689 3111 Campo
719 3046 912 3096 Martio
947 3046 1210 3108 conditus,
1242 3061 1334 3094 seu
1371 3043 1423 3094 in
1447 3045 1555 3094 Au-

491 3125 630 3188 gusti
653 3125 975 3174 Mausoleum
996 3124 1189 3174 illatus.
1255 3123 1338 3172 Sic
1358 3128 1415 3173 et
1433 3138 1555 3173 mox

416 3253 421 3258 ,
489 3200 788 3266 Agrippina
841 3207 1009 3251 mater
1068 3200 1294 3250 Neronis
1348 3202 1385 3250 l.
1428 3213 1553 3252 xiv.

488 3278 505 3306 ⁴
529 3278 773 3329 Cremata
792 3285 874 3329 est
896 3284 1052 3329 nocte
1085 3278 1267 3327 eadem
1304 3278 1556 3329 convivali

488 3356 651 3417 lecto,
666 3363 723 3406 et
745 3356 977 3419 exequiis
999 3353 1222 3405 vilibus!

555 3432 570 3465 ¹
601 3434 797 3483 Ρνουὺο
819 3432 952 3495 ante]
986 3431 1367 3496 Praeparabant
1405 3432 1555 3482 simul

491 3516 551 3561 et
574 3524 827 3560 venenum
866 3514 922 3558 et
964 3508 1137 3558 funus.
1203 3510 1364 3559 Forte
1403 3524 1554 3574 rogus

491 3587 634 3637 intra
654 3586 903 3650 palatium
927 3586 1093 3650 ipsum
1117 3591 1345 3635 structus
1369 3593 1467 3638 est.

553 3662 570 3704 l
601 3663 699 3719 Qui
719 3663 947 3725 modicus]
984 3663 1141 3727 Cujus
1164 3662 1419 3713 rationem
1441 3665 1556 3728 ipse

474 3738 671 3790 ,reddit
691 3736 974 3803 infra,quia
996 3738 1272 3789 immatura
1292 3747 1347 3790 et
1371 3742 1557 3792 acerba

496 3814 681 3865 funera
710 3814 1144 3867 subtrahebantur
1165 3818 1326 3867 oculis
1347 3819 1555 3883 civium,

438 3912 441 3917 ·
493 3904 663 3954 neque
707 3889 1002 3941 laudatione
1021 3890 1228 3943 funebri
1257 3901 1350 3944 aut
1370 3910 1556 3959 magno

495 3974 746 4032 apparatu
783 3968 921 4017 cives
944 3969 1313 4022 detinebantur
1331 3988 1393 4022 eo
1413 3988 1554 4023 casu.

561 4044 697 4095 Haec
720 4044 851 4094 ratio
872 4046 923 4095 in
936 4049 1119 4111 vulgus
1134 4049 1303 4113 jacta,
1325 4050 1415 4099 sed
1435 4065 1558 4099 vera

495 4133 655 4169 causa
674 4119 791 4185 fuit,
827 4127 887 4171 ut
914 4124 1089 4174 statim
1114 4127 1257 4176 Nero
1288 4127 1557 4175 subtrahe-

496 4202 581 4247 ret
601 4196 767 4247 oculis
792 4200 973 4262 populi
996 4201 1145 4253 Rom.
1161 4217 1368 4252 causam
1385 4203 1558 4253 luctus

496 4278 553 4326 et
571 4275 857 4341 moestitiae3
890 4282 949 4329 et
965 4292 1032 4330 ne
1053 4278 1249 4332 indicia
1263 4279 1453 4331 vene'ni
1471 4294 1561 4346 ap-

1626 1435 1888 1495 parerent,
1923 1429 2044 1481 dum
2078 1444 2266 1495 corpus
2306 1429 2476 1494 palam
2498 1439 2695 1503 crema·

1628 1514 1800 1570 retur;
1836 1515 1891 1579 et
1914 1524 1980 1558 ne
2003 1523 2192 1574 pompa
2213 1508 2301 1559 illa
2323 1520 2560 1558 rumores
2581 1516 2697 1561 eser-

1624 1600 1905 1651 monesque
1929 1586 2070 1650 vulgi
2092 1585 2249 1649 magis
2272 1583 2538 1634 incitaret.

1687 1662 1713 1696 Β
1747 1664 1809 1714 In
1834 1666 2014 1728 Campo
2047 1669 2204 1714 tamen
2241 1663 2427 1712 'Martis
2461 1659 2695 1727 sepultas]

1624 1741 1747 1791 Non
1769 1747 1946 1791 tamen
1977 1742 2050 1791 ibi
2074 1740 2402 1792 combustus·
2425 1738 2532 1790 *sed
2571 1739 2697 1789 reli-

1622 1817 1758 1883 quiae
1781 1819 1889 1882 ejus
1921 1819 1974 1868 in
2009 1832 2138 1868 urna
2171 1819 2354 1880 illatae,
2392 1822 2453 1867 ut
2487 1816 2699 1882 opinor,

1624 1901 1957 1946 monumento
1979 1894 2221 1961 Augusti.
2286 1894 2494 1959 Lipsius.

1693 1974 1869 2038 Campo
1890 1978 2049 2023 tamen
2063 1970 2269 2034 Martis]
2304 1972 2527 2035 Campus
2550 1971 2698 2021 Mar-

1626 2050 1697 2100 tis
1714 2050 1913 2113 duplex
1935 2049 2057 2113 fuit,
2090 2064 2220 2099 unus
2243 2050 2349 2098 late
2373 2054 2592 2110 sumtus,
2616 2048 2698 2098 in-

1630 2134 1714 2178 ter
1746 2127 1977 2177 Tiberim
2016 2125 2242 2189 fiuvium,
2283 2125 2598 2190 Capitolium
2641 2131 2699 2175 et

1630 2203 1947 2256 Quirinalem
1979 2210 2200 2267 montes,
2234 2203 2524 2268 collemque
2560 2202 2699 2252 Hor·

1628 2282 1881 2342 tulorum;
1950 2280 2125 2345 sicque
2192 2280 2408 2330 tenebat
2469 2279 2697 2343 majores

1630 2365 1805 2424 partes
1837 2360 2087 2424 Septimae
2128 2366 2185 2410 et
2221 2361 2387 2410 Nonae
2426 2359 2699 2423 regionum

1631 2439 1808 2489 Romae
1833 2438 2056 2503 antiquae
2079 2436 2146 2487 ad
2164 2437 2489 2488 occidentem
2507 2441 2566 2487 et
2583 2449 2704 2558 sep·-

1629 2514 1965 2564 tentrionem.

1694 2592 1869 2641 Hodie
1904 2605 2023 2655 pars
2061 2595 2142 2641 est
2179 2604 2369 2655 magna
2397 2590 2585 2640 Rom
2599 2604 2699 2642 ιιιοο.

1628 2670 1789 2718 deruoe
1823 2667 1887 2717 ad
1927 2668 2253 2718 occidentem
2290 2673 2346 2717 et
2384 2666 2701 2731 septentrio·

1628 2759 1769 2808 nem,
1811 2751 1868 2794 et
1910 2746 2047 2795 inter
2098 2750 2301 2794 montes
2350 2743 2703 2807 Campedoguo,

1632 2822 1801 2871 Monte
1840 2822 2049 2887 Cavallo,
2087 2827 2135 2873 et
2161 2822 2347 2887 Pincio,
2381 2820 2700 2887 fluviumque

1640 2900 1826 2950 Tenere.
1859 2895 1868 2904 ⁰

1699 2975 1853 3027 Alter
1875 2991 1999 3028 vero
2035 2980 2241 3042 Campus
2263 2977 2461 3040 Martis,
2495 2976 2562 3026 tle
2596 2991 2704 3043 qno

1635 3052 1719 3103 hic
1762 3054 1918 3119 loqui·
1947 3053 2154 3104 videtur
2186 3054 2416 3116 Tacitus,
2461 3052 2564 3102 suit
2609 3052 2704 3106 ali-

1635 3130 1842 3196 quando
1885 3137 2036 3180 extra
2075 3132 2265 3181 moenia
2307 3131 2469 3193 urbis,
2514 3137 2704 3195 postea

1636 3219 1759 3254 vero
1793 3206 1962 3256 Nonae
2001 3207 2240 3271 regionis,
2274 3207 2327 3255 in
2365 3214 2518 3270 parte
2562 3207 2704 3258 occi·

1636 3282 1836 3332 dentali
1868 3283 2007 3333 urbis
2037 3285 2235 3333 Romae.
2302 3282 2480 3332 Hodie
2520 3290 2702 3347 partes

1634 3359 1901 3421 regionum
1927 3361 2102 3423 Campo
2137 3361 2323 3422 Marzo,
2363 3359 2486 3409 Sunt
2522 3361 2707 3411 Eusta-

1634 3435 1758 3496 chio,
1780 3435 1954 3496 Ponte,
1990 3440 2046 3483 et
2067 3434 2277 3484 Pariana
2310 3435 2364 3483 in
2387 3434 2561 3485 Roma
2575 3461 2580 3466 ·
2595 3450 2706 3486 mo-

1636 3510 1800 3559 derna
1818 3525 1991 3560 versus
2028 3512 2253 3561 medium
2276 3517 2332 3561 et
2353 3512 2705 3567 occidentem.

1634 3587 1757 3640 Fuit
1818 3604 2019 3654 quoque
2078 3591 2283 3653 Campus
2340 3591 2556 3655 Minor-,1
2577 3602 2703 3656 pars

1637 3665 1819 3729 Campi
1854 3666 2037 3715 Martii
2074 3668 2285 3735 proprie
2323 3667 2476 3731 dicti,
2510 3670 2707 3721 advoc-

1635 3742 1899 3793 cidentem
1922 3750 1978 3793 et
1999 3743 2066 3792 ad
2087 3743 2568 3796 Tiberimfluvium.
2597 3763 2614 3790 z
2641 3777 2646 3782 -

1706 3818 1881 3867 Hodie
1903 3834 2023 3883 pars
2048 3820 2263 3884 regionis
2290 3823 2440 3872 Ponte
2457 3818 2706 3873 ad'fluvi-

1639 3909 1726 3944 um
1752 3895 1939 3955 Tenere,
1960 3903 2016 3945 et
2034 3910 2195 3960 prope
2218 3903 2428 3959 pontem
2452 3897 2579 3946 Sunt
2599 3899 2707 3948 Διι-

1633 3973 1759 4034 gelo.
1824 3972 1905 4020 Ex
1928 3974 2093 4024 Roma
2116 3974 2277 4038 antiq.
2307 3973 2541 4023 Nan-dini
2571 3975 2707 4027 Lvs.

1623 4059 1684 4100 c.
1726 4054 1775 4098 6.
1815 4050 1915 4098 διο.
1958 4057 2024 4098 ιιιΔ
2055 4050 2222 4113 planis
2260 4065 2351 4099 seu
2390 4050 2706 4114 imaginibus

1638 4127 1820 4176 Romae
1842 4125 2116 4189 modernae,
2135 4140 2166 4174 a
2190 4127 2447 4190 Gregorio
2470 4126 2536 4176 de
2555 4128 2707 4178 Ruri

1636 4208 1695 4253 et
1715 4202 1919 4255 Joanne
1942 4202 2106 4254 Falda
2126 4202 2301 4309 editis,
2324 4206 2423 4257 διο.
2481 4204 2705 4308 T'illemo-

1635 4278 1761 4331 uias.
