3063 4952
452 383 640 459 m

454 557 640 619 eum4
693 549 1051 633 pugionem
1107 549 1287 632 apud
1344 545 1735 632 capitolium
1796 550 2140 630 sacravit:
2193 551 2669 639 inscripsitque

457 669 619 719 Jovi
695 659 1038 716 vivmcl.⁸
1133 651 1214 715 In
1268 671 1569 735 praesens
1619 651 1796 717 haud
1851 654 2389 720 animadversum
2408 656 2455 722 :b
2510 662 2673 743 post

457 771 644 822 arma
688 755 732 820 J
739 758 854 820 ulii
899 755 1232 832 Vindicis,
1288 754 1377 818 ad
1423 757 1804 838 auspicium
1851 765 1921 819 et
1972 759 2372 841 praesagium
2431 760 2667 826 futurae

455 862 747 925 ultionis⁰
776 860 1167 923 trahebatur.
1259 859 1548 943 Reperio
1582 862 1646 922 in
1677 862 2161 925 commentariis
2205 862 2509 941 SenatuS,
2545 860 2671 927 Ce-

454 963 685 1028 rialem
719 962 1052 1040 Anicium,
1084 960 1444 1026 Consulem
1473 962 1916 1045 designatum,
1945 982 2069 1047 pro
2100 967 2421 1028 sententia
2459 964 2673 1031 dixis-

1151 407 1218 455 0.
1264 402 1626 453 commun
1671 402 1929 454 ΤΑΟΙἸἾ
2347 411 2530 478 [mu.
2553 417 2687 468 ⁸19.-

461 1130 605 1181 Nero
620 1131 742 1180 hm
756 1131 972 1193 gladium
987 1131 1166 1180 dicavit
1183 1130 1236 1179 ia
1259 1129 1511 1193 Capitolio,
1535 1135 1583 1179 et
1606 1128 1847 1192 inscripsit
1864 1141 1995 1178 ,10ιί
2019 1141 2258 1179 vxnmci.
2298 1131 2436 1184 Quod
2455 1134 2569 1180 tunc
2581 1144 2677 1179 non

456 1197 719 1258 admtere,
738 1198 819 1245 sed
853 1201 956 1260 post
989 1200 1210 1244 exortum
1232 1194 1402 1243 bellum
1436 1196 1567 1243 aaliz·
1597 1194 1830 1254 Vindicis,
1862 1196 1992 1244 velat
2023 1209 2157 1243 omen
2176 1199 2226 1243 et
2245 1201 2478 1244 ostentum
2487 1193 2673 1255 [κίκι-ω

456 1260 678 1312 vindictae
700 1261 1146 1325 interpretabantur.
1222 1262 1413 1310 Invenio
1431 1264 1557 1324 opud
1571 1261 1698 1309 Acta
1718 1266 1928 1322 motus,
1955 1261 2191 1309 Cerialem
2209 1260 2438 1309 Anicium
2455 1262 2680 1324 designa·

1390 1387 1444 1406 ‘O
1450 1387 1745 1407 OOOOOOOOO

460 1485 621 1524 mero.
668 1473 1006 1538 Puteolanus,
1044 1476 1418 1538 mensisque—4
1451 1474 1556 1523 Ms.
1596 1472 1727 1539 Reg.
1761 1473 1861 1539 ipse
1901 1474 2143 1525 eninm-5
2185 1473 2253 1523 Ut
2286 1473 2439 1524 abest
2472 1489 2505 1523 a
2544 1472 2682 1524 Mss-

1458 1589 1680 1641 No'rAE

463 1695 666 1760 gionem
719 1699 914 1762 templo
960 1700 1151 1749 Salutis
1199 1700 1251 1748 in
1300 1695 1529 1762 Etruria,

463 1774 573 1824 sive
611 1780 671 1824 nt
714 1776 801 1825 alii
838 1777 1122 1838 tradidere,
1145 1778 1411 1836 Fortunae,
1435 1777 1529 1825 Fe-

462 1855 681 1903 rentano
725 1855 776 1902 in
818 1856 1008 1919 oppido
1054 1855 1388 1917 detraxerat,'
1428 1859 1526 1905 ὅτε.

465 1929 573 1979 Cur
595 1932 845 1995 templum
880 1933 1066 1996 Saluti,
1086 1933 1128 1981 si
1143 1933 1253 1996 jam
1278 1933 1530 1997 templum

465 2006 654 2056 Salutis
677 2007 782 2057 fuit
803 2024 867 2057 eo
892 2010 1023 2072 loco,
1047 2025 1113 2059 ex
1134 2025 1232 2073 quo
1259 2011 1530 2074 pugionem

465 2085 717 2148 promsit?

532 2160 634 2210 Sed
656 2163 769 2212 haec
790 2163 960 2213 omnia
994 2180 1086 2228 per
1110 2165 1533 2227 assentationem,

465 2253 579 2302 quae
611 2253 672 2288 eo
711 2239 867 2288 citius
896 2255 1015 2289 mox
1048 2241 1406 2304 obliterantur,
1429 2254 1531 2305 quo

466 2316 518 2365 in
544 2331 775 2381 praesens
798 2316 1103 2383 flagrantior
1125 2328 1203 2370 cst
1225 2320 1474 2369 adulatio.

533 2394 649 2443 Nec
692 2397 1069 2446 conveniebant
1104 2399 1262 2447 etiam
1302 2404 1431 2458 tum,
1467 2411 1535 2447 an

454 2480 534 2539 gx
563 2473 757 2537 templo
781 2474 1024 2525 Fortunae
1042 2478 1333 2541 accepisset
1354 2474 1535 2541 pugio·

470 2563 614 2598 nem:
641 2558 695 2599 et
715 2559 1084 2614 assentatores,
1108 2561 1167 2604 nt
1183 2553 1300 2603 falsi
1317 2561 1371 2603 et
1392 2562 1553 2603 men-⁸

467 2625 640 2688 daces,
681 2627 757 2676 ita
801 2616 981 2692 p⁸arum
1025 2645 1290 2679 memores.
1372 2622 1534 2679 Modo

470 2703 766 2768 adnientur,
787 2721 968 2770 parum
993 2708 1229 2756 interest.

532 2790 551 2813 ²
581 2781 726 2845 Apud
772 2784 1062 2847 Capitolium
1104 2785 1334 2849 sacravit]
1405 2787 1533 2835 Ritu

466 2858 651 2921 veteri,
673 2866 728 2908 et
750 2868 982 2924 recepto.
1019 2863 1229 2913 Sueton.
1254 2864 1364 2913 Cal.
1386 2877 1433 2912 c.
1450 2852 1533 2913 2‘4.

464 2933 480 2961 ‘
500 2933 633 2982 Tres
657 2936 852 2997 gladios
873 2938 926 2985 in
960 2953 1142 2988 necem
1167 2955 1312 2989 suam
1338 2956 1538 3004 praepa-

469 3016 628 3071 ratos,
670 3011 833 3060 Marti
895 3014 1075 3076 ultori,
1119 3014 1300 3065 addito
1347 3018 1538 3081 elogio,

469 3086 830 3136 consecravit!
894 3089 1040 3139 Idem
1104 3092 1320 3142 Vitellio
1364 3108 1409 3144 c.
1456 3099 1536 3145 10.

466 3164 485 3192 ‘
512 3163 803 3228 Pugionem
837 3182 937 3232 qno
978 3183 1031 3218 se
1072 3169 1214 3220 otho
1248 3168 1536 3233 occiderat,

468 3239 530 3290 in·
580 3241 1018 3308 Agrippinensem
1090 3247 1345 3296 coloniam
1398 3247 1541 3297 misit

469 3317 632 3369 Marti
679 3322 1066 3372 dedicandum!
1133 3325 1234 3373 Dio
1284 3326 1334 3373 in
1376 3325 1542 3375 Anto-

470 3397 595 3447 nino
644 3398 942 3449 Caracalla:
998 3401 1107 3450 ‘Et
1158 3403 1404 3466 gladium,
1442 3418 1543 3468 quo

470 3468 685 3524 fratrem
709 3476 995 3542 occiderat,
1017 3478 1194 3528 dicare
1230 3480 1350 3529 Deo
1390 3494 1543 3529 ausus

473 3548 590 3599 est?
1139 3563 1150 3569 '

507 3623 641 3673 ·Sed
692 3631 747 3675 ct
801 3628 940 3692 apud
985 3631 1218 3694 Graecos,
1267 3633 1539 3698 Olympias

470 3700 749 3766 ‘gladium,
788 3718 890 3768 quo
932 3721 1024 3755 rex
1064 3707 1389 3776 (Philippus)
1426 3726 1542 3775 per-

472 3788 652 3828 cussus
702 3786 833 3840 erat,
892 3780 1158 3846 Apollini,·
1188 3787 1283 3835 snb
1336 3788 1543 3836 nomine

472 3853 749 3919 Myrtales,
771 3860 1132 3922 consecravit,’
1151 3863 1224 3912 ait
1244 3864 1498 3915 Justinus.

536 3932 886 3983 Tertullianus
922 3938 1134 3998 pulchre
1172 3941 1236 3988 de
1263 3941 1544 3990 Resurrec-

475 4006 616 4065 tione
640 4011 842 4058 carnis:
868 4013 885 4038 ‘
913 4010 1133 4062 Gladius
1159 4015 1290 4064 bene
1312 4015 1380 4064 de
1406 4017 1541 4065 bello

472 4091 737 4150 cruentus,
760 4093 816 4135 et
839 4090 1016 4137 melior
1037 4089 1313 4155 homicida,
1335 4092 1540 4140 laudem

473 4172 615 4209 suam
633 4165 1025 4215 consecratione
1048 4166 1328 4231 pensabit.'
1370 4167 1508 4231 Lips.

539 4240 563 4267 ⁸
595 4235 936 4304 Inscripsitque
966 4242 1081 4291 Jooi
1109 4243 1324 4307 Vindici]
1358 4245 1542 4294 Malim

476 4311 730 4377 singulari
756 4322 883 4366 nota
907 4316 962 4369 J.
994 4317 1221 4371 Vindici.
1288 4318 1379 4371 Sic
1402 4321 1544 4372 enim

1610 1698 1674 1749 ad
1722 1697 2030 1763 praesagium
2073 1706 2129 1749 et
2166 1698 2450 1763 auspicium
2486 1696 2683 1748 futurae

1611 1775 1841 1837 ultionis,
1865 1789 1925 1826 ac
1947 1774 2079 1826 Julii
2119 1775 2356 1825 Vindicis
2391 1789 2580 1825 nomeu
2622 1789 2684 1824 ac

1610 1867 1712 1915 res,
1733 1852 1936 1904 facilius
1962 1853 2097 1902 trahi
2126 1852 2335 1901 tandem
2378 1857 2688 1916 potuerunt.

1610 1930 1937 1980 Booekoraius.

1678 2004 1702 2039 ὓ
1735 2007 1799 2056 In
1847 2021 2055 2071 proeseas
2109 2006 2235 2055 houd
2281 2004 2707 2080 quimdeersun]

1611 2086 1785 2135 Multa
1806 2085 1890 2134 hic
1922 2085 2057 2133 male
2079 2099 2141 2133 ac
2174 2085 2362 2133 misere
2392 2084 2583 2133 miscet
2602 2099 2696 2149 op-

1613 2163 1769 2213 timus
1810 2163 2059 2210 Maurus:
2112 2161 2201 2210 sed
2245 2175 2396 2209 error
2427 2162 2693 2225 capitalis,

1612 2235 1846 2287 Vindicis
1876 2242 2073 2286 motum
2112 2237 2361 2298 assignari
2400 2251 2558 2299 anno,
2583 2253 2690 2302 quo

1614 2313 1727 2365 Caii
1749 2312 2025 2377 Vipsanius
2046 2317 2102 2361 et
2123 2313 2372 2368 Fonteius
2398 2314 2549 2364 Coss.
2576 2312 2691 2363 fue-

1615 2398 1756 2441 runt.

1681 2470 1816 2520 Nam
1851 2468 1939 2520 nbi
1978 2469 2273 2534 Suetonius,
2296 2469 2311 2497 ‘
2335 2469 2452 2534 ipso
2476 2468 2564 2520 die
2586 2486 2691 2536 quo

1613 2555 1834 2598 matrem
1851 2547 2155 2609 occiderat?
2166 2562 2273 2596 non
2289 2546 2417 2596 diem
2435 2548 2692 2612 intelligit

1614 2625 1773 2675 etiam
1797 2625 2033 2690 ejusdem
2080 2627 2222 2686 anni,
2258 2620 2359 2690 q'uo
2392 2624 2694 2690 Agrippina

1616 2703 1900 2766 trucidata,
1937 2702 2030 2752 sed
2075 2700 2229 2766 idem,
2258 2703 2366 2766 qui,
2401 2717 2539 2752 nono
2574 2709 2697 2768 post

1615 2792 1766 2837 anno,
1792 2779 2020 2842 redibat,
2044 2780 2102 2829 C.
2121 2780 2248 2829 Silio
2266 2780 2458 2829 Italico
2484 2781 2562 2829 M.
2585 2779 2697 2831 Ga-

1615 2857 1745 2906 lerio
1781 2857 2047 2907 Trachalo
2094 2857 2240 2907 Coss.
2324 2856 2486 2907 Nulla·
2526 2857 2695 2922 igitur

1619 2937 1721 2985 ista
1742 2934 1936 2984 oblivio
1954 2936 2138 2986 Taciti.
2210 2937 2495 2987 Gronovius.

1632 3023 1639 3029 ’
1680 3020 1703 3046 ⁰
1739 3014 1941 3063 Futuroe
1983 3014 2208 3078 ultionis]
2264 3015 2430 3066 Quasi
2479 3015 2697 3064 tandem

1617 3092 1766 3141 Deus
1790 3091 1874 3141 cui
1908 3099 2204 3141 sacraverat
2229 3093 2524 3156 pugionem,
2558 3093 2699 3142 ultu-

1619 3184 1705 3218 rus
1730 3175 1870 3218 esset
1892 3169 2056 3232 ipsius
2088 3169 2340 3234 facinora,
2373 3172 2698 3236 sceleraque.

1625 3246 1758 3294 Post
1801 3261 1942 3294 arma
1986 3252 2130 3295 mota
2183 3247 2439 3310 Vindicis,
2483 3246 2700 3297 tandem

1623 3330 1813 3372 nomen
1855 3322 1981 3372 illud
2035 3322 2088 3373 in
2134 3324 2440 3387 praesagium
2484 3323 2701 3373 ultionis

1622 3399 1921 3450 trahebant.

1685 3477 1773 3527 Sic
1814 3477 1954 3541 apud
1993 3478 2135 3527 Suet.
2159 3477 2226 3527 de
2261 3477 2443 3526 eodem
2480 3477 2702 3528 Nerone

1622 3558 1703 3604 46.
1735 3555 1752 3583 ‘
1777 3554 1908 3605 Cum
1945 3567 2010 3603 ex
2051 3554 2284 3604 oratione
2323 3555 2459 3618 ejus»,
2496 3571 2603 3620 qua
2645 3556 2701 3606 in

1620 3630 1896 3682 Vindicem
1940 3632 2240 3695 perorabat,
2288 3633 2604 3682 recitaretur
2644 3633 2704 3682 in

1622 3714 1828 3771 senatu,
1853 3711 2063 3759 daturos
2098 3724 2278 3774 poenas
2313 3711 2618 3775 sceleratos,
2637 3716 2704 3763 a'c

1624 3786 1783 3836 brevi·
1809 3787 2018 3851 dignum
2056 3788 2252 3836 exitum
2285 3785 2537 3850 facturos,
2574 3802 2703 3838 con-

1625 3865 1904 3914 clamatum
1928 3873 2006 3914 est
2027 3863 2094 3913 ab
2118 3865 2391 3927 universis,
2412 3866 2497 3914 Tu
2517 3864 2708 3932 facies,

1625 3943 1896 4005 Auguste*

1689 4023 1823 4072 Quae
1871 4036 1968 4070 vox
2028 4020 2082 4068 in
2139 4034 2291 4070 omen
2336 4025 2560 4084 accepta
2598 4026 2705 4087 est,

1624 4098 1771 4163 quasi
1803 4099 2088 4148 sceleratus
2110 4096 2226 4161 ipse
2249 4097 2397 4147 Nero
2432 4096 2581 4147 brevi
2610 4097 2705 4148 da-

1625 4180 1771 4224 turus
1813 4180 1956 4225 esset
1998 4187 2209 4240 poenas:
2266 4174 2404 4241 quod
2449 4180 2506 4226 et
2549 4173 2703 4227 brevi

1625 4250 1866 4315 contigit.
