3063 4952
521 412 700 483 1870
1224 429 1293 478 c.
1335 425 1702 478 coenant
1724 423 2004 475 -rAcrrr
2396 429 2496 498 μ,
2517 431 2588 485 υ.
2620 436 2738 487 01⁶,

610 576 722 643 20.
767 575 943 643 Exin
993 573 1315 642 Claudius
1371 574 1789 652 Timarchus,
1840 571 2226 651 Cretensis,⁸
2275 590 2436 637 reus
2496 573 2736 655 agitur,

526 682 767 746 ceteris
814 666 1243 758 criminibuS,¹¹
1287 686 1358 744 ut
1408 679 1624 744 solent
1668 675 2026 761 praevalidi
2083 676 2622 759 provincialium,
2672 680 2747 742 et-

527 784 772 867 opibus
789 784 1009 848 nimiis
1038 782 1126 848 ad
1155 781 1436 866 injurias
1458 783 1786 845 minorum
1806 779 2000 844 elati:
2031 797 2164 842 una
2178 797 2319 843 vox
2346 778 2494 862 ejus
2522 798 2742 862 usque
2828 827 2833 831 .

529 886 617 951 ad
645 886 1105 951 contumeliam
1136 884 1420 949 Senatus
1459 888 1938 967 penetraverat,
1971 880 2150 965 quod
2185 879 2589 961 dictitasset,
2619 884 2642 915 ‘
2668 882 2745 945 in

530 1006 658 1052 sua
712 994 1043 1071 potestate
1091 985 1330 1065 situm,i
1391 1007 1479 1052 an
1538 986 2084 1072 ProconsulibuS,
2137 986 2252 1070 qui
2302 983 2575 1050 Cretam
2625 984 2745 1050 ob-

529 1090 900 1183 tinuissent,
965 1087 1212 1172 gratesj
1280 1089 1665 1173 agerentur.’
1754 1088 1980 1169 Quam
2041 1089 2461 1152 occasionem
2509 1087 2747 1154 Paetus

597 1256 773 1307 Postea
797 1257 1022 1307 Claudias
1048 1257 1327 1307 'Pirum-chus
1351 1258 1592 1308 Cretensis
1627 1260 1879 1306 accusatur
1914 1253 2126 1303 omnibus
2155 1253 2420 1315 sceleribus,
2438 1253 2610 1317 quibu
2640 1269 2749 1305 con-

531 1336 722 1372 suevere
739 1324 1051 1384 potentissimi
1068 1324 1448 1385 provimialium,
1485 1328 1535 1370 et
1572 1320 1735 1371 nimiis
1755 1320 1939 1370 divitiis
1955 1319 2200 1368 abutentes
2216 1320 2267 1367 in
2288 1319 2490 1367 aliorum
2511 1323 2750 1369 conem-

534 1387 648 1436 lias.-
683 1400 779 1435 una
798 1403 891 1436 vox
919 1388 1049 1436 iliius
1068 1402 1211 1451 usque
1244 1390 1306 1436 ad
1340 1387 1560 1451 probrum
1590 1391 1783 1451 patrum
1819 1388 2117 1449 proruperat,
2156 1385 2276 1447 quod
2300 1383 2554 1445 jactasset,
2578 1384 2633 1432 in
2656 1398 2753 1434 suo

533 1451 753 1505 arbitrio
776 1453 1000 1515 positum
1020 1467 1133 1511 esse,
1157 1467 1222 1502 an
1245 1453 1422 1515 gratiae
1444 1451 1816 1501 exhiberentur
1851 1449 2261 1514 proconsulibus,
2282 1449 2372 1513 qui
2399 1449 2614 1498 Cretam
2638 1463 2754 1498 rex-

532 1516 713 1568 issent.
782 1518 940 1573 Quam
960 1518 1239 1575 occasionem
1261 1518 1429 1567 Poetas
1454 1516 1662 1566 Thrasea
1681 1514 1884 1580 flectens
1902 1515 1964 1564 ad
1991 1506 2251 1564 utilitatem
2273 1514 2539 1579 publicam,
2559 1513 2644 1564 abi
2659 1529 2750 1578 pro

1539 1664 1752 1716 NOTAE

532 1776 718 1842 legatis
733 1781 815 1829 11.
848 1777 982 1829 Vide
1007 1795 1124 1844 quae
1147 1779 1323 1830 notavi
1346 1780 1414 1831 ad
1431 1781 1602 1845 legem

538 1855 776 1919 Papiam,
796 1857 939 1905 Lm.
1003 1857 1212 1921 Lipsius.

603 1932 683 1981 Ne
697 1933 979 1995 mrpandis
993 1934 1200 1996 quidem]
1223 1934 1450 1983 Coelibes
1466 1934 1603 1983 enim

538 2020 608 2056 ex
630 2013 942 2056 testamento
964 2009 1089 2058 nihil
1126 2024 1316 2074 capere
1339 2017 1607 2075 poterant,

537 2083 638 2135 nisi
675 2085 909 2147 proxime
935 2086 1256 2149 junctorum.
1325 2087 1459 2138 Orbi
1480 2103 1606 2140 vero

540 2159 828 2211 dimidium.
897 2163 1126 2214 Piehena.
1227 2213 1234 2219 .

607 2234 631 2267 f
672 2238 1077 2302 Hoereditatibus]
1123 2242 1326 2305 Nempe
1361 2242 1609 2303 arcebans

541 2317 630 2362 tur
651 2312 767 2363 orbi
790 2320 845 2362 et
881 2315 1090 2365 coelibes
1123 2316 1513 2368 haereditatibus
1554 2324 1612 2373 et

540 2390 751 2453 legatis,
785 2393 928 2454 quasi
952 2391 1150 2457 indigui
1179 2393 1494 2458 9pibus‚qui
1533 2393 1611 2445 fa-

541 2466 739 2524 miliam
763 2470 999 2533 posteris,
1021 2476 1077 2520 et
1097 2469 1360 2536 Rempnb.
1399 2472 1611 2537 inopem

543 2545 731 2600 civium
744 2547 1024 2613 orbamque
1039 2548 1416 2613 relinquebant.
1453 2549 1612 2602 Quod

542 2630 718 2672 tamen
732 2628 912 2680 contra
928 2624 1231 2686 eveniebat3
1255 2639 1372 2675 nam
1392 2626 1469 2675 illi
1486 2640 1613 2690 opu*

542 2699 673 2750 lenti
697 2698 830 2763 orbi,
852 2700 988 2751 dona
1006 2701 1213 2751 hamata
1235 2701 1456 2766 plurima
1477 2703 1612 2751 acci-

543 2775 762 2840 piebant
806 2790 837 2826 a
878 2777 1237 2841 captatoribus
1273 2781 1614 2836 testamento-

546 2866 682 2905 rum.

609 2935 635 2973 s
659 2928 920 2993 Cretensis]
953 2931 1112 2981 Creta
1136 2930 1300 2980 insula
1320 2929 1478 2981 maris
1499 2931 1614 2980 Me-

546 3003 850 3069 diterranei,
888 3005 954 3053 ad
991 3006 1243 3056 orientem
1266 3012 1322 3055 et
1343 3006 1612 3056 meridiem

547 3079 773 3130 Graeciae
813 3079 1055 3145 regionis.
1123 3082 1525 3147 Hodiecaudie,
1561 3084 1614 3139 in

545 3155 766 3206 Turcico
800 3155 1018 3221 imperio
1042 3159 1331 3222 Europaeo:
1367 3160 1421 3208 in
1443 3174 1506 3209 ea
1539 3160 1615 3209 in·-¹

549 3233 662 3281 sula
693 3232 862 3283 adhuc
886 3234 1081 3299 aliquid
1116 3236 1348 3299 possidet
1381 3237 1615 3300 Respub-

545 3309 648 3358 lica
670 3310 890 3359 Veneta.
963 3311 1282 3364 Tillemoaius.

613 3384 636 3416 Β
673 3386 982 3451 Criminibus]
1025 3388 1225 3442 Quibus
1264 3389 1409 3454 argui
1445 3391 1617 3444 solent

547 3461 912 3526 potentissimi,
956 3478 1047 3514 seu
1084 3465 1463 3528 opulentissimi
1500 3481 1619 3531 pro·

550 3536 840 3586 vincialium
861 3555 875 3599 ;
900 3539 972 3588 sic
997 3548 1078 3589 est
1099 3540 1363 3605 ingenium
1380 3542 1618 3604 hominis,

550 3621 608 3674 ut
647 3614 835 3678 opibus
875 3617 1135 3677 abutatur,
1175 3619 1366 3681 saepius
1401 3619 1455 3668 in
1478 3619 1614 3683 inju-

550 3691 678 3740 riam
718 3689 1052 3741 inferiorum:
1108 3707 1219 3743 raro
1245 3695 1295 3742 in
1320 3694 1615 3745 beneficen-

551 3765 697 3828 tiam,
721 3775 812 3824 aut
836 3767 1026 3816 bonum
1054 3768 1338 3830 publicum.

612 3842 626 3875 ἱ
663 3844 800 3899 Quod
830 3845 1094 3893 dictitasset
1120 3845 1173 3894 in
1192 3861 1279 3895 sua
1296 3851 1534 3910 potestate
1554 3848 1618 3896 si-

547 3917 673 3981 tum]
706 3920 1153 3971 Quemadmodum
1177 3923 1221 3971 si
1245 3923 1333 3986 qui
1360 3925 1621 3987 consuleS,

550 4005 640 4048 aut
664 4005 932 4062 praetores,
949 4015 1039 4049 seu
1066 4004 1401 4064 proconsules
1426 4009 1481 4051 et
1501 4018 1621 4065 pro-

551 4081 805 4138 praetores
825 4077 1109 4139 provinciis
1149 4077 1411 4142 praefecti,
1446 4080 1625 4144 inillis

553 4149 973 4202 administrandis
992 4153 1114 4217 quid
1137 4155 1504 4220 deliquisseut3
1541 4169 1627 4219 pe-

553 4226 772 4290 culatus,
821 4232 1245 4295 repetundarum,
1283 4232 1366 4281 vel
1412 4232 1624 4282 alterius

554 4302 778 4364 criminis
801 4319 833 4354 a
853 4306 1276 4372 provincialibus,
1301 4322 1456 4373 perae
1464 4316 1515 4382 ta
1537 4308 1625 4365 ad,

1681 1778 2074 1843 ministratione,
2102 1778 2279 1828 Romae
2312 1775 2752 1841 postulabantur:

1681 1858 1761 1908 ita
1780 1857 1823 1906 si
1846 1856 2040 1906 eisdem
2062 1853 2457 1916 satisfecissent,
2487 1853 2541 1923 iq
2559 1853 2753 1904 disces·

1683 1948 1741 1982 su
1764 1932 1867 1982 illis
1887 1933 1940 1982 in
1960 1932 2179 1983 concilio
2221 1931 2618 1996 provincialium
2641 1946 2754 1995 gra-

1683 2011 1773 2061 tiae
1796 2010 2111 2073 agebantur:
2161 2008 2300 2073 quod
2320 2015 2377 2057 et
2403 2008 2581 2056 Romae
2601 2009 2658 2057 in
2680 2006 2755 2057 rei

1684 2090 1821 2143 bene
1856 2094 1990 2138 actae
2032 2085 2402 2148 testimonium,
2437 2100 2536 2149 per
2573 2086 2754 2135 literas

1686 2166 1771 2215 vel
1792 2166 1994 2228 legatos
2016 2163 2396 2227 significabant.

1752 2240 2130 2292 Accusatorum
2168 2241 2409 2303 exempla
2449 2240 2642 2303 passim
2669 2240 2753 2290 ha·

1688 2319 1870 2368 bemus
1893 2317 2031 2381 apud
2065 2317 2311 2366 Tacitum
2333 2322 2390 2365 et
2410 2316 2638 2381 Livium,
2670 2316 2756 2367 ali-

1695 2409 1853 2459 osque
1876 2396 2027 2444 Rom.
2047 2392 2277 2443 historiae
2303 2393 2609 2456 scriptores.

1759 2470 1914 2525 Quod
1951 2486 2076 2522 vero
2095 2470 2193 2534 bis,
2214 2470 2302 2537 qui
2330 2469 2464 2521 bene
2495 2486 2550 2520 se
2575 2470 2759 2537 gessis-

1692 2552 2009 2611 sent,grates
2050 2554 2350 2612 agerentur,
2394 2562 2461 2597 ex
2502 2548 2607 2598 hoc
2649 2549 2758 2598 loeo

1691 2631 1860 2688 patet,
1900 2640 1996 2674 nec
2040 2639 2142 2674 non
2187 2639 2254 2674 ex
2286 2624 2419 2674 Livii
2453 2624 2633 2675 verbis
2667 2624 2760 2675 lib.

1693 2713 1900 2752 xxxin.
1935 2702 1950 2732 ⁴
1969 2701 2265 2754 Placentini
2283 2701 2760 2766 Cremonensesque

1693 2778 2006 2829 addiderunt
2037 2778 2292 2842 favorem,
2326 2780 2531 2830 consuli
2568 2780 2761 2844 gratias.

1693 2863 1945 2920 agentes‚·
1979 2862 2561 2919 commemorantesque,
2632 2855 2763 2906 obsi·

1694 2933 1852 2983 dione
1884 2949 1942 2990 se
1982 2948 2098 2984 esse
2146 2934 2212 2984 ab
2257 2948 2320 2983 eo
2357 2931 2763 2995 liberatos,'&c.

1693 3011 1951 3060 Marcellus
1971 3011 2207 3060 Donatus.
2608 3005 2615 3010 ’

1762 3090 1822 3137 In
1841 3103 1925 3138 sua
1943 3092 2177 3151 potestate
2192 3085 2361 3148 sitm]
2411 3087 2622 3150 Nempe
2646 3087 2767 3153 quia

1694 3163 1878 3226 opibus
1913 3170 1968 3213 et
1991 3162 2306 3213 auctoritate
2330 3176 2422 3211 sua
2445 3162 2621 3225 potuit
2658 3162 2766 3211 abs-

1697 3245 1896 3292 terrere
1931 3240 2226 3303 populares,
2261 3254 2327 3288 ne
2366 3238 2768 3302 proconsulibus

1697 3315 1968 3378 provincia
2010 3313 2386 3366 decedentibus
2431 3322 2614 3377 grates
2657 3328 2768 3378 age-

1695 3398 1848 3453 rent3
1882 3407 1999 3456 quae
2035 3392 2218 3455 gratim
2243 3391 2367 3454 ipsis
2406 3391 2614 3453 relatae,
2637 3397 2694 3441 et
2717 3392 2767 3439 in

1695 3475 1955 3519 conventu
2025 3467 2436 3532 provincialium,
2488 3474 2545 3516 et
2613 3468 2769 3518 etiam

1697 3543 1837 3608 apud
1862 3551 2096 3594 senatum
2122 3558 2216 3607 per
2240 3545 2437 3606 legatos
2460 3543 2769 3607 provinciae.

1765 3622 1812 3670 N
1819 3634 1880 3669 ec
1899 3620 2061 3669 solum
2096 3619 2187 3668 ille
2223 3617 2539 3683 praevalidus
2558 3619 2773 3682 provin-

1696 3695 1845 3745 cialis
1867 3696 2041 3759 potuit
2073 3693 2299 3758 efficere,
2321 3700 2379 3744 ut
2413 3708 2517 3743 non
2556 3710 2775 3760 ageren-

1698 3780 1785 3822 tur
1805 3777 1979 3836 grates
2018 3771 2432 3835 proconsulibus,
2471 3772 2570 3821 sed
2612 3773 2774 3822 etiam

1699 3864 1765 3898 ne
1812 3849 1914 3912 ipsi
1950 3850 2222 3912 peculatus
2253 3855 2310 3897 et
2332 3847 2567 3897 'aliorum
2605 3848 2773 3897 crimi-

1700 3941 1821 3975 num
1845 3926 2238 3990 postularentur
2276 3926 2356 3975 vel
2390 3924 2775 3987 interrogaren-

1705 4009 1809 4053 tur.
1893 4001 2080 4051 Potuit
2124 4016 2218 4065 pro
2265 4001 2415 4051 libito
2460 4002 2773 4060 alterutrum

1703 4078 1874 4127 moliri
1897 4085 1954 4129 et
1977 4076 2247 4142 perficere.
2644 4084 2663 4096 ’

1767 4154 1786 4199 l
1819 4153 2019 4216 Grates]
2054 4155 2175 4204 Non
2195 4154 2358 4204 solum
2377 4154 2774 4216 proconsulibus

1704 4229 1879 4296 grates
1917 4231 2146 4296 agebant
2181 4230 2330 4291 socii,
2351 4229 2447 4279 sed
2478 4231 2641 4281 etiam
2685 4230 2769 4280 ali-

1702 4310 1908 4375 quando
1932 4309 2131 4382 templa
2149 4314 2397 4363 statuere.
