3063 4952
559 425 736 494 1970

555 587 897 675 long-inqui
927 587 1099 652 ruris
1128 604 1465 652 secessum
1522 588 1877 667 oravisse,⁷
1907 593 1995 667 et,
2047 594 2416 674 postquam
2443 611 2583 657 non
2616 613 2776 658 eou-

554 692 941 771 cedebatur,
988 690 1144 754 ficta
1171 689 1573 769 valetudine,
1623 692 1821 775 quasi
1876 710 2060 774 aeger
2101 695 2350 773 nervis,
2395 695 2777 763 cubiculum

550 814 689 863 non
733 793 1084 878 egressus?
1155 792 1516 859 Tradidere
1548 794 1841 879 quidam,
1874 798 1896 829 ‘
1924 815 2247 861 venenum
2297 799 2361 862 ei
2409 817 2534 881 per
2579 799 2780 865 liber-

551 906 693 965 tum
739 899 978 985 ipsius,
1026 899 1135 963 cui
1180 916 1417 964 nomen
1453 894 1798 980 Cleonicus,
1849 905 2156 984 paratum
2196 902 2395 987 jussu
2442 901 2774 969 Neronis:

549 1002 966 1085 vitatumque
994 1021 1036 1065 a
1066 1002 1348 1079 Seneca,
1390 1001 1761 1085 proditione
1804 1002 2047 1082 liberti,
2088 1023 2205 1068 seu
2237 1004 2518 1089 propria
2546 1004 2776 1071 formi-

551 1105 728 1185 dine,
771 1104 930 1171 dum
969 1106 1264 1190 simplici
1282 1104 1306 1143 ⁸
1343 1105 1558 1170 victu*
1584 1111 1651 1171 et
1680 1106 2045 1189 agrestibus
2080 1107 2327 1191 pomiS,
2358 1127 2467 1188 ae,
2509 1108 2574 1174 si
2625 1108 2771 1175 sitis

1277 442 1344 492 0.
1392 442 1756 493 CORNELII
1799 442 2060 494 'rAcn'rl
2461 453 2557 519 [A.
2577 454 2646 505 U.
2668 457 2784 507 81⁸.

551 1208 955 1287 admoueret,
984 1208 1348 1292 profluente
1375 1227 1553 1292 aqua
1578 1209 1785 1274 vitam
1812 1208 2121 1275 tolerat.’⁹

635 1311 746 1377 46.
793 1312 923 1376 Per
973 1310 1151 1376 idem
1203 1317 1468 1397 tempus
1519 1312 1919 1395 gladiatores
1968 1311 2146 1398 apud
2195 1313 2528 1397 oppidum
2581 1314 2774 1381 Prae-

547 1423 801 1496 ueste?
828 1420 1076 1481 tentata
1104 1416 1471 1500 eruptione,
1516 1416 1841 1502 praesidio
1869 1416 2155 1495 militis,²‘
2185 1416 2303 1502 qui
2333 1422 2566 1482 custos
2611 1417 2774 1483 ade-

548 1569 676 1619 ville
695 1569 997 1620 solitudinem
1020 1563 1301 1633 rog‘avisse,
1338 1574 1393 1619 et
1415 1568 1506 1620 ubi
1540 1584 1641 1620 non
1667 1568 2090 1634 permittebatur,
2121 1566 2361 1618 simulato
2383 1568 2586 1631 morbo,
2604 1568 2777 1620 veluti

547 1634 786 1699 podagra
806 1635 1087 1698 laboraret,
1110 1634 1349 1684 cubiculo
1370 1649 1474 1684 nou
1497 1633 1703 1685 exiisse.
1773 1633 2020 1698 Scripsere
2037 1633 2264 1696 nonnulli,
2299 1633 2513 1683 noxium
2533 1634 2766 1684 mediea-

543 1714 667 1750 meu
690 1700 737 1748 ei
775 1706 1125 1763 praeparatum
1150 1714 1181 1748 a
1201 1699 1389 1749 liberto
1410 1701 1593 1765 ipsius,

544 1764 656 1814 nis:
693 1764 848 1829 idque
870 1765 1062 1815 vitasse
1083 1766 1355 1827 Senecam,
1377 1780 1469 1814 seu
1493 1775 1616 1829 pate

1653 1700 1705 1750 ui
1731 1699 1974 1750 Cleonicus
1996 1699 2296 1761 vocabatur,
2317 1698 2562 1748 mandato
2586 1698 2762 1749 Nero·

1644 1766 1849 1815 aciente
1871 1764 2063 1814 liberto
2083 1763 2202 1827 ipso,
2231 1779 2321 1813 seu
2344 1764 2565 1827 proprio
2589 1770 2766 1827 metu,

546 1829 669 1878 dum
693 1829 854 1879 vitam
877 1836 1137 1880 sustentat
1160 1830 1303 1880 tenui
1325 1829 1462 1896 cibo,
1498 1837 1555 1881 et
1584 1830 1829 1895 sylvestri
1859 1828 2056 1893 fructu,
2089 1835 2142 1879 et
2166 1829 2209 1879 si
2234 1829 2346 1879 sitis
2379 1835 2614 1893 urgeret,
2654 1843 2776 1880 eur-

549 1902 700 1943 rente
723 1909 871 1958 aqua.

604 1959 787 2009 Eodem
804 1965 1009 2024 tempore
1026 1959 1318 2022 gladiatores
1336 1960 1387 2009 in
1409 1960 1665 2026 municipio
1688 1960 1938 2011 Praeneste
1962 1959 2173 2027 effugere
2194 1958 2371 2024 conati,
2389 1959 2576 2009 auxilio
2597 1959 2776 2013 mauis

1467 2087 1494 2106 O
1501 2086 1827 2106 OO‘OOOONOO

541 2176 677 2223 vett.
695 2169 817 2221 edd.
837 2169 1062 2230 serebant
1082 2170 1420 2223 Senecam—7
1456 2171 1557 2223 Ed.
1583 2186 1662 2236 pr.
1683 2177 1846 2223 oratus
1871 2176 2085 2223 essa—8
2117 2170 2427 2236 Pei-simplici
2440 2171 2607 2223 edunt
2632 2171 2772 2223 Gro-

538 2238 741 2297 novius,
772 2237 1020 2300 Ryekius‚
1059 2237 1352 2298 Brotierus‚
1400 2243 1456 2286 et
1494 2236 1617 2289 aliie
1664 2244 1719 2287 et
1756 2237 1831 2288 sie
1864 2239 1969 2288 Ms.
2003 2238 2138 2287 Flor.
2178 2237 2415 2288 Picheua
2451 2244 2507 2287 et
2544 2239 2772 2288 recenti-

538 2318 672 2353 ores.
706 2303 877 2358 Vulgo
900 2303 953 2351 iu
976 2302 1102 2352 Mss.
1128 2311 1182 2352 et
1203 2301 1458 2352 veteribus
1478 2301 1812 2365 editionibus,
1828 2319 1915 2367 pro
1928 2303 2151 2367 simplici.
2214 2303 2426 2368 Bipont.
2448 2304 2765 2368 persimplici.

543 2373 642 2418 -9
675 2368 778 2418 Ms.
811 2366 946 2419 Bud.
969 2366 1224 2418 tolerabat.-
1259 2367 1394 2417 unde
1416 2368 1628 2433 conjicit
1652 2368 1928 2434 Ernestus,
1947 2370 2191 2418 toleraret.

1531 2486 1753 2539 NOTAE

532 2580 674 2632 illico
697 2581 900 2647 quidam
924 2582 1134 2634 Cassius
1147 2580 1358 2649 'quoque
1382 2583 1608 2647 nomine,

528 2658 731 2722 jussum
777 2675 834 2710 se
871 2662 1068 2712 somnio
1110 2660 1388 2726 affirmans,
1423 2661 1606 2711 immo-

534 2736 645 2786 lare
671 2742 872 2787 taurum
893 2738 1051 2790 Jovi!
1112 2739 1323 2804 Signum
1346 2753 1491 2789 more
1514 2740 1607 2789 mi·

531 2814 659 2864 litiae
682 2816 849 2865 Jonem
871 2815 1049 2879 dabat,
1075 2832 1193 2866 cum
1213 2818 1415 2867 occisus
1439 2823 1538 2868 est.

599 2893 738 2946 Quin
756 2902 810 2942 et
829 2901 964 2946 teste
984 2896 1121 2946 Plin.
1140 2910 1335 2947 xxxiv.
1358 2902 1404 2947 8.
1444 2897 1601 2962 Apol-

529 2968 685 3019 linem
709 2971 724 2997 ‘
743 2986 774 3019 a
787 2972 1074 3022 Triumviro
1095 2970 1322 3023 Antonio
1339 2973 1598 3024 sublatum

530 3045 764 3096 restituit
809 3046 1046 3110 Ephesiis
1094 3048 1263 3098 Divus
1308 3050 1597 3114 Augustus,

529 3123 822 3174 admonitus
844 3123 893 3173 in
919 3125 1129 3191 quiete?

594 3200 681 3251 Sic
703 3207 757 3251 et
782 3210 964 3266 postea
985 3203 1157 3254 Galba
1190 3204 1422 3254 restitnit
1459 3205 1599 3255 Deos

527 3276 758 3330 Penates
794 3279 1045 3331 conflatos
1078 3297 1109 3330 a
1134 3283 1360 3343 Nerone,
1392 3289 1447 3332 et
1470 3283 1598 3332 Ves-

526 3357 770 3420 pasianus
805 3366 1009 3409 ceteras
1043 3360 1292 3424 imagines
1328 3366 1505 3422 raptas
1529 3360 1595 3410 ab

529 3433 904 3499 eodem,spolia
923 3437 1230 3500 templorum
1241 3437 1597 3501 Deorumque‚

525 3509 582 3559 in
605 3513 797 3576 templo
825 3512 976 3562 Pacis
1000 3518 1056 3562 et
1091 3512 1203 3561 aliis
1240 3512 1484 3576 operibus
1519 3514 1595 3563 di-

526 3588 688 3639 cavit.

593 3671 617 3697 v
649 3667 780 3716 Dum
801 3668 1002 3731 simplici
1019 3667 1169 3731 victu]
1219 3667 1284 3716 In
1308 3668 1463 3718 tantis
1483 3669 1594 3733 opi-

522 3738 621 3792 bus
645 3758 830 3807 magua
852 3752 906 3794 et
943 3760 1057 3794 rara
1091 3745 1422 3795 abstinentiae
1461 3747 1592 3796 laus.

522 3820 650 3885 Ipse
665 3821 730 3871 de
751 3838 804 3872 se
825 3823 1062 3886 Epistola
1080 3827 1161 3873 84.
1195 3827 1210 3850 ⁶
1230 3823 1388 3872 Panis
1405 3823 1594 3873 deinde

522 3898 712 3963 siccus,
735 3900 920 3950 et'sine
953 3916 1130 3949 mensa
1161 3900 1454 3964 prandium,
1477 3907 1595 3963 post

523 3978 664 4042 quod
688 3994 788 4028 non
812 3987 930 4029 sunt
952 3978 1187 4028 lavandae
1212 3994 1409 4028 manus.
1458 3979 1595 4029 Dor-

518 4053 625 4103 mio
643 4054 922 4108 minimum.
973 4056 1406 4107 Consuetudinem
1425 4072 1591 4107 meam

520 4131 675 4180 nosti.
759 4132 1072 4183 Brevissinio
1120 4149 1295 4183 somno
1339 4141 1479 4195 utor,
1535 4140 1590 4187 et

521 4210 672 4273 quasi
694 4209 993 4276 intervigilo
1010 4210 1042 4260 ε’
1077 4211 1165 4262 ubi
1182 4226 1246 4262 ex
1268 4213 1433 4262 veteri
1457 4213 1590 4262 libro

522 4297 714 4346 assero,
735 4290 781 4336 et
813 4290 949 4351 quasi
984 4288 1272 4356 intedungo,
1304 4288 1372 4341 ab
1395 4288 1588 4355 aurigis

520 4361 844 4427 metaphora.

1752 2583 1921 2648 Epist.
1943 2587 1993 2634 9.
2040 2582 2212 2633 ‘Inde
2256 2582 2308 2632 in
2350 2597 2554 2632 omnem
2599 2581 2771 2634 vitam

1686 2665 1946 2724 unguento
1969 2660 2280 2711 abstinemus
2302 2675 2315 2709 z
2359 2659 2604 2725 quoniam
2627 2661 2765 2724 opti·

1684 2751 1796 2787 mus
1818 2737 1947 2788 odor
1965 2737 2018 2786 in
2042 2752 2280 2802 corpore,
2297 2742 2379 2787 est
2398 2737 2591 2788 nullus.
2624 2736 2764 2787 Inde

1682 2814 1803 2864 vino
1826 2821 1969 2865 caret
1988 2814 2300 2876 stomachus,
2330 2813 2451 2863 iude
2474 2813 2527 2862 in
2551 2828 2757 2864 omnem

1681 2894 1843 2943 vitam
1882 2890 2125 2943 balneum
2169 2888 2448 2955 fugimusz’
2501 2897 2561 2940 et
2606 2890 2760 2955 plura

1681 2970 1889 3021 ibidem.
1955 2970 2167 3034 Lipsius.

1745 3047 1965 3112 Simplici
1985 3048 2136 3112 viche]
2168 3046 2337 3112 quue
2369 3061 2469 3110 per
2505 3046 2769 3097 virtutem·

1680 3130 1735 3175 et
1769 3126 2094 3189 sapientiam,
2126 3139 2230 3173 non
2265 3124 2472 3174 omnino
2504 3129 2652 3173 metu
2677 3138 2759 3173 ve-

1678 3201 1800 3251 neni
1823 3219 1837 3251 :
1872 3216 1989 3250 uam
2008 3200 2278 3264 ignorabat
2302 3200 2514 3250 iusidias
2535 3200 2754 3260 Seneca,

1679 3287 1732 3328 et
1759 3277 1894 3344 quod
1925 3280 2007 3328 hic
2040 3278 2198 3328 habet
2228 3277 2447 3326 Tacitus
2480 3275 2550 3327 de
2578 3276 2755 3338 [ον-ηιξ-

1678 3356 1806 3420 dine,
1827 3363 1886 3406 ut
1905 3357 2160 3406 incertum
2188 3354 2371 3404 tradit.

1742 3436 1813 3484 Et
1855 3433 2349 3484 abstinentissimum
2389 3430 2556 3481 fuisse
2598 3431 2757 3484 Seue-

1675 3528 1806 3579 cam,
1829 3519 1979 3578 patet
2012 3528 2078 3562 ex
2114 3513 2339 3576 ipsomet
2368 3510 2569 3576 Tacito,
2602 3511 2751 3577 infra,

1673 3594 1773 3644 hoe
1816 3592 1950 3642 libro
1986 3604 2080 3641 xv.
2114 3594 2198 3640 6³.
2247 3593 2263 3617 ‘
2291 3590 2549 3642 Quoniam
2591 3590 2749 3641 senile

1675 3683 1865 3734 corpus
1885 3675 1940 3718 et
1959 3683 2119 3732 parvo
2131 3668 2274 3717 victu
2293 3673 2591 3731 tenuatum,
2608 3668 2749 3719 lenta

1676 3746 1866 3811 effugia
1889 3745 2124 3810 sanguini
2157 3742 2466 3809 praebebat,'
2499 3747 2605 3794 διο.
2672 3745 2745 3795 Ut

1672 3826 1924 3875 virtutem
1964 3824 2166 3873 mireris
2204 3822 2258 3870 in
2294 3828 2448 3871 tauta
2481 3821 2753 3872 abundauae

1675 3903 1769 3965 tia,
1790 3902 1844 3951 in
1868 3901 1959 3951 tali
1979 3901 2117 3966 aula,
2150 3908 2208 3949 et
2241 3899 2433 3949 saeculo
2456 3898 2741 3963 corruptis-

1672 3994 1817 4030 simo.

1734 4065 1769 4091 w
1801 4057 2067 4121 Praeneste]
2119 4055 2388 4119 Oppidum
2439 4053 2738 4103 Latinorum

1670 4137 2009 4201 populorum:
2058 4133 2214 4183 hodie
2267 4132 2563 4194 Pale-striae,
2603 4129 2737 4181 Urbs
2814 4186 2821 4195 ⁶

1670 4212 1969 4277 Campaniae
2005 4211 2254 4261 Romanae
2287 4208 2342 4258 in
2374 4209 2529 4258 Statu
2562 4208 2739 4259 Eccle-

1669 4289 1900 4340 siastico.
1953 4289 2203 4338 Tillemon.

1730 4371 1758 4429 ἓ·
1791 4364 2032 4418 Presidio
2054 4362 2265 4434 ‘militisJ
2314 4364 2508 4416 Custos
2552 4360 2729 4416 aderat
