3063 4952
417 355 422 360 ’
519 359 706 435 1922

1220 368 1300 420 o„
1333 364 1699 429 CORNELII
1745 369 2029 443 ΤΔσιτι.
2406 379 2503 444 [Α.
2525 378 2598 432 u.
2615 383 2735 433 818.

515 523 844 610 quusque
861 518 1324 586 criminatione
1352 539 1436 584 eo
1475 540 1687 604 usque
1718 520 1950 598 valuit,
1958 527 1993 567 ⁴
2039 525 2119 585 ut
2145 521 2385 602 gratia,
2418 523 2747 606 pecunia,

516 627 587 692 vi
615 624 891 690 nocendi
919 627 1121 688 etiam
1149 625 1394 687 malos?
1421 626 1861 708 praemineret.
1867 631 1891 669 ⁵

603 730 712 795 35.
759 727 926 812 Ejus
954 746 1193 790 munus
1219 726 1662 809 frequentanti
1706 725 1978 803 Neroni,
2022 745 2107 789 ne
2156 725 2324 791 inter
2351 727 2739 809 voluptates

519 830 813 915 quidem‘³
841 849 884 893 a
910 829 1273 892 sceleribus
1301 830 1711 893 cessabatur.
1786 826 2037 892 Iisdem
2066 829 2317 913 quippe
2336 830 2472 893 illis
2497 829 2743 895 diebus

515 931 899 1016 Torquatus
926 932 1196 995 Silanus
1226 932 1395 995 mori
1424 930 1736 1014 adigitur,
1764 932 1945 1014 quia,
1977 951 2176 1016 super
2197 931 2244 995 J
2247 932 2429 996 uniae
2456 930 2740 995 familiai

519 1033 1005 1111 claritudinem,
1034 1033 1127 1099 D.
1157 1033 1539 1116 Augustum
1570 1039 1898 1099 atavum¹‘
1926 1033 2201 1097 ferebat.
2287 1032 2334 1096 J
2337 1032 2511 1097 ussi²
2541 1050 2745 1097 accu-

518 1240 651 1293 tate‚·
677 1236 833 1300 primo
857 1237 904 1285 in
926 1236 1132 1285 ludibria
1151 1236 1342 1296 ascitas,
1363 1234 1473 1284 dein
1504 1235 1731 1297 optimum
1752 1238 1974 1311 querique
2003 1233 2282 1282 criminibus
2311 1238 2477 1295 petens
2511 1247 2567 1283 eo
2598 1248 2748 1298 usque

516 1302 804 1364 praepouuit,
823 1306 877 1348 ιιι
898 1301 1041 1349 etiam
1061 1316 1230 1364 praees
1248 1301 1548 1361 anctoritate,
1567 1299 1747 1376 opibus,
1765 1305 1811 1349 et
1834 1302 1884 1348 vi
1902 1299 2100 1348 nocendi
2119 1303 2381 1373 superaret.

587 1366 712 1426 1:3⁸⁸
739 1368 1051 1429 spectaculum
1083 1366 1320 1415 celebrans
1354 1366 1502 1427 Nero,
1540 1380 1599 1413 ne
1636 1365 1765 1413 inter
1800 1365 2133 1412 οὸἰεάαιιιαιὲα
2171 1363 2360 1426 quidem
2389 1377 2422 1411 ιι
2457 1362 2749 1413 fininibus

517 1431 823 1493 temperabat.
890 1431 1022 1479 Nam
1057 1446 1109 1479 eo
1138 1431 1242 1493 ipso
1273 1435 1478 1492 tempore
1517 1430 1776 1492 roo-qnam
1795 1429 1991 1478 Silenus
2022 1429 2144 1477 niori
2174 1430 2381 1490 cogitur,
2414 1441 2530 1489 qua
2568 1432 2759 1491 prater

517 1495 815 1545 nobilitatem
853 1496 1016 1544 Juniae
1046 1495 1224 1558 gentis,
1264 1496 1444 1545 Divum
1475 1495 1752 1556 Augustum
1783 1496 1913 1543 inter
1948 1508 2059 1542 avos
2094 1492 2377 1542 recensebat.
2446 1492 2751 1557 Imperaru-

1450 1636 1811 1658 OOOOOOOOOO

521 1727 551 1772 4
588 1723 784 1772 Evaluit
809 1721 1072 1772 Acidalius
1111 1722 1333 1771 malebat
1337 1727 1446 1772 .—5
1483 1724 1567 1772 Sic
1599 1722 1734 1772 bene
1757 1722 1990 1771 Pichena
2012 1735 2079 1769 ex
2109 1720 2214 1770 Ms.
2239 1720 2383 1770 Flor.
2451 1719 2763 1783 Perperna,

522 1787 577 1835 in
599 1788 730 1837 Mes.
753 1794 809 1837 et
831 1787 1093 1837 veteribus
1114 1787 1429 1837 editionibus
1463 1790 1547 1838 vel
1585 1788 1639 1837 in
1675 1788 1806 1851 aliis,
1848 1787 1927 1836 vel
1966 1786 2119 1849 malis,
2157 1785 2241 1835 vel
2274 1785 2390 1834 aliis
2422 1785 2755 1849 premineret.

525 1853 829 1913 Beroaldus,
844 1852 1188 1927 proeeudneret.
1252 1851 1479 1904 Brotier.

591 1921 617 1963 l
654 1888 973 1980 Perpe'ram·
963 1931 1014 1964 ιιι
1036 1918 1248 1981 scriptis
1285 1924 1341 1967 et
1372 1917 1526 1967 editis
1560 1918 1728 1978 libris,
1749 1917 1792 1966 si
1834 1916 2131 1980 Ryckianas
2167 1910 2426 1964 editiones
2449 1928 2752 1977 exceperis,

521 1985 733 2030 atavam.
798 1981 1188 2031 Emendandum
1210 1997 1322 2032 esse
1342 1983 1577 2033 abavum
1553 1998 1665 2047 Jam
1688 1953 1889 2045 pridem
1912 1995 2156 2030 monuere
2178 1980 2372 2029 eruditi
2400 1980 2517 2042 viri,
2539 1980 2753 2043 Ruper-

524 2054 625 2106 tus‚
664 2048 760 2108 Ep.
787 2058 877 2096 ax.
915 2047 981 2094 ad
1011 2047 1328 2108 Reinesium,
1364 2062 1414 2110 p.
1437 2051 1553 2097 546.
1620 2047 1858 2099 Valesius
1902 2046 1970 2095 ad
2009 2052 2259 2108 excerpta
2298 2045 2509 2106 Dionis,
2547 2046 2583 2094 l.
2611 2056 2755 2094 axii.

523 2123 576 2172 p.
603 2114 714 2159 714.
739 2116 792 2159 et
826 2110 1077 2174 Ryckius.
1131 2111 1308 2188 quue
1348 2119 1498 2174 patet
1528 2120 1639 2162 tum
1674 2127 1740 2162 ex
1781 2112 1973 2171 Dione,
2010 2112 2113 2160 loc.
2150 2111 2245 2161 cit.
2285 2117 2398 2161 tum
2441 2125 2511 2159 ex
2556 2109 2769 2171 Tacito

526 2174 715 2223 Annal.
740 2188 858 2224 xvi.
882 2180 931 2224 8.
997 2176 1214 2227 Brotier.
1280 2177 1383 2225 Res
1418 2177 1545 2225 mihi
1577 2177 1803 2226 nondum
1838 2177 1960 2225 satis
1983 2174 2198 2240 liquida,
2222 2175 2289 2224 de
2313 2190 2417 2240 qua
2439 2173 2605 2225 etiam
2631 2173 2753 2224 Rei-

524 2238 698 2288 neslus
721 2239 1018 2290 dubitabat.
1085 2241 1276 2306 Itaque
1300 2256 1399 2290 nou
1424 2256 1580 2291 ausus
1613 2256 1725 2291 sum
1759 2241 2012 2304 Ryckinm
2050 2241 2212 2303 sequi.
2282 2241 2480 2288 Ernst.
2551 2240 2625 2288 Et
2666 2238 2754 2287 Bi.

525 2313 669 2366 pont.
694 2305 925 2354 retinent
951 2310 1261 2355 davum—2
1295 2306 1383 2355 lta
1414 2304 1544 2357 Mss.
1584 2306 1724 2356 Flor.
1765 2308 1896 2370 Reg.
1931 2303 2063 2369 Agr.
2105 2304 2263 2354 Corb.
2299 2304 2463 2353 editio
2504 2304 2774 2366 princeps*

522 2376 579 2417 et
601 2370 934 2421 recentiores.
997 2372 1062 2420 In
1088 2370 1219 2447 Mss.
1242 2369 1393 2421 Harl.
1413 2372 1526 2422 Jes.
1551 2369 1733 2421 Guelf.
1754 2379 1811 2420 et
1831 2371 2168 2431 Puteolanus,
2190 2370 2321 2429 ,iussi
2353 2371 2406 2418 id
2435 2374 2753 2417 amatores.

525 2433 588 2484 Id
610 2448 811 2501 quoque
833 2435 1000 2486 altera
1019 2450 1175 2487 manu
1198 2434 1252 2486 in
1276 2436 1382 2488 Ms.
1403 2436 1541 2488 Bud.
1566 2435 1813 2488 additum.
1879 2434 2096 2487 Brotier.
2163 2434 2454 2486 Gronovius
2476 2441 2665 2485 servat
2683 2433 2755 2484 ia.

2620 2527 2715 2562 ..³2:-

1499 2607 1725 2659 NOTAE

590 2718 776 2768 statim
800 2734 895 2784 pro
914 2720 1158 2771 ludibriis
1180 2735 1304 2772 vera
1322 2720 1460 2778 mala
1481 2703 1596 2769 red-

525 2794 634 2844 det.
686 2794 858 2858 Igitur
879 2797 1044 2860 primo
1066 2794 1272 2846 facetiis
1291 2796 1593 2846 scurrilibus

523 2873 635 2936 ipse
658 2873 816 2921 risum
839 2881 1038 2924 tantum
1075 2874 1339 2939 movebat,
1373 2880 1427 2924 et
1464 2873 1595 2924 ludi-

525 2949 639 2998 brio
677 2952 943 3013 expositus
979 2952 1315 3002 contumelias
1356 2951 1589 3011 ferebat3

525 3027 618 3076 sed
644 3035 824 3090 postea
847 3030 1066 3093 gratiam
1090 3030 1332 3095 adeptus,
1353 3030 1591 3080 crimina·

525 3103 693 3153 tiones
726 3106 976 3156 exercuit.
1042 3106 1114 3155 Et
1148 3121 1296 3156 veras
1331 3114 1594 3156 contume-

522 3181 638 3243 lias,
659 3182 951 3249 solidasque
973 3184 1184 3248 injurias
1206 3183 1406 3233 retulit.

588 3259 651 3308 In
667 3259 996 3324 contumelias]
1047 3261 1172 3311 Non
1210 3275 1337 3326 quas
1374 3257 1593 3324 faceret,

522 3336 617 3386 sed
641 3336 823 3387 ferret.

588 3419 614 3454 Ρ
650 3414 815 3462 Etiam
838 3414 1003 3479 malos]
1036 3413 1196 3465 Initio
1235 3419 1434 3464 tantum
1468 3413 1592 3463 ridi-

522 3488 598 3536 lus
620 3502 797 3537 scurra
820 3486 935 3551 fuit,
959 3496 1015 3540 et
1054 3490 1173 3539 solis
1208 3488 1412 3539 facetiis
1443 3503 1591 3538 exer-

522 3562 677 3626 citus,
698 3579 758 3613 ac
779 3565 945 3628 primo
966 3567 1112 3617 velut
1141 3566 1379 3617 innoxius
1401 3566 1593 3630 agebat

522 3640 578 3688 in
599 3641 716 3687 aula
739 3642 1080 3703 Neroniana;
1115 3650 1170 3692 at
1197 3650 1380 3708 postea
1412 3642 1464 3691 vi
1499 3657 1590 3691 uo·

521 3714 695 3778 cendi,
715 3723 770 3765 et
790 3716 1003 3782 flagitiis
1027 3720 1165 3769 inter
1189 3721 1348 3769 malos
1371 3718 1493 3782 fuit,
1516 3719 1591 3769 ita
1612 3709 1613 3712 ¹

1612 3855 1615 3858 Α
1669 3796 1775 3862 liic,
1811 3796 1948 3847 filius
1985 3797 2062 3847 M.
2094 3796 2274 3855 Silani,
2317 3794 2408 3859 qui
2446 3793 2658 3843 occisus
2693 3789 2758 3844 ab

522 3798 580 3841 ιιι
600 3792 754 3842 etiam
779 3793 915 3857 ipsos
938 3797 1097 3845 malos
1122 3797 1501 3861 praeemineret.

590 3868 756 3918 Etiam
775 3870 887 3919 aliis
907 3872 1226 3936 praemiueret]
1261 3875 1477 3939 Scripsi,

521 3945 608 4007 los,
630 3960 693 3994 ex
730 3947 869 4016 Flor.
907 3948 1056 4008 vulgo
1088 3950 1257 3999 malis.-
1289 3951 1322 4000 l.
1345 3966 1434 4000 ιιι.
1468 3954 1483 3978 ⁶
1507 3951 1589 4001 Ac

524 4028 695 4071 tamen
721 4024 1073 4088 appellatione
1092 4025 1280 4090 aliqua,
1301 4019 1477 4076 cetera
1494 4027 1588 4075 im-

521 4098 667 4159 peria
703 4100 1092 4162 praemineret?
1124 4102 1159 4150 Ι.
1185 4116 1292 4152 xii.
1339 4103 1355 4130 ‘
1380 4103 1589 4153 Cassius

522 4176 727 4222 ceteros
770 4172 1121 4237 praeminebat
1150 4178 1339 4243 peritia
1379 4179 1592 4245 legum?

529 4245 754 4299 Picloena.

1491 3891 1591 3924 mu-
1667 3874 1964 3939 Agrippina
1997 3890 2156 3939 snpra
2183 3875 2220 3922 l.
2246 3886 2377 3923 1111.

1739 2721 1910 2770 Etiam
1931 2719 2100 2785 malos]
2132 2721 2179 2770 E
2194 2719 2391 2769 sutrina
2415 2718 2638 2770 taberna
2651 2735 2758 2771 non

1672 2796 1859 2847 debuit
1880 2796 2134 2847 exsistere
2156 2798 2307 2846 indus
2339 2811 2533 2847 verna.
2573 2812 2642 2847 eo
2677 2805 2756 2848 ta-

1671 2891 1789 2925 men
1811 2876 1899 2926 ille
1921 2873 2203 2941 provectus
2231 2883 2316 2926 est
2339 2876 2480 2925 inter
2504 2877 2641 2926 aulae
2665 2874 2756 2926 fla·
2766 2919 2771 2936 ⁴

1674 2954 1821 3017 gitis,
1845 2961 1902 3003 ut
1926 2968 2028 3003 non
2065 2954 2229 3003 solum
2263 2955 2413 3002 malus
2449 2953 2563 3015 ille,
2585 2939 2679 3002 sed
2703 2958 2759 3001 et

1671 3030 1844 3079 malis
1832 3031 1957 3094 ipsis
1994 3031 2160 3096 pejor,
2184 3045 2246 3081 ac
2268 3029 2572 3118 deterrimis
2607 3029 2758 3080 dete·

1674 3106 1779 3157 rior
1803 3114 1961 3158 esset.

1735 3191 1761 3226 ιΙ
1796 3185 1875 3233 Ne
1898 3185 2027 3235 inter
2043 3187 2308 3249 voluptates
2324 3181 2540 3246 quidem]
2574 3183 2666 3233 De
2689 3181 2762 3232 A·

1672 3260 1925 3309 lexandro
1944 3261 2097 3311 Cart.
2119 3261 2155 3309 l.
2178 3274 2258 3309 ιι.
2291 3261 2308 3287 ‘
2329 3259 2489 3309 Hunc
2530 3272 2759 3323 appara·

1671 3342 1781 3387 tum
1827 3336 2067 3386 carnifex
2112 3335 2449 3401 sequebatur.
2539 3336 2773 3402 Quippe,

1669 3414 1920 3478 Satrapes
1942 3413 2198 3477 Aspastes
2229 3412 2325 3477 (de
2360 3427 2464 3478 quo
2496 3420 2626 3464 aute
2650 3405 2777 3478 dim„

1673 3497 1781 3540 tum
1804 3490 1907 3551 est)
1927 3488 2150 3540 interfici
2164 3489 2345 3552 jussus
2368 3495 2468 3551 est,
2492 3487 2631 3538 adeo
2660 3502 2777 3538 nec.

1670 3568 1887 3617 luxuriae
1901 3566 2180 3633 quicquam
2199 3564 2504 3627 crudelitas,
2522 3577 2626 3613 nec
2647 3579 2760 3634 cru·=

1671 3642 1876 3693 delitati
1901 3643 2106 3693 luxuria
2126 3640 2338 3692 obstat?

1734 3720 2055 3783 ‘Augustum
2076 3717 2294 3782 atavum]
2330 3718 2541 3767 Silanus
2564 3716 2635 3766 de
2658 3730 2759 3784 quo

2445 3873 2525 3922 M.
2546 3872 2758 3922 Silanus

1668 3949 1801 3999 filius
1822 3949 1969 4002 Junii
2004 3948 2164 3999 Silani
2189 3954 2244 3997 et
2265 3945 2487 3996 AEmiliae
2515 3948 2755 4011 Lepidae.
2758 3979 2761 3980 ν

1670 4025 1880 4076 AEmilia
1917 4025 2125 4089 Lepida
2163 4033 2292 4074 nata
2328 4040 2395 4074 ex
2434 4025 2603 4091 Julia,
2637 4040 2775 4091 quae-

1669 4103 1844 4167 neptis
1876 4102 2122 4166 Augusti,
2156 4101 2301 4180 Julia
2339 4107 2470 4151 nata
2505 4116 2576 4151 ex
2614 4100 2757 4164 Julia

1670 4177 1775 4228 filia
1798 4178 2043 4242 Augusti.

1737 4255 1825 4306 Sic
1842 4255 1986 4307 Julia
2005 4254 2150 4320 filia3
2181 4254 2327 4310 Julis
2362 4254 2568 4324 neptis,
2584 4223 2752 4310 Euli-
2770 4245 2773 4248 ⁷
