<?xml version="1.0" encoding="UTF-8"?>
<!DOCTYPE html PUBLIC "-//W3C//DTD XHTML 1.0 Transitional//EN"
    "http://www.w3.org/TR/xhtml1/DTD/xhtml1-transitional.dtd">
<html xmlns="http://www.w3.org/1999/xhtml" xml:lang="en" lang="en">
 <head>
  <title>
</title>
<meta http-equiv="Content-Type" content="text/html;charset=utf-8" />
  <meta name='ocr-system' content='tesseract 3.04.00' />
  <meta name='ocr-capabilities' content='ocr_page ocr_carea ocr_par ocr_line ocrx_word'/>
</head>
<body>
  <div class='ocr_page' id='page_1' title='image "./operaomniavolum00tacigoog/operaomniavolum00tacigoog_0512.png"; bbox 0 0 3063 4952; ppageno 0'>
   <div class='ocr_carea' id='block_1_1' title="bbox 572 392 746 485">
    <p class='ocr_par' dir='ltr' id='par_1_1' title="bbox 572 392 746 485">
     <span class='ocr_line' id='line_1_1' title="bbox 572 392 746 485; baseline 0.006 -1"><span class='ocrx_word' id='word_1_1' title='bbox 572 392 746 485; x_wconf 77' lang='lat' dir='ltr'><strong>ise&#39;s</strong></span> 
     </span>
    </p>
   </div>
   <div class='ocr_carea' id='block_1_2' title="bbox 1279 435 2079 490">
    <p class='ocr_par' dir='ltr' id='par_1_2' title="bbox 1279 435 2079 490">
     <span class='ocr_line' id='line_1_2' title="bbox 1279 435 2079 490; baseline 0.008 -6"><span class='ocrx_word' id='word_1_2' title='bbox 1279 437 1346 485; x_wconf 82' lang='lat' dir='ltr'><strong>C.</strong></span> <span class='ocrx_word' id='word_1_3' title='bbox 1393 435 1766 487; x_wconf 76' lang='lat' dir='ltr'>CORNELII</span> <span class='ocrx_word' id='word_1_4' title='bbox 1815 436 2079 490; x_wconf 77' lang='lat' dir='ltr'><strong>TAol‘rl</strong></span> 
     </span>
    </p>
   </div>
   <div class='ocr_carea' id='block_1_3' title="bbox 2467 431 2773 511">
    <p class='ocr_par' dir='ltr' id='par_1_3' title="bbox 2467 431 2773 511">
     <span class='ocr_line' id='line_1_3' title="bbox 2467 431 2773 511; baseline -0.003 -11"><span class='ocrx_word' id='word_1_5' title='bbox 2467 445 2560 511; x_wconf 64' lang='lat' dir='ltr'><strong>[A.</strong></span> <span class='ocrx_word' id='word_1_6' title='bbox 2581 448 2643 502; x_wconf 79' lang='grc' dir='ltr'><strong>υ.</strong></span> <span class='ocrx_word' id='word_1_7' title='bbox 2660 431 2773 501; x_wconf 71' lang='lat' dir='ltr'><strong>sir.</strong></span> 
     </span>
    </p>
   </div>
   <div class='ocr_carea' id='block_1_4' title="bbox 570 573 2781 775">
    <p class='ocr_par' dir='ltr' id='par_1_4' title="bbox 570 573 2781 775">
     <span class='ocr_line' id='line_1_4' title="bbox 571 573 2773 669; baseline 0.004 -23"><span class='ocrx_word' id='word_1_8' title='bbox 571 600 647 647; x_wconf 84' lang='lat' dir='ltr'><strong>se</strong></span> <span class='ocrx_word' id='word_1_9' title='bbox 673 577 1039 658; x_wconf 45' lang='lat' dir='ltr'><strong>Thrasea&amp;</strong></span> <span class='ocrx_word' id='word_1_10' title='bbox 1083 578 1266 664; x_wconf 86' lang='lat' dir='ltr'><strong>apud</strong></span> <span class='ocrx_word' id='word_1_11' title='bbox 1319 580 1678 647; x_wconf 64' lang='lat' dir='ltr'><strong>Senecam*</strong></span> <span class='ocrx_word' id='word_1_12' title='bbox 1712 584 2097 669; x_wconf 88' lang='lat' dir='ltr'><strong>jactaverit,</strong></span> <span class='ocrx_word' id='word_1_13' title='bbox 2144 605 2227 651; x_wconf 91' lang='lat' dir='ltr'><strong>ac</strong></span> <span class='ocrx_word' id='word_1_14' title='bbox 2267 585 2589 654; x_wconf 82' lang='lat' dir='ltr'><strong>Senecam</strong></span> <span class='ocrx_word' id='word_1_15' title='bbox 2618 573 2773 655; x_wconf 78' lang='lat' dir='ltr'><strong>Cae·</strong></span> 
     </span>
     <span class='ocr_line' id='line_1_5' title="bbox 570 681 2781 775; baseline 0.004 -26"><span class='ocrx_word' id='word_1_16' title='bbox 570 685 708 749; x_wconf 87' lang='lat' dir='ltr'><strong>sari</strong></span> <span class='ocrx_word' id='word_1_17' title='bbox 762 684 1181 766; x_wconf 78' lang='lat' dir='ltr'><strong>gratulatum.</strong></span> <span class='ocrx_word' id='word_1_18' title='bbox 1271 681 1496 748; x_wconf 71' lang='lat' dir='ltr'><strong>Undei</strong></span> <span class='ocrx_word' id='word_1_19' title='bbox 1537 687 1785 768; x_wconf 75' lang='lat' dir='ltr'><strong>gloria.⁶</strong></span> <span class='ocrx_word' id='word_1_20' title='bbox 1830 688 2111 773; x_wconf 75' lang='lat' dir='ltr'>egregiis</span> <span class='ocrx_word' id='word_1_21' title='bbox 2142 687 2336 755; x_wconf 75' lang='lat' dir='ltr'><strong>viris³</strong></span> <span class='ocrx_word' id='word_1_22' title='bbox 2374 698 2443 758; x_wconf 92' lang='lat' dir='ltr'><strong>et</strong></span> <span class='ocrx_word' id='word_1_23' title='bbox 2487 692 2781 775; x_wconf 84' lang='lat' dir='ltr'><strong>pericula</strong></span> 
     </span>
    </p>
   </div>
   <div class='ocr_carea' id='block_1_5' title="bbox 570 783 991 872">
    <p class='ocr_par' dir='ltr' id='par_1_5' title="bbox 570 783 991 872">
     <span class='ocr_line' id='line_1_6' title="bbox 570 783 991 872; baseline 0 -20"><span class='ocrx_word' id='word_1_24' title='bbox 570 783 991 872; x_wconf 75' lang='lat' dir='ltr'><strong>gliscebant.¹‘</strong></span> 
     </span>
    </p>
   </div>
   <div class='ocr_carea' id='block_1_6' title="bbox 567 920 2780 1012">
    <p class='ocr_par' dir='ltr' id='par_1_6' title="bbox 567 920 2780 1012">
     <span class='ocr_line' id='line_1_7' title="bbox 567 920 2780 1012; baseline 0.002 -21"><span class='ocrx_word' id='word_1_25' title='bbox 567 924 647 991; x_wconf 67' lang='lat' dir='ltr'><strong>tus</strong></span> <span class='ocrx_word' id='word_1_26' title='bbox 668 939 848 1001; x_wconf 80' lang='lat' dir='ltr'><strong>fuerit,</strong></span> <span class='ocrx_word' id='word_1_27' title='bbox 871 944 934 989; x_wconf 16' lang='lat' dir='ltr'><strong>et.</strong></span> <span class='ocrx_word' id='word_1_28' title='bbox 950 937 1069 989; x_wconf 87' lang='lat' dir='ltr'><strong>ideo</strong></span> <span class='ocrx_word' id='word_1_29' title='bbox 1092 938 1316 990; x_wconf 80' lang='lat' dir='ltr'><strong>Senecam</strong></span> <span class='ocrx_word' id='word_1_30' title='bbox 1336 940 1629 1012; x_wconf 78' lang='lat' dir='ltr'><strong>significasse</strong></span> <span class='ocrx_word' id='word_1_31' title='bbox 1649 943 1872 995; x_wconf 77' lang='lat' dir='ltr'><strong>laeeitiam</strong></span> <span class='ocrx_word' id='word_1_32' title='bbox 1892 956 2027 993; x_wconf 80' lang='lat' dir='ltr'><strong>suam</strong></span> <span class='ocrx_word' id='word_1_33' title='bbox 2050 920 2279 1009; x_wconf 58' lang='lat' dir='ltr'><strong>principi.</strong></span> <span class='ocrx_word' id='word_1_34' title='bbox 2351 944 2491 996; x_wconf 79' lang='lat' dir='ltr'><strong>Unde</strong></span> <span class='ocrx_word' id='word_1_35' title='bbox 2512 945 2652 995; x_wconf 78' lang='lat' dir='ltr'><strong>decus</strong></span> <span class='ocrx_word' id='word_1_36' title='bbox 2668 944 2780 996; x_wconf 73' lang='lat' dir='ltr'><strong>ciris</strong></span> 
     </span>
    </p>
   </div>
   <div class='ocr_carea' id='block_1_7' title="bbox 567 1005 1682 1072">
    <p class='ocr_par' dir='ltr' id='par_1_7' title="bbox 567 1005 1682 1072">
     <span class='ocr_line' id='line_1_8' title="bbox 567 1005 1682 1072; baseline 0.004 -16"><span class='ocrx_word' id='word_1_37' title='bbox 567 1006 779 1072; x_wconf 72' lang='lat' dir='ltr'><strong>optimis,</strong></span> <span class='ocrx_word' id='word_1_38' title='bbox 799 1010 848 1056; x_wconf 79' lang='lat' dir='ltr'><strong>et</strong></span> <span class='ocrx_word' id='word_1_39' title='bbox 870 1005 1020 1057; x_wconf 87' lang='lat' dir='ltr'><strong>simul</strong></span> <span class='ocrx_word' id='word_1_40' title='bbox 1040 1005 1319 1057; x_wconf 64' lang='lat' dir='ltr'><strong>discrimina</strong></span> <span class='ocrx_word' id='word_1_41' title='bbox 1338 1009 1682 1061; x_wconf 62' lang='lat' dir='ltr'><strong><em>accrescebant.</em></strong></span> 
     </span>
    </p>
   </div>
   <div class='ocr_carea' id='block_1_8' title="bbox 1492 1138 1850 1159">
    <p class='ocr_par' dir='ltr' id='par_1_8' title="bbox 1492 1138 1850 1159">
     <span class='ocr_line' id='line_1_9' title="bbox 1492 1138 1850 1159; baseline 0.003 -1"><span class='ocrx_word' id='word_1_42' title='bbox 1492 1138 1850 1159; x_wconf 47' lang='lat' dir='ltr'><strong>‘metuent</strong></span> 
     </span>
    </p>
   </div>
   <div class='ocr_carea' id='block_1_9' title="bbox 566 1235 2776 1434">
    <p class='ocr_par' dir='ltr' id='par_1_9' title="bbox 566 1235 2776 1434">
     <span class='ocr_line' id='line_1_10' title="bbox 568 1235 2776 1303; baseline 0.002 -17"><span class='ocrx_word' id='word_1_43' title='bbox 568 1235 725 1287; x_wconf 85' lang='lat' dir='ltr'><strong>batur</strong></span> <span class='ocrx_word' id='word_1_44' title='bbox 744 1235 1065 1286; x_wconf 76' lang='lat' dir='ltr'><strong>adnotandum</strong></span> <span class='ocrx_word' id='word_1_45' title='bbox 1085 1240 1277 1289; x_wconf 55' lang='lat' dir='ltr'><strong>est—6</strong></span> <span class='ocrx_word' id='word_1_46' title='bbox 1305 1236 1391 1287; x_wconf 85' lang='lat' dir='ltr'><strong>Sic</strong></span> <span class='ocrx_word' id='word_1_47' title='bbox 1415 1238 1546 1287; x_wconf 59' lang='grc' dir='ltr'><strong>Μαι.</strong></span> <span class='ocrx_word' id='word_1_48' title='bbox 1569 1236 1734 1303; x_wconf 79' lang='lat' dir='ltr'><strong>(Flor.</strong></span> <span class='ocrx_word' id='word_1_49' title='bbox 1756 1238 1892 1288; x_wconf 87' lang='lat' dir='ltr'><strong>Bud.</strong></span> <span class='ocrx_word' id='word_1_50' title='bbox 1909 1235 2042 1301; x_wconf 84' lang='lat' dir='ltr'><strong>etc.)</strong></span> <span class='ocrx_word' id='word_1_51' title='bbox 2061 1243 2116 1288; x_wconf 87' lang='lat' dir='ltr'><strong>et</strong></span> <span class='ocrx_word' id='word_1_52' title='bbox 2137 1237 2258 1288; x_wconf 88' lang='lat' dir='ltr'><strong>edd.</strong></span> <span class='ocrx_word' id='word_1_53' title='bbox 2274 1244 2404 1289; x_wconf 85' lang='lat' dir='ltr'><strong>vett.</strong></span> <span class='ocrx_word' id='word_1_54' title='bbox 2429 1254 2628 1288; x_wconf 86' lang='lat' dir='ltr'><strong>omnes.</strong></span> <span class='ocrx_word' id='word_1_55' title='bbox 2663 1241 2776 1290; x_wconf 85' lang='lat' dir='ltr'><strong>Non</strong></span> 
     </span>
     <span class='ocr_line' id='line_1_11' title="bbox 567 1300 2775 1370; baseline 0.001 -18"><span class='ocrx_word' id='word_1_56' title='bbox 567 1316 693 1364; x_wconf 86' lang='lat' dir='ltr'><strong>ergo</strong></span> <span class='ocrx_word' id='word_1_57' title='bbox 711 1300 867 1364; x_wconf 80' lang='lat' dir='ltr'><strong>vulgo</strong></span> <span class='ocrx_word' id='word_1_58' title='bbox 908 1307 988 1351; x_wconf 82' lang='lat' dir='ltr'><strong>est</strong></span> <span class='ocrx_word' id='word_1_59' title='bbox 1020 1302 1209 1366; x_wconf 80' lang='lat' dir='ltr'><strong>glorioe,</strong></span> <span class='ocrx_word' id='word_1_60' title='bbox 1242 1310 1303 1352; x_wconf 89' lang='lat' dir='ltr'><strong>ut</strong></span> <span class='ocrx_word' id='word_1_61' title='bbox 1336 1302 1569 1353; x_wconf 86' lang='lat' dir='ltr'><strong>Picbena</strong></span> <span class='ocrx_word' id='word_1_62' title='bbox 1603 1302 1805 1353; x_wconf 77' lang='lat' dir='ltr'><strong>scribit.</strong></span> <span class='ocrx_word' id='word_1_63' title='bbox 1871 1303 1932 1352; x_wconf 91' lang='lat' dir='ltr'><strong>In</strong></span> <span class='ocrx_word' id='word_1_64' title='bbox 1976 1304 2235 1368; x_wconf 82' lang='lat' dir='ltr'><strong>Lipsianis</strong></span> <span class='ocrx_word' id='word_1_65' title='bbox 2273 1305 2465 1369; x_wconf 85' lang='lat' dir='ltr'><strong>reperi,</strong></span> <span class='ocrx_word' id='word_1_66' title='bbox 2496 1305 2552 1354; x_wconf 90' lang='lat' dir='ltr'><strong>in</strong></span> <span class='ocrx_word' id='word_1_67' title='bbox 2590 1320 2715 1370; x_wconf 88' lang='lat' dir='ltr'><strong>quas</strong></span> <span class='ocrx_word' id='word_1_68' title='bbox 2747 1319 2775 1355; x_wconf 86' lang='lat' dir='ltr'><strong>e</strong></span> 
     </span>
     <span class='ocr_line' id='line_1_12' title="bbox 566 1364 2034 1434; baseline 0.001 -16"><span class='ocrx_word' id='word_1_69' title='bbox 566 1367 736 1419; x_wconf 80' lang='lat' dir='ltr'><strong>Rhen.</strong></span> <span class='ocrx_word' id='word_1_70' title='bbox 757 1381 863 1418; x_wconf 89' lang='lat' dir='ltr'><strong>sec.</strong></span> <span class='ocrx_word' id='word_1_71' title='bbox 885 1364 1056 1432; x_wconf 79' lang='lat' dir='ltr'><strong>fiuxit,</strong></span> <span class='ocrx_word' id='word_1_72' title='bbox 1075 1366 1162 1417; x_wconf 90' lang='lat' dir='ltr'><strong>ubi</strong></span> <span class='ocrx_word' id='word_1_73' title='bbox 1182 1373 1267 1418; x_wconf 88' lang='lat' dir='ltr'><strong>est</strong></span> <span class='ocrx_word' id='word_1_74' title='bbox 1284 1367 1468 1418; x_wconf 85' lang='lat' dir='ltr'><strong>vitium</strong></span> <span class='ocrx_word' id='word_1_75' title='bbox 1489 1382 1782 1434; x_wconf 84' lang='lat' dir='ltr'><strong>operarum.</strong></span> <span class='ocrx_word' id='word_1_76' title='bbox 1839 1369 2034 1420; x_wconf 76' lang='lat' dir='ltr'><strong>Ernest.</strong></span> 
     </span>
    </p>
   </div>
   <div class='ocr_carea' id='block_1_10' title="bbox 1556 1531 1771 1584">
    <p class='ocr_par' dir='ltr' id='par_1_10' title="bbox 1556 1531 1771 1584">
     <span class='ocr_line' id='line_1_13' title="bbox 1556 1531 1771 1584; baseline -0.014 0"><span class='ocrx_word' id='word_1_77' title='bbox 1556 1531 1771 1584; x_wconf 81' lang='lat' dir='ltr'><strong>NOTAE</strong></span> 
     </span>
    </p>
   </div>
   <div class='ocr_carea' id='block_1_11' title="bbox 503 1647 1629 4393">
    <p class='ocr_par' dir='ltr' id='par_1_11' title="bbox 563 1647 1629 1717">
     <span class='ocr_line' id='line_1_14' title="bbox 563 1647 1629 1717; baseline -0.004 -16"><span class='ocrx_word' id='word_1_78' title='bbox 563 1665 668 1717; x_wconf 86' lang='lat' dir='ltr'><strong>quo</strong></span> <span class='ocrx_word' id='word_1_79' title='bbox 708 1648 944 1701; x_wconf 82' lang='lat' dir='ltr'><strong>Tiberius</strong></span> <span class='ocrx_word' id='word_1_80' title='bbox 1003 1647 1469 1711; x_wconf 75' lang='lat' dir='ltr'><strong>reconciliabatur3</strong></span> <span class='ocrx_word' id='word_1_81' title='bbox 1522 1647 1629 1713; x_wconf 90' lang='lat' dir='ltr'><strong>qui,</strong></span> 
     </span>
    </p>

    <p class='ocr_par' dir='ltr' id='par_1_12' title="bbox 541 1727 1627 2162">
     <span class='ocr_line' id='line_1_15' title="bbox 541 1727 1626 1793; baseline -0.004 -14"><span class='ocrx_word' id='word_1_82' title='bbox 541 1742 768 1793; x_wconf 75' lang='lat' dir='ltr'><strong>nempe,</strong></span> <span class='ocrx_word' id='word_1_83' title='bbox 782 1744 837 1778; x_wconf 90' lang='lat' dir='ltr'><strong>se</strong></span> <span class='ocrx_word' id='word_1_84' title='bbox 860 1727 1251 1778; x_wconf 87' lang='lat' dir='ltr'><strong>reconciliatum</strong></span> <span class='ocrx_word' id='word_1_85' title='bbox 1274 1727 1484 1777; x_wconf 84' lang='lat' dir='ltr'><strong>dicebat</strong></span> <span class='ocrx_word' id='word_1_86' title='bbox 1506 1741 1626 1776; x_wconf 90' lang='lat' dir='ltr'><strong>cum</strong></span> 
     </span>
     <span class='ocr_line' id='line_1_16' title="bbox 560 1802 1627 1869; baseline 0 -16"><span class='ocrx_word' id='word_1_87' title='bbox 560 1804 645 1867; x_wconf 85' lang='lat' dir='ltr'><strong>iis,</strong></span> <span class='ocrx_word' id='word_1_88' title='bbox 672 1819 800 1869; x_wconf 84' lang='lat' dir='ltr'><strong>quos</strong></span> <span class='ocrx_word' id='word_1_89' title='bbox 834 1802 1008 1853; x_wconf 84' lang='lat' dir='ltr'><strong>statim</strong></span> <span class='ocrx_word' id='word_1_90' title='bbox 1041 1802 1339 1853; x_wconf 84' lang='lat' dir='ltr'><strong>interficere</strong></span> <span class='ocrx_word' id='word_1_91' title='bbox 1357 1803 1533 1865; x_wconf 86' lang='lat' dir='ltr'><strong>vellet,</strong></span> <span class='ocrx_word' id='word_1_92' title='bbox 1569 1810 1627 1853; x_wconf 89' lang='lat' dir='ltr'><strong>at</strong></span> 
     </span>
     <span class='ocr_line' id='line_1_17' title="bbox 561 1877 1627 1944; baseline -0.001 -13"><span class='ocrx_word' id='word_1_93' title='bbox 561 1896 681 1931; x_wconf 91' lang='lat' dir='ltr'><strong>cum</strong></span> <span class='ocrx_word' id='word_1_94' title='bbox 709 1880 809 1929; x_wconf 86' lang='lat' dir='ltr'><strong>illis</strong></span> <span class='ocrx_word' id='word_1_95' title='bbox 832 1894 1048 1944; x_wconf 87' lang='lat' dir='ltr'><strong>quorum</strong></span> <span class='ocrx_word' id='word_1_96' title='bbox 1083 1878 1299 1928; x_wconf 85' lang='lat' dir='ltr'><strong>exitium</strong></span> <span class='ocrx_word' id='word_1_97' title='bbox 1333 1877 1627 1944; x_wconf 84' lang='lat' dir='ltr'><strong>differebat,</strong></span> 
     </span>
     <span class='ocr_line' id='line_1_18' title="bbox 551 1956 1627 2022; baseline 0.001 -16"><span class='ocrx_word' id='word_1_98' title='bbox 551 1956 787 2013; x_wconf 51' lang='lat' dir='ltr'><strong>¹nond&#39;um</strong></span> <span class='ocrx_word' id='word_1_99' title='bbox 810 1972 868 2006; x_wconf 82' lang='lat' dir='ltr'><strong>se</strong></span> <span class='ocrx_word' id='word_1_100' title='bbox 892 1956 1107 2006; x_wconf 86' lang='lat' dir='ltr'><strong>rediisse</strong></span> <span class='ocrx_word' id='word_1_101' title='bbox 1137 1956 1189 2004; x_wconf 90' lang='lat' dir='ltr'><strong>in</strong></span> <span class='ocrx_word' id='word_1_102' title='bbox 1214 1957 1434 2020; x_wconf 79' lang='lat' dir='ltr'><strong>gratiam</strong></span> <span class='ocrx_word' id='word_1_103' title='bbox 1454 1958 1627 2022; x_wconf 85' lang='lat' dir='ltr'><strong>jacta-</strong></span> 
     </span>
     <span class='ocr_line' id='line_1_19' title="bbox 561 2033 1625 2098; baseline 0.001 -13"><span class='ocrx_word' id='word_1_104' title='bbox 561 2034 674 2086; x_wconf 91' lang='lat' dir='ltr'><strong>bat.</strong></span> <span class='ocrx_word' id='word_1_105' title='bbox 743 2036 813 2085; x_wconf 87' lang='lat' dir='ltr'><strong>Et</strong></span> <span class='ocrx_word' id='word_1_106' title='bbox 834 2041 980 2085; x_wconf 90' lang='lat' dir='ltr'><strong>certe</strong></span> <span class='ocrx_word' id='word_1_107' title='bbox 1002 2033 1169 2098; x_wconf 88' lang='lat' dir='ltr'><strong>prima</strong></span> <span class='ocrx_word' id='word_1_108' title='bbox 1189 2036 1456 2085; x_wconf 73' lang='lat' dir='ltr'><strong>occasione</strong></span> <span class='ocrx_word' id='word_1_109' title='bbox 1481 2036 1625 2086; x_wconf 90' lang='lat' dir='ltr'><strong>Nero</strong></span> 
     </span>
     <span class='ocr_line' id='line_1_20' title="bbox 560 2110 1161 2162; baseline 0 -1"><span class='ocrx_word' id='word_1_110' title='bbox 560 2110 847 2162; x_wconf 84' lang='lat' dir='ltr'><strong>interficiet</strong></span> <span class='ocrx_word' id='word_1_111' title='bbox 866 2110 1161 2161; x_wconf 82' lang='lat' dir='ltr'><strong>Thraseam.</strong></span> 
     </span>
    </p>

    <p class='ocr_par' dir='ltr' id='par_1_13' title="bbox 548 2184 1623 3155">
     <span class='ocr_line' id='line_1_21' title="bbox 623 2184 1622 2251; baseline 0 -13"><span class='ocrx_word' id='word_1_112' title='bbox 623 2184 649 2220; x_wconf 81' lang='lat'><strong>¹¹</strong></span> <span class='ocrx_word' id='word_1_113' title='bbox 665 2188 811 2251; x_wconf 78' lang='lat' dir='ltr'><strong>Apud</strong></span> <span class='ocrx_word' id='word_1_114' title='bbox 832 2186 1080 2250; x_wconf 79' lang='lat' dir='ltr'><strong>Senecam]</strong></span> <span class='ocrx_word' id='word_1_115' title='bbox 1126 2186 1215 2237; x_wconf 90' lang='lat' dir='ltr'><strong>Ob</strong></span> <span class='ocrx_word' id='word_1_116' title='bbox 1235 2186 1622 2238; x_wconf 84' lang='lat' dir='ltr'><strong>similitudinem</strong></span> 
     </span>
     <span class='ocr_line' id='line_1_22' title="bbox 554 2264 1623 2332; baseline 0.002 -18"><span class='ocrx_word' id='word_1_117' title='bbox 554 2264 768 2328; x_wconf 88' lang='lat' dir='ltr'><strong>ingenii,</strong></span> <span class='ocrx_word' id='word_1_118' title='bbox 810 2271 865 2312; x_wconf 88' lang='lat' dir='ltr'><strong>et</strong></span> <span class='ocrx_word' id='word_1_119' title='bbox 909 2264 1215 2328; x_wconf 88' lang='lat' dir='ltr'><strong>studiorum,</strong></span> <span class='ocrx_word' id='word_1_120' title='bbox 1246 2265 1623 2332; x_wconf 82' lang='lat' dir='ltr'><strong>sapientiaeque</strong></span> 
     </span>
     <span class='ocr_line' id='line_1_23' title="bbox 554 2340 1621 2406; baseline 0 -15"><span class='ocrx_word' id='word_1_121' title='bbox 554 2341 763 2392; x_wconf 89' lang='lat' dir='ltr'><strong>Stoicae.</strong></span> <span class='ocrx_word' id='word_1_122' title='bbox 815 2341 899 2391; x_wconf 90' lang='lat' dir='ltr'><strong>Sic</strong></span> <span class='ocrx_word' id='word_1_123' title='bbox 923 2340 1116 2390; x_wconf 82' lang='lat' dir='ltr'><strong>delusit</strong></span> <span class='ocrx_word' id='word_1_124' title='bbox 1131 2343 1316 2406; x_wconf 83' lang='lat' dir='ltr'><strong>vulgus</strong></span> <span class='ocrx_word' id='word_1_125' title='bbox 1341 2343 1512 2392; x_wconf 87' lang='lat' dir='ltr'><strong>Nero:</strong></span> <span class='ocrx_word' id='word_1_126' title='bbox 1537 2343 1621 2393; x_wconf 87' lang='lat' dir='ltr'><strong>vel</strong></span> 
     </span>
     <span class='ocr_line' id='line_1_24' title="bbox 555 2417 1621 2485; baseline 0.001 -17"><span class='ocrx_word' id='word_1_127' title='bbox 555 2418 610 2468; x_wconf 90' lang='lat' dir='ltr'><strong>id</strong></span> <span class='ocrx_word' id='word_1_128' title='bbox 634 2418 810 2469; x_wconf 87' lang='lat' dir='ltr'><strong>fictum</strong></span> <span class='ocrx_word' id='word_1_129' title='bbox 836 2419 1029 2483; x_wconf 85' lang='lat' dir='ltr'><strong>populo</strong></span> <span class='ocrx_word' id='word_1_130' title='bbox 1052 2425 1104 2466; x_wconf 88' lang='lat' dir='ltr'><strong>et</strong></span> <span class='ocrx_word' id='word_1_131' title='bbox 1126 2417 1298 2481; x_wconf 86' lang='lat' dir='ltr'><strong>famae,</strong></span> <span class='ocrx_word' id='word_1_132' title='bbox 1322 2434 1388 2468; x_wconf 86' lang='lat' dir='ltr'><strong>ex</strong></span> <span class='ocrx_word' id='word_1_133' title='bbox 1410 2419 1621 2485; x_wconf 86' lang='lat' dir='ltr'><strong>ingenio</strong></span> 
     </span>
     <span class='ocr_line' id='line_1_25' title="bbox 555 2496 1619 2547; baseline 0 0"><span class='ocrx_word' id='word_1_134' title='bbox 555 2497 812 2547; x_wconf 85' lang='lat' dir='ltr'><strong>Neronis:</strong></span> <span class='ocrx_word' id='word_1_135' title='bbox 850 2497 933 2546; x_wconf 86' lang='lat' dir='ltr'><strong>vel</strong></span> <span class='ocrx_word' id='word_1_136' title='bbox 966 2496 1127 2546; x_wconf 87' lang='lat' dir='ltr'><strong>etiam</strong></span> <span class='ocrx_word' id='word_1_137' title='bbox 1161 2496 1342 2545; x_wconf 79' lang='lat' dir='ltr'><strong>derisit</strong></span> <span class='ocrx_word' id='word_1_138' title='bbox 1371 2498 1619 2547; x_wconf 77' lang='lat' dir='ltr'><strong>Senecam</strong></span> 
     </span>
     <span class='ocr_line' id='line_1_26' title="bbox 554 2573 1619 2637; baseline 0 -14"><span class='ocrx_word' id='word_1_139' title='bbox 554 2573 722 2636; x_wconf 87' lang='lat' dir='ltr'><strong>Nero,</strong></span> <span class='ocrx_word' id='word_1_140' title='bbox 743 2575 888 2624; x_wconf 85' lang='lat' dir='ltr'><strong>velut</strong></span> <span class='ocrx_word' id='word_1_141' title='bbox 926 2573 1026 2637; x_wconf 87' lang='lat' dir='ltr'><strong>ipsi</strong></span> <span class='ocrx_word' id='word_1_142' title='bbox 1050 2574 1429 2623; x_wconf 86' lang='lat' dir='ltr'><strong>condonaturus</strong></span> <span class='ocrx_word' id='word_1_143' title='bbox 1461 2574 1619 2623; x_wconf 87' lang='lat' dir='ltr'><strong>talem</strong></span> 
     </span>
     <span class='ocr_line' id='line_1_27' title="bbox 553 2649 1620 2714; baseline 0.004 -19"><span class='ocrx_word' id='word_1_144' title='bbox 553 2649 739 2713; x_wconf 82' lang='lat' dir='ltr'><strong>virum,</strong></span> <span class='ocrx_word' id='word_1_145' title='bbox 762 2664 878 2699; x_wconf 88' lang='lat' dir='ltr'><strong>cum</strong></span> <span class='ocrx_word' id='word_1_146' title='bbox 903 2655 1077 2714; x_wconf 84' lang='lat' dir='ltr'><strong>tamen</strong></span> <span class='ocrx_word' id='word_1_147' title='bbox 1090 2650 1202 2713; x_wconf 88' lang='lat' dir='ltr'><strong>jam</strong></span> <span class='ocrx_word' id='word_1_148' title='bbox 1227 2656 1352 2698; x_wconf 90' lang='lat' dir='ltr'><strong>tunc</strong></span> <span class='ocrx_word' id='word_1_149' title='bbox 1368 2650 1620 2699; x_wconf 85' lang='lat' dir='ltr'><strong>Senecam</strong></span> 
     </span>
     <span class='ocr_line' id='line_1_28' title="bbox 551 2726 1619 2790; baseline 0.002 -15"><span class='ocrx_word' id='word_1_150' title='bbox 551 2726 769 2790; x_wconf 87' lang='lat' dir='ltr'><strong>perinde</strong></span> <span class='ocrx_word' id='word_1_151' title='bbox 793 2733 1142 2789; x_wconf 80' lang='lat' dir='ltr'><strong>aversaretur,</strong></span> <span class='ocrx_word' id='word_1_152' title='bbox 1178 2741 1240 2775; x_wconf 89' lang='lat' dir='ltr'><strong>ac</strong></span> <span class='ocrx_word' id='word_1_153' title='bbox 1273 2726 1442 2790; x_wconf 87' lang='lat' dir='ltr'><strong>ipsum</strong></span> <span class='ocrx_word' id='word_1_154' title='bbox 1462 2728 1619 2778; x_wconf 81' lang='lat' dir='ltr'><strong>Thra·</strong></span> 
     </span>
     <span class='ocr_line' id='line_1_29' title="bbox 553 2816 715 2853; baseline 0.006 -1"><span class='ocrx_word' id='word_1_155' title='bbox 553 2816 715 2853; x_wconf 81' lang='lat' dir='ltr'><strong>seam.</strong></span> 
     </span>
     <span class='ocr_line' id='line_1_30' title="bbox 557 2880 1616 2946; baseline 0.003 -18"><span class='ocrx_word' id='word_1_156' title='bbox 557 2907 560 2912; x_wconf 61' lang='lat'>&gt;</span> <span class='ocrx_word' id='word_1_157' title='bbox 617 2880 763 2930; x_wconf 89' lang='lat' dir='ltr'><strong>Talia</strong></span> <span class='ocrx_word' id='word_1_158' title='bbox 803 2881 991 2930; x_wconf 87' lang='lat' dir='ltr'><strong>ludunt</strong></span> <span class='ocrx_word' id='word_1_159' title='bbox 1033 2880 1264 2932; x_wconf 74' lang='lat' dir='ltr'><strong>insidiosi</strong></span> <span class='ocrx_word' id='word_1_160' title='bbox 1308 2880 1616 2946; x_wconf 84' lang='lat' dir='ltr'><strong>subdolique</strong></span> 
     </span>
     <span class='ocr_line' id='line_1_31' title="bbox 553 2953 1615 3017; baseline 0.004 -14"><span class='ocrx_word' id='word_1_161' title='bbox 553 2953 782 3004; x_wconf 85' lang='lat' dir='ltr'><strong>artifices</strong></span> <span class='ocrx_word' id='word_1_162' title='bbox 826 2958 1098 3017; x_wconf 89' lang='lat' dir='ltr'><strong>scelerum,</strong></span> <span class='ocrx_word' id='word_1_163' title='bbox 1142 2966 1199 3007; x_wconf 88' lang='lat' dir='ltr'><strong>ut</strong></span> <span class='ocrx_word' id='word_1_164' title='bbox 1239 2972 1390 3006; x_wconf 83' lang='lat' dir='ltr'><strong>sensa</strong></span> <span class='ocrx_word' id='word_1_165' title='bbox 1426 2959 1615 3008; x_wconf 88' lang='lat' dir='ltr'><strong>mentis</strong></span> 
     </span>
     <span class='ocr_line' id='line_1_32' title="bbox 551 3033 1615 3096; baseline 0.008 -18"><span class='ocrx_word' id='word_1_166' title='bbox 551 3037 827 3091; x_wconf 84' lang='lat' dir='ltr'><strong>venentur,</strong></span> <span class='ocrx_word' id='word_1_167' title='bbox 850 3039 906 3081; x_wconf 93' lang='lat' dir='ltr'><strong>et</strong></span> <span class='ocrx_word' id='word_1_168' title='bbox 928 3033 1088 3096; x_wconf 84' lang='lat' dir='ltr'><strong>magis</strong></span> <span class='ocrx_word' id='word_1_169' title='bbox 1112 3035 1331 3096; x_wconf 88' lang='lat' dir='ltr'><strong>optimos</strong></span> <span class='ocrx_word' id='word_1_170' title='bbox 1352 3036 1489 3085; x_wconf 84' lang='lat' dir='ltr'><strong>viros</strong></span> <span class='ocrx_word' id='word_1_171' title='bbox 1524 3036 1615 3085; x_wconf 90' lang='lat' dir='ltr'><strong>de-</strong></span> 
     </span>
     <span class='ocr_line' id='line_1_33' title="bbox 548 3104 746 3155; baseline 0.005 -1"><span class='ocrx_word' id='word_1_172' title='bbox 548 3104 746 3155; x_wconf 84' lang='lat' dir='ltr'><strong>ludant.</strong></span> 
     </span>
    </p>

    <p class='ocr_par' dir='ltr' id='par_1_14' title="bbox 546 3179 1613 3612">
     <span class='ocr_line' id='line_1_34' title="bbox 613 3179 1613 3251; baseline 0.009 -22"><span class='ocrx_word' id='word_1_173' title='bbox 613 3179 627 3213; x_wconf 78' lang='lat'><strong>¹</strong></span> <span class='ocrx_word' id='word_1_174' title='bbox 656 3182 812 3246; x_wconf 84' lang='lat' dir='ltr'><strong>Unde]</strong></span> <span class='ocrx_word' id='word_1_175' title='bbox 842 3182 1022 3232; x_wconf 89' lang='lat' dir='ltr'><strong>Innuit</strong></span> <span class='ocrx_word' id='word_1_176' title='bbox 1038 3182 1179 3234; x_wconf 86' lang='lat' dir='ltr'><strong>forte</strong></span> <span class='ocrx_word' id='word_1_177' title='bbox 1196 3185 1270 3247; x_wconf 86' lang='lat' dir='ltr'><strong>id,</strong></span> <span class='ocrx_word' id='word_1_178' title='bbox 1288 3186 1427 3237; x_wconf 89' lang='lat' dir='ltr'><strong>unde</strong></span> <span class='ocrx_word' id='word_1_179' title='bbox 1444 3188 1613 3251; x_wconf 87' lang='lat' dir='ltr'><strong>gloria</strong></span> 
     </span>
     <span class='ocr_line' id='line_1_35' title="bbox 547 3257 1610 3329; baseline 0.008 -24"><span class='ocrx_word' id='word_1_180' title='bbox 547 3257 697 3306; x_wconf 82' lang='lat' dir='ltr'><strong>simul</strong></span> <span class='ocrx_word' id='word_1_181' title='bbox 719 3264 773 3307; x_wconf 86' lang='lat' dir='ltr'><strong>et</strong></span> <span class='ocrx_word' id='word_1_182' title='bbox 794 3260 1027 3322; x_wconf 89' lang='lat' dir='ltr'><strong>pericula</strong></span> <span class='ocrx_word' id='word_1_183' title='bbox 1050 3261 1338 3324; x_wconf 81' lang='lat' dir='ltr'><strong>gliscebant</strong></span> <span class='ocrx_word' id='word_1_184' title='bbox 1350 3282 1365 3325; x_wconf 89' lang='lat'>;</span> <span class='ocrx_word' id='word_1_185' title='bbox 1402 3277 1610 3329; x_wconf 84' lang='lat' dir='ltr'><strong>nempe,</strong></span> 
     </span>
     <span class='ocr_line' id='line_1_36' title="bbox 548 3334 1613 3404; baseline 0.008 -22"><span class='ocrx_word' id='word_1_186' title='bbox 548 3334 669 3398; x_wconf 87' lang='lat' dir='ltr'><strong>quia</strong></span> <span class='ocrx_word' id='word_1_187' title='bbox 687 3335 738 3383; x_wconf 89' lang='lat' dir='ltr'><strong>in</strong></span> <span class='ocrx_word' id='word_1_188' title='bbox 755 3336 938 3398; x_wconf 85' lang='lat' dir='ltr'><strong>vulgus</strong></span> <span class='ocrx_word' id='word_1_189' title='bbox 955 3351 1161 3399; x_wconf 83' lang='lat' dir='ltr'><strong>sparsus</strong></span> <span class='ocrx_word' id='word_1_190' title='bbox 1180 3345 1294 3388; x_wconf 83' lang='lat' dir='ltr'><strong>erat</strong></span> <span class='ocrx_word' id='word_1_191' title='bbox 1315 3339 1400 3388; x_wconf 90' lang='lat' dir='ltr'><strong>ille</strong></span> <span class='ocrx_word' id='word_1_192' title='bbox 1421 3355 1613 3404; x_wconf 90' lang='lat' dir='ltr'><strong>rumor,</strong></span> 
     </span>
     <span class='ocr_line' id='line_1_37' title="bbox 546 3410 1613 3478; baseline 0.008 -20"><span class='ocrx_word' id='word_1_193' title='bbox 546 3424 650 3473; x_wconf 87' lang='lat' dir='ltr'><strong>quo</strong></span> <span class='ocrx_word' id='word_1_194' title='bbox 674 3410 933 3461; x_wconf 82' lang='lat' dir='ltr'><strong>delatores</strong></span> <span class='ocrx_word' id='word_1_195' title='bbox 958 3414 1355 3478; x_wconf 84' lang='lat' dir='ltr'><strong>adulatoresque</strong></span> <span class='ocrx_word' id='word_1_196' title='bbox 1384 3416 1613 3467; x_wconf 88' lang='lat' dir='ltr'><strong>Neronis</strong></span> 
     </span>
     <span class='ocr_line' id='line_1_38' title="bbox 549 3488 1611 3551; baseline 0.006 -16"><span class='ocrx_word' id='word_1_197' title='bbox 549 3488 832 3536; x_wconf 86' lang='lat' dir='ltr'><strong>utebantur</strong></span> <span class='ocrx_word' id='word_1_198' title='bbox 874 3492 927 3538; x_wconf 89' lang='lat' dir='ltr'><strong>in</strong></span> <span class='ocrx_word' id='word_1_199' title='bbox 972 3490 1252 3551; x_wconf 86' lang='lat' dir='ltr'><strong>perniciem</strong></span> <span class='ocrx_word' id='word_1_200' title='bbox 1300 3506 1611 3542; x_wconf 88' lang='lat' dir='ltr'><strong>summorum</strong></span> 
     </span>
     <span class='ocr_line' id='line_1_39' title="bbox 548 3561 790 3612; baseline 0.012 -3"><span class='ocrx_word' id='word_1_201' title='bbox 548 3561 790 3612; x_wconf 80' lang='lat' dir='ltr'><strong>virorum.</strong></span> 
     </span>
    </p>

    <p class='ocr_par' dir='ltr' id='par_1_15' title="bbox 503 3636 1613 4393">
     <span class='ocr_line' id='line_1_40' title="bbox 612 3636 1609 3705; baseline 0.011 -21"><span class='ocrx_word' id='word_1_202' title='bbox 612 3636 700 3685; x_wconf 85' lang='lat' dir='ltr'><strong>Sic</strong></span> <span class='ocrx_word' id='word_1_203' title='bbox 723 3653 861 3702; x_wconf 75' lang='lat' dir='ltr'><strong>saepe</strong></span> <span class='ocrx_word' id='word_1_204' title='bbox 885 3639 1075 3690; x_wconf 81' lang='lat' dir='ltr'><strong>fabulae</strong></span> <span class='ocrx_word' id='word_1_205' title='bbox 1100 3657 1294 3705; x_wconf 86' lang='lat' dir='ltr'><strong>sparsae</strong></span> <span class='ocrx_word' id='word_1_206' title='bbox 1316 3643 1368 3691; x_wconf 90' lang='lat' dir='ltr'><strong>in</strong></span> <span class='ocrx_word' id='word_1_207' title='bbox 1392 3644 1609 3696; x_wconf 86' lang='lat' dir='ltr'><strong>exitium</strong></span> 
     </span>
     <span class='ocr_line' id='line_1_41' title="bbox 546 3714 1610 3785; baseline 0.01 -24"><span class='ocrx_word' id='word_1_208' title='bbox 546 3714 794 3764; x_wconf 74' lang='lat' dir='ltr'><strong>nobilium</strong></span> <span class='ocrx_word' id='word_1_209' title='bbox 813 3718 1312 3784; x_wconf 84' lang='lat' dir='ltr'><strong>clarissimorumque</strong></span> <span class='ocrx_word' id='word_1_210' title='bbox 1329 3720 1537 3785; x_wconf 87' lang='lat' dir='ltr'><strong>civium,</strong></span> <span class='ocrx_word' id='word_1_211' title='bbox 1549 3728 1610 3772; x_wconf 90' lang='lat' dir='ltr'><strong>ut</strong></span> 
     </span>
     <span class='ocr_line' id='line_1_42' title="bbox 543 3788 1612 3855; baseline 0.007 -17"><span class='ocrx_word' id='word_1_212' title='bbox 543 3788 794 3840; x_wconf 85' lang='lat' dir='ltr'><strong>incitetur</strong></span> <span class='ocrx_word' id='word_1_213' title='bbox 830 3792 1007 3841; x_wconf 83' lang='lat' dir='ltr'><strong>odium</strong></span> <span class='ocrx_word' id='word_1_214' title='bbox 1027 3794 1280 3855; x_wconf 85' lang='lat' dir='ltr'><strong>Tyranni:</strong></span> <span class='ocrx_word' id='word_1_215' title='bbox 1325 3796 1482 3845; x_wconf 85' lang='lat' dir='ltr'><strong>etiam</strong></span> <span class='ocrx_word' id='word_1_216' title='bbox 1518 3796 1612 3846; x_wconf 88' lang='lat' dir='ltr'><strong>ali-</strong></span> 
     </span>
     <span class='ocr_line' id='line_1_43' title="bbox 546 3863 1609 3930; baseline 0.008 -16"><span class='ocrx_word' id='word_1_217' title='bbox 546 3863 751 3930; x_wconf 81' lang='lat' dir='ltr'><strong>quaudo</strong></span> <span class='ocrx_word' id='word_1_218' title='bbox 774 3868 842 3916; x_wconf 87' lang='lat' dir='ltr'><strong>ab</strong></span> <span class='ocrx_word' id='word_1_219' title='bbox 875 3868 1055 3917; x_wconf 87' lang='lat' dir='ltr'><strong>amicis</strong></span> <span class='ocrx_word' id='word_1_220' title='bbox 1084 3870 1305 3919; x_wconf 87' lang='lat' dir='ltr'><strong>incautis</strong></span> <span class='ocrx_word' id='word_1_221' title='bbox 1335 3872 1609 3923; x_wconf 85' lang='lat' dir='ltr'><strong>crescebat</strong></span> 
     </span>
     <span class='ocr_line' id='line_1_44' title="bbox 545 3937 1610 4011; baseline 0.009 -23"><span class='ocrx_word' id='word_1_222' title='bbox 545 3937 712 4003; x_wconf 66' lang='lat' dir='ltr'><strong>gloria</strong></span> <span class='ocrx_word' id='word_1_223' title='bbox 732 3943 870 4006; x_wconf 86' lang='lat' dir='ltr'><strong>apud</strong></span> <span class='ocrx_word' id='word_1_224' title='bbox 893 3951 1101 3993; x_wconf 83' lang='lat' dir='ltr'><strong>ceteros</strong></span> <span class='ocrx_word' id='word_1_225' title='bbox 1119 3947 1380 4009; x_wconf 81' lang='lat' dir='ltr'><strong>mortales,</strong></span> <span class='ocrx_word' id='word_1_226' title='bbox 1396 3954 1452 3996; x_wconf 87' lang='lat' dir='ltr'><strong>et</strong></span> <span class='ocrx_word' id='word_1_227' title='bbox 1473 3949 1610 4011; x_wconf 88' lang='lat' dir='ltr'><strong>peri-</strong></span> 
     </span>
     <span class='ocr_line' id='line_1_45' title="bbox 544 4016 1612 4087; baseline 0.007 -22"><span class='ocrx_word' id='word_1_228' title='bbox 544 4016 665 4066; x_wconf 86' lang='lat' dir='ltr'><strong>cula</strong></span> <span class='ocrx_word' id='word_1_229' title='bbox 685 4017 752 4067; x_wconf 86' lang='lat' dir='ltr'><strong>ab</strong></span> <span class='ocrx_word' id='word_1_230' title='bbox 776 4033 895 4081; x_wconf 90' lang='lat' dir='ltr'><strong>uno,</strong></span> <span class='ocrx_word' id='word_1_231' title='bbox 916 4034 1104 4082; x_wconf 87' lang='lat' dir='ltr'><strong>nempe</strong></span> <span class='ocrx_word' id='word_1_232' title='bbox 1135 4022 1367 4084; x_wconf 84' lang='lat' dir='ltr'><strong>Nerone,</strong></span> <span class='ocrx_word' id='word_1_233' title='bbox 1408 4024 1495 4087; x_wconf 87' lang='lat' dir='ltr'><strong>qui</strong></span> <span class='ocrx_word' id='word_1_234' title='bbox 1535 4024 1612 4072; x_wconf 87' lang='lat' dir='ltr'><strong>in-</strong></span> 
     </span>
     <span class='ocr_line' id='line_1_46' title="bbox 546 4092 1611 4161; baseline 0.007 -20"><span class='ocrx_word' id='word_1_235' title='bbox 546 4092 762 4144; x_wconf 81' lang='lat' dir='ltr'><strong>videbat</strong></span> <span class='ocrx_word' id='word_1_236' title='bbox 785 4095 982 4159; x_wconf 82' lang='lat' dir='ltr'><strong>gloriae,</strong></span> <span class='ocrx_word' id='word_1_237' title='bbox 1013 4105 1069 4146; x_wconf 88' lang='lat' dir='ltr'><strong>et</strong></span> <span class='ocrx_word' id='word_1_238' title='bbox 1107 4098 1340 4161; x_wconf 76' lang='lat' dir='ltr'><strong>perditos</strong></span> <span class='ocrx_word' id='word_1_239' title='bbox 1363 4100 1501 4148; x_wconf 86' lang='lat' dir='ltr'><strong>viros</strong></span> <span class='ocrx_word' id='word_1_240' title='bbox 1523 4115 1611 4149; x_wconf 89' lang='lat' dir='ltr'><strong>vo-</strong></span> 
     </span>
     <span class='ocr_line' id='line_1_47' title="bbox 546 4166 1612 4239; baseline 0.008 -23"><span class='ocrx_word' id='word_1_241' title='bbox 546 4166 673 4229; x_wconf 76' lang='lat' dir='ltr'><strong>luit3</strong></span> <span class='ocrx_word' id='word_1_242' title='bbox 696 4176 753 4219; x_wconf 90' lang='lat' dir='ltr'><strong>et</strong></span> <span class='ocrx_word' id='word_1_243' title='bbox 766 4171 925 4220; x_wconf 86' lang='lat' dir='ltr'><strong>etiam</strong></span> <span class='ocrx_word' id='word_1_244' title='bbox 937 4173 1005 4221; x_wconf 85' lang='lat' dir='ltr'><strong>ab</strong></span> <span class='ocrx_word' id='word_1_245' title='bbox 1026 4173 1260 4238; x_wconf 85' lang='lat' dir='ltr'><strong>infensis,</strong></span> <span class='ocrx_word' id='word_1_246' title='bbox 1279 4175 1365 4238; x_wconf 84' lang='lat' dir='ltr'><strong>qui</strong></span> <span class='ocrx_word' id='word_1_247' title='bbox 1383 4190 1478 4238; x_wconf 86' lang='lat' dir='ltr'><strong>per</strong></span> <span class='ocrx_word' id='word_1_248' title='bbox 1494 4191 1612 4239; x_wconf 84' lang='lat' dir='ltr'><strong>pra-</strong></span> 
     </span>
     <span class='ocr_line' id='line_1_48' title="bbox 503 4242 1613 4316; baseline 0.014 -25"><span class='ocrx_word' id='word_1_249' title='bbox 503 4265 509 4272; x_wconf 90' lang='lat'><strong>·</strong></span> <span class='ocrx_word' id='word_1_250' title='bbox 547 4242 762 4295; x_wconf 84' lang='lat' dir='ltr'><strong>vitatem</strong></span> <span class='ocrx_word' id='word_1_251' title='bbox 779 4248 855 4297; x_wconf 87' lang='lat' dir='ltr'><strong>sic</strong></span> <span class='ocrx_word' id='word_1_252' title='bbox 869 4249 1167 4300; x_wconf 85' lang='lat' dir='ltr'><strong>laudabant.</strong></span> <span class='ocrx_word' id='word_1_253' title='bbox 1198 4253 1286 4302; x_wconf 87' lang='lat' dir='ltr'><strong>Sic</strong></span> <span class='ocrx_word' id='word_1_254' title='bbox 1302 4253 1496 4316; x_wconf 76' lang='lat' dir='ltr'><strong>egregii</strong></span> <span class='ocrx_word' id='word_1_255' title='bbox 1514 4253 1613 4308; x_wconf 77' lang='lat' dir='ltr'><strong>viti</strong></span> 
     </span>
     <span class='ocr_line' id='line_1_49' title="bbox 550 4317 1613 4393; baseline 0.009 -21"><span class='ocrx_word' id='word_1_256' title='bbox 550 4317 1015 4386; x_wconf 66' lang='lat' dir='ltr'><strong>praecipitabantur</strong></span> <span class='ocrx_word' id='word_1_257' title='bbox 1052 4327 1106 4376; x_wconf 91' lang='lat' dir='ltr'><strong>in</strong></span> <span class='ocrx_word' id='word_1_258' title='bbox 1145 4329 1362 4393; x_wconf 84' lang='lat' dir='ltr'><strong>gloriam</strong></span> <span class='ocrx_word' id='word_1_259' title='bbox 1383 4330 1613 4382; x_wconf 81' lang='lat' dir='ltr'><strong>simulet</strong></span> 
     </span>
    </p>
   </div>
   <div class='ocr_carea' id='block_1_12' title="bbox 1701 1645 2776 2330">
    <p class='ocr_par' dir='ltr' id='par_1_16' title="bbox 1705 1645 2772 1773">
     <span class='ocr_line' id='line_1_50' title="bbox 1705 1645 2772 1711; baseline 0.001 -15"><span class='ocrx_word' id='word_1_260' title='bbox 1705 1646 1760 1696; x_wconf 90' lang='lat' dir='ltr'><strong>in</strong></span> <span class='ocrx_word' id='word_1_261' title='bbox 1785 1645 2055 1711; x_wconf 84' lang='lat' dir='ltr'><strong>pericula;</strong></span> <span class='ocrx_word' id='word_1_262' title='bbox 2088 1646 2263 1711; x_wconf 84' lang='lat' dir='ltr'><strong>sicque</strong></span> <span class='ocrx_word' id='word_1_263' title='bbox 2281 1645 2299 1673; x_wconf 90' lang='lat'>‘</span> <span class='ocrx_word' id='word_1_264' title='bbox 2316 1645 2599 1711; x_wconf 83' lang='lat' dir='ltr'><strong>pessimum</strong></span> <span class='ocrx_word' id='word_1_265' title='bbox 2621 1658 2772 1709; x_wconf 69' lang='lat' dir='ltr'><strong>genus</strong></span> 
     </span>
     <span class='ocr_line' id='line_1_51' title="bbox 1708 1722 2369 1773; baseline 0.005 -3"><span class='ocrx_word' id='word_1_266' title='bbox 1708 1722 2033 1772; x_wconf 89' lang='lat' dir='ltr'><strong>inimicorum</strong></span> <span class='ocrx_word' id='word_1_267' title='bbox 2058 1723 2369 1773; x_wconf 65' lang='lat' dir='ltr'><strong>laudantes!</strong></span> 
     </span>
    </p>

    <p class='ocr_par' dir='ltr' id='par_1_17' title="bbox 1701 1797 2776 2330">
     <span class='ocr_line' id='line_1_52' title="bbox 1769 1797 2772 1863; baseline -0.002 -14"><span class='ocrx_word' id='word_1_268' title='bbox 1769 1799 1918 1850; x_wconf 89' lang='lat' dir='ltr'><strong>Tales</strong></span> <span class='ocrx_word' id='word_1_269' title='bbox 1942 1798 2136 1850; x_wconf 82' lang='lat' dir='ltr'><strong>fabulae</strong></span> <span class='ocrx_word' id='word_1_270' title='bbox 2156 1800 2297 1862; x_wconf 85' lang='lat' dir='ltr'><strong>vulgi</strong></span> <span class='ocrx_word' id='word_1_271' title='bbox 2320 1814 2460 1863; x_wconf 80' lang='lat' dir='ltr'><strong>saepe</strong></span> <span class='ocrx_word' id='word_1_272' title='bbox 2484 1799 2537 1848; x_wconf 90' lang='lat' dir='ltr'><strong>in</strong></span> <span class='ocrx_word' id='word_1_273' title='bbox 2561 1797 2772 1848; x_wconf 82' lang='lat' dir='ltr'><strong>exitium</strong></span> 
     </span>
     <span class='ocr_line' id='line_1_53' title="bbox 1706 1877 2773 1943; baseline -0.002 -15"><span class='ocrx_word' id='word_1_274' title='bbox 1706 1877 1959 1928; x_wconf 88' lang='lat' dir='ltr'><strong>bonorum</strong></span> <span class='ocrx_word' id='word_1_275' title='bbox 1981 1893 2192 1943; x_wconf 69' lang='lat' dir='ltr'><strong>sparsae,</strong></span> <span class='ocrx_word' id='word_1_276' title='bbox 2209 1891 2368 1942; x_wconf 85' lang='lat' dir='ltr'><strong>supra</strong></span> <span class='ocrx_word' id='word_1_277' title='bbox 2390 1878 2426 1926; x_wconf 94' lang='lat' dir='ltr'><strong>l.</strong></span> <span class='ocrx_word' id='word_1_278' title='bbox 2440 1891 2496 1928; x_wconf 77' lang='lat' dir='ltr'><strong>v,</strong></span> <span class='ocrx_word' id='word_1_279' title='bbox 2508 1881 2561 1928; x_wconf 74' lang='lat'><strong>4.</strong></span> <span class='ocrx_word' id='word_1_280' title='bbox 2594 1877 2610 1904; x_wconf 88' lang='lat'>‘</span> <span class='ocrx_word' id='word_1_281' title='bbox 2626 1878 2773 1927; x_wconf 87' lang='lat' dir='ltr'><strong>Fere-</strong></span> 
     </span>
     <span class='ocr_line' id='line_1_54' title="bbox 1704 1950 2775 2006; baseline -0.003 0"><span class='ocrx_word' id='word_1_282' title='bbox 1704 1956 1896 2006; x_wconf 86' lang='lat' dir='ltr'><strong>bantur</strong></span> <span class='ocrx_word' id='word_1_283' title='bbox 1917 1955 2076 2005; x_wconf 86' lang='lat' dir='ltr'><strong>etiam</strong></span> <span class='ocrx_word' id='word_1_284' title='bbox 2099 1955 2195 2005; x_wconf 85' lang='lat' dir='ltr'><strong>sub</strong></span> <span class='ocrx_word' id='word_1_285' title='bbox 2227 1954 2521 2004; x_wconf 85' lang='lat' dir='ltr'><strong>nominibus</strong></span> <span class='ocrx_word' id='word_1_286' title='bbox 2542 1950 2775 2004; x_wconf 85' lang='lat' dir='ltr'><strong>consula-</strong></span> 
     </span>
     <span class='ocr_line' id='line_1_55' title="bbox 1703 2032 2775 2098; baseline -0.001 -16"><span class='ocrx_word' id='word_1_287' title='bbox 1703 2033 1837 2082; x_wconf 89' lang='lat' dir='ltr'><strong>rium</strong></span> <span class='ocrx_word' id='word_1_288' title='bbox 1858 2032 1999 2083; x_wconf 78' lang='lat' dir='ltr'><strong>fictae</strong></span> <span class='ocrx_word' id='word_1_289' title='bbox 2021 2033 2076 2082; x_wconf 90' lang='lat' dir='ltr'><strong>in</strong></span> <span class='ocrx_word' id='word_1_290' title='bbox 2097 2034 2337 2098; x_wconf 80' lang='lat' dir='ltr'><strong>sejanum</strong></span> <span class='ocrx_word' id='word_1_291' title='bbox 2363 2032 2663 2093; x_wconf 66' lang='lat' dir='ltr'><strong>sententiae,</strong></span> <span class='ocrx_word' id='word_1_292' title='bbox 2688 2046 2775 2081; x_wconf 86' lang='lat' dir='ltr'><strong>ex-</strong></span> 
     </span>
     <span class='ocr_line' id='line_1_56' title="bbox 1701 2110 2774 2176; baseline -0.001 -18"><span class='ocrx_word' id='word_1_293' title='bbox 1701 2110 2004 2160; x_wconf 86' lang='lat' dir='ltr'><strong>ercentibus</strong></span> <span class='ocrx_word' id='word_1_294' title='bbox 2048 2110 2311 2176; x_wconf 88' lang='lat' dir='ltr'><strong>plerisque</strong></span> <span class='ocrx_word' id='word_1_295' title='bbox 2352 2124 2449 2172; x_wconf 84' lang='lat' dir='ltr'><strong>per</strong></span> <span class='ocrx_word' id='word_1_296' title='bbox 2494 2110 2774 2169; x_wconf 88' lang='lat' dir='ltr'><strong>occultum,</strong></span> 
     </span>
     <span class='ocr_line' id='line_1_57' title="bbox 1702 2185 2776 2257; baseline -0.002 -22"><span class='ocrx_word' id='word_1_297' title='bbox 1702 2191 1863 2257; x_wconf 84' lang='lat' dir='ltr'><strong>atque</strong></span> <span class='ocrx_word' id='word_1_298' title='bbox 1897 2202 1960 2237; x_wconf 91' lang='lat' dir='ltr'><strong>eo</strong></span> <span class='ocrx_word' id='word_1_299' title='bbox 1996 2186 2291 2251; x_wconf 83' lang='lat' dir='ltr'><strong>procacius,</strong></span> <span class='ocrx_word' id='word_1_300' title='bbox 2323 2185 2595 2235; x_wconf 86' lang='lat' dir='ltr'><strong>libidinem</strong></span> <span class='ocrx_word' id='word_1_301' title='bbox 2638 2186 2776 2248; x_wconf 77' lang='lat' dir='ltr'><strong>inge·</strong></span> 
     </span>
     <span class='ocr_line' id='line_1_58' title="bbox 1702 2261 2775 2330; baseline -0.002 -18"><span class='ocrx_word' id='word_1_302' title='bbox 1702 2264 1926 2314; x_wconf 86' lang='lat' dir='ltr'><strong>niorum.</strong></span> <span class='ocrx_word' id='word_1_303' title='bbox 1990 2265 2144 2315; x_wconf 86' lang='lat' dir='ltr'><strong>Unde</strong></span> <span class='ocrx_word' id='word_1_304' title='bbox 2177 2263 2256 2314; x_wconf 90' lang='lat' dir='ltr'><strong>illi</strong></span> <span class='ocrx_word' id='word_1_305' title='bbox 2292 2261 2536 2330; x_wconf 89' lang='lat' dir='ltr'><strong>(Sejano)</strong></span> <span class='ocrx_word' id='word_1_306' title='bbox 2571 2263 2652 2312; x_wconf 89' lang='lat' dir='ltr'><strong>ira</strong></span> <span class='ocrx_word' id='word_1_307' title='bbox 2673 2263 2775 2311; x_wconf 85' lang='lat' dir='ltr'><strong>vio-</strong></span> 
     </span>
    </p>
   </div>
   <div class='ocr_carea' id='block_1_13' title="bbox 1683 2341 1927 2393">
    <p class='ocr_par' dir='ltr' id='par_1_18' title="bbox 1683 2341 1927 2393">
     <span class='ocr_line' id='line_1_59' title="bbox 1683 2341 1927 2393; baseline 0.012 -3"><span class='ocrx_word' id='word_1_308' title='bbox 1683 2357 1689 2361; x_wconf 88' lang='lat'>·</span> <span class='ocrx_word' id='word_1_309' title='bbox 1702 2341 1927 2393; x_wconf 87' lang='lat' dir='ltr'><strong>lentior.’</strong></span> 
     </span>
    </p>
   </div>
   <div class='ocr_carea' id='block_1_14' title="bbox 1687 2414 2775 4384">
    <p class='ocr_par' dir='ltr' id='par_1_19' title="bbox 1775 2414 2775 2484">
     <span class='ocr_line' id='line_1_60' title="bbox 1775 2414 2775 2484; baseline -0.004 -16"><span class='ocrx_word' id='word_1_310' title='bbox 1775 2419 1913 2468; x_wconf 75' lang='lat' dir='ltr'><strong>Unde</strong></span> <span class='ocrx_word' id='word_1_311' title='bbox 1943 2419 2124 2484; x_wconf 78' lang='lat' dir='ltr'><strong>gloria]</strong></span> <span class='ocrx_word' id='word_1_312' title='bbox 2177 2418 2311 2468; x_wconf 89' lang='lat' dir='ltr'><strong>Sunt</strong></span> <span class='ocrx_word' id='word_1_313' title='bbox 2342 2417 2432 2483; x_wconf 87' lang='lat' dir='ltr'><strong>qui</strong></span> <span class='ocrx_word' id='word_1_314' title='bbox 2473 2417 2547 2465; x_wconf 88' lang='lat' dir='ltr'><strong>sic</strong></span> <span class='ocrx_word' id='word_1_315' title='bbox 2588 2414 2775 2465; x_wconf 86' lang='lat' dir='ltr'><strong>intelli-</strong></span> 
     </span>
    </p>

    <p class='ocr_par' dir='ltr' id='par_1_20' title="bbox 1689 2494 2774 3477">
     <span class='ocr_line' id='line_1_61' title="bbox 1703 2494 2774 2559; baseline 0.001 -16"><span class='ocrx_word' id='word_1_316' title='bbox 1703 2502 1864 2558; x_wconf 85' lang='lat' dir='ltr'><strong>gant:</strong></span> <span class='ocrx_word' id='word_1_317' title='bbox 1906 2498 2042 2546; x_wconf 71' lang='lat' dir='ltr'><strong>Unde</strong></span> <span class='ocrx_word' id='word_1_318' title='bbox 2073 2497 2230 2559; x_wconf 79' lang='lat' dir='ltr'><strong>gloria</strong></span> <span class='ocrx_word' id='word_1_319' title='bbox 2247 2495 2460 2558; x_wconf 79' lang='lat' dir='ltr'><strong>egregiis</strong></span> <span class='ocrx_word' id='word_1_320' title='bbox 2480 2494 2623 2556; x_wconf 75' lang='lat' dir='ltr'><strong>viv-is,</strong></span> <span class='ocrx_word' id='word_1_321' title='bbox 2658 2494 2774 2544; x_wconf 86' lang='lat' dir='ltr'><strong>hinc</strong></span> 
     </span>
     <span class='ocr_line' id='line_1_62' title="bbox 1701 2569 2773 2636; baseline -0.001 -16"><span class='ocrx_word' id='word_1_322' title='bbox 1701 2577 1758 2620; x_wconf 92' lang='lat' dir='ltr'><strong>et</strong></span> <span class='ocrx_word' id='word_1_323' title='bbox 1782 2573 1997 2635; x_wconf 75' lang='lat' dir='ltr'><strong>pericula</strong></span> <span class='ocrx_word' id='word_1_324' title='bbox 2023 2572 2304 2636; x_wconf 72' lang='lat' dir='ltr'><strong>gliscebant.</strong></span> <span class='ocrx_word' id='word_1_325' title='bbox 2375 2570 2538 2623; x_wconf 83' lang='lat' dir='ltr'><strong>Quasi</strong></span> <span class='ocrx_word' id='word_1_326' title='bbox 2583 2569 2688 2620; x_wconf 72' lang='lat' dir='ltr'><strong>{ma</strong></span> <span class='ocrx_word' id='word_1_327' title='bbox 2721 2577 2773 2620; x_wconf 89' lang='lat' dir='ltr'><strong>et</strong></span> 
     </span>
     <span class='ocr_line' id='line_1_63' title="bbox 1701 2647 2774 2714; baseline 0.001 -19"><span class='ocrx_word' id='word_1_328' title='bbox 1701 2647 1885 2697; x_wconf 88' lang='lat' dir='ltr'><strong>eadem</strong></span> <span class='ocrx_word' id='word_1_329' title='bbox 1910 2663 2067 2714; x_wconf 78' lang='lat' dir='ltr'><strong>causa</strong></span> <span class='ocrx_word' id='word_1_330' title='bbox 2095 2649 2223 2712; x_wconf 85' lang='lat' dir='ltr'><strong>ipsis</strong></span> <span class='ocrx_word' id='word_1_331' title='bbox 2257 2655 2398 2698; x_wconf 85' lang='lat' dir='ltr'><strong>esset</strong></span> <span class='ocrx_word' id='word_1_332' title='bbox 2433 2648 2618 2712; x_wconf 82' lang='lat' dir='ltr'><strong>gloriae</strong></span> <span class='ocrx_word' id='word_1_333' title='bbox 2643 2648 2774 2711; x_wconf 86' lang='lat' dir='ltr'><strong>peri-</strong></span> 
     </span>
     <span class='ocr_line' id='line_1_64' title="bbox 1700 2725 2773 2790; baseline 0.002 -18"><span class='ocrx_word' id='word_1_334' title='bbox 1700 2725 1928 2790; x_wconf 87' lang='lat' dir='ltr'><strong>culique.</strong></span> <span class='ocrx_word' id='word_1_335' title='bbox 2003 2726 2160 2788; x_wconf 76' lang='lat' dir='ltr'><strong>Unde,</strong></span> <span class='ocrx_word' id='word_1_336' title='bbox 2200 2726 2254 2774; x_wconf 85' lang='lat' dir='ltr'><strong>id</strong></span> <span class='ocrx_word' id='word_1_337' title='bbox 2295 2732 2395 2787; x_wconf 91' lang='lat' dir='ltr'><strong>est,</strong></span> <span class='ocrx_word' id='word_1_338' title='bbox 2435 2725 2656 2789; x_wconf 89' lang='lat' dir='ltr'><strong>itaque:</strong></span> <span class='ocrx_word' id='word_1_339' title='bbox 2693 2726 2773 2775; x_wconf 85' lang='lat' dir='ltr'><strong>vel</strong></span> 
     </span>
     <span class='ocr_line' id='line_1_65' title="bbox 1698 2800 2645 2863; baseline 0.002 -16"><span class='ocrx_word' id='word_1_340' title='bbox 1698 2802 1838 2863; x_wconf 73' lang='lat' dir='ltr'><strong>unde,</strong></span> <span class='ocrx_word' id='word_1_341' title='bbox 1853 2801 1904 2850; x_wconf 90' lang='lat' dir='ltr'><strong>id</strong></span> <span class='ocrx_word' id='word_1_342' title='bbox 1930 2808 2030 2859; x_wconf 88' lang='lat' dir='ltr'><strong>est,</strong></span> <span class='ocrx_word' id='word_1_343' title='bbox 2053 2816 2119 2849; x_wconf 78' lang='lat' dir='ltr'><strong>ex</strong></span> <span class='ocrx_word' id='word_1_344' title='bbox 2143 2800 2367 2851; x_wconf 87' lang='lat' dir='ltr'><strong>ludibrio</strong></span> <span class='ocrx_word' id='word_1_345' title='bbox 2396 2801 2645 2850; x_wconf 87' lang='lat' dir='ltr'><strong>Neronis.</strong></span> 
     </span>
     <span class='ocr_line' id='line_1_66' title="bbox 1708 2874 2773 2940; baseline -0.002 -15"><span class='ocrx_word' id='word_1_346' title='bbox 1708 2908 1715 2911; x_wconf 19' lang='grc' dir='ltr'><strong><em>ἠ</em></strong></span> <span class='ocrx_word' id='word_1_347' title='bbox 1763 2878 1989 2926; x_wconf 85' lang='lat' dir='ltr'><strong>Summae</strong></span> <span class='ocrx_word' id='word_1_348' title='bbox 2025 2877 2203 2940; x_wconf 86' lang='lat' dir='ltr'><strong>gloriae</strong></span> <span class='ocrx_word' id='word_1_349' title='bbox 2238 2874 2340 2925; x_wconf 89' lang='lat' dir='ltr'><strong>fuit</strong></span> <span class='ocrx_word' id='word_1_350' title='bbox 2370 2876 2618 2925; x_wconf 82' lang='lat' dir='ltr'><strong>Thraseae</strong></span> <span class='ocrx_word' id='word_1_351' title='bbox 2653 2890 2773 2925; x_wconf 90' lang='lat' dir='ltr'><strong>con-</strong></span> 
     </span>
     <span class='ocr_line' id='line_1_67' title="bbox 1697 2949 2772 3015; baseline -0.002 -13"><span class='ocrx_word' id='word_1_352' title='bbox 1697 2953 1908 3014; x_wconf 87' lang='lat' dir='ltr'><strong>stantia,</strong></span> <span class='ocrx_word' id='word_1_353' title='bbox 1931 2949 2184 3001; x_wconf 85' lang='lat' dir='ltr'><strong>infractus</strong></span> <span class='ocrx_word' id='word_1_354' title='bbox 2209 2953 2410 3001; x_wconf 87' lang='lat' dir='ltr'><strong>animus</strong></span> <span class='ocrx_word' id='word_1_355' title='bbox 2440 2951 2772 3015; x_wconf 86' lang='lat' dir='ltr'><strong>invictusque</strong></span> 
     </span>
     <span class='ocr_line' id='line_1_68' title="bbox 1696 3027 2773 3092; baseline -0.002 -14"><span class='ocrx_word' id='word_1_356' title='bbox 1696 3030 1946 3078; x_wconf 86' lang='lat' dir='ltr'><strong>adversus</strong></span> <span class='ocrx_word' id='word_1_357' title='bbox 2007 3027 2204 3077; x_wconf 86' lang='lat' dir='ltr'><strong>foedum</strong></span> <span class='ocrx_word' id='word_1_358' title='bbox 2244 3028 2555 3092; x_wconf 87' lang='lat' dir='ltr'><strong>obsequium</strong></span> <span class='ocrx_word' id='word_1_359' title='bbox 2597 3029 2773 3077; x_wconf 84' lang='lat' dir='ltr'><strong>adula-</strong></span> 
     </span>
     <span class='ocr_line' id='line_1_69' title="bbox 1694 3104 2772 3174; baseline -0.004 -18"><span class='ocrx_word' id='word_1_360' title='bbox 1694 3106 1994 3174; x_wconf 85' lang='lat' dir='ltr'><strong>tionemque</strong></span> <span class='ocrx_word' id='word_1_361' title='bbox 2016 3106 2070 3154; x_wconf 87' lang='lat' dir='ltr'><strong>in</strong></span> <span class='ocrx_word' id='word_1_362' title='bbox 2092 3105 2373 3155; x_wconf 87' lang='lat' dir='ltr'><strong>Neronem.</strong></span> <span class='ocrx_word' id='word_1_363' title='bbox 2443 3105 2650 3154; x_wconf 83' lang='lat' dir='ltr'><strong>Gloriae</strong></span> <span class='ocrx_word' id='word_1_364' title='bbox 2671 3104 2772 3154; x_wconf 85' lang='lat' dir='ltr'><strong>fuit</strong></span> 
     </span>
     <span class='ocr_line' id='line_1_70' title="bbox 1690 3182 2770 3245; baseline -0.003 -13"><span class='ocrx_word' id='word_1_365' title='bbox 1690 3183 1908 3237; x_wconf 78' lang='lat' dir='ltr'><strong>Senecae</strong></span> <span class='ocrx_word' id='word_1_366' title='bbox 1933 3197 2149 3245; x_wconf 87' lang='lat' dir='ltr'><strong>amasse,</strong></span> <span class='ocrx_word' id='word_1_367' title='bbox 2169 3191 2224 3230; x_wconf 92' lang='lat' dir='ltr'><strong>et</strong></span> <span class='ocrx_word' id='word_1_368' title='bbox 2259 3186 2525 3230; x_wconf 89' lang='lat' dir='ltr'><strong>servatum</strong></span> <span class='ocrx_word' id='word_1_369' title='bbox 2548 3182 2770 3230; x_wconf 84' lang='lat' dir='ltr'><strong>voluisse</strong></span> 
     </span>
     <span class='ocr_line' id='line_1_71' title="bbox 1689 3257 2770 3321; baseline -0.005 -12"><span class='ocrx_word' id='word_1_370' title='bbox 1689 3260 1989 3309; x_wconf 86' lang='lat' dir='ltr'><strong>Thraseam.</strong></span> <span class='ocrx_word' id='word_1_371' title='bbox 2056 3258 2158 3308; x_wconf 85' lang='lat' dir='ltr'><strong>Sed</strong></span> <span class='ocrx_word' id='word_1_372' title='bbox 2191 3258 2310 3307; x_wconf 85' lang='lat' dir='ltr'><strong>binc</strong></span> <span class='ocrx_word' id='word_1_373' title='bbox 2347 3257 2517 3306; x_wconf 79' lang='lat' dir='ltr'><strong>simul.</strong></span> <span class='ocrx_word' id='word_1_374' title='bbox 2541 3272 2770 3321; x_wconf 78' lang='lat' dir='ltr'><strong>enierge-</strong></span> 
     </span>
     <span class='ocr_line' id='line_1_72' title="bbox 1696 3334 2770 3401; baseline -0.003 -16"><span class='ocrx_word' id='word_1_375' title='bbox 1696 3336 1825 3385; x_wconf 89' lang='lat' dir='ltr'><strong>bant</strong></span> <span class='ocrx_word' id='word_1_376' title='bbox 1858 3336 2089 3401; x_wconf 84' lang='lat' dir='ltr'><strong>pericula</strong></span> <span class='ocrx_word' id='word_1_377' title='bbox 2123 3341 2181 3385; x_wconf 91' lang='lat' dir='ltr'><strong>et</strong></span> <span class='ocrx_word' id='word_1_378' title='bbox 2220 3334 2553 3396; x_wconf 77' lang='lat' dir='ltr'><strong>crescebant,</strong></span> <span class='ocrx_word' id='word_1_379' title='bbox 2587 3334 2770 3399; x_wconf 84' lang='lat' dir='ltr'><strong>quibus</strong></span> 
     </span>
     <span class='ocr_line' id='line_1_73' title="bbox 1695 3412 2268 3477; baseline -0.003 -15"><span class='ocrx_word' id='word_1_380' title='bbox 1695 3420 1751 3462; x_wconf 86' lang='lat' dir='ltr'><strong>et</strong></span> <span class='ocrx_word' id='word_1_381' title='bbox 1774 3429 1893 3462; x_wconf 85' lang='lat' dir='ltr'><strong>mox</strong></span> <span class='ocrx_word' id='word_1_382' title='bbox 1920 3413 2121 3477; x_wconf 84' lang='lat' dir='ltr'><strong>periere</strong></span> <span class='ocrx_word' id='word_1_383' title='bbox 2145 3412 2268 3474; x_wconf 80' lang='lat' dir='ltr'><strong>ipsi.</strong></span> 
     </span>
    </p>

    <p class='ocr_par' dir='ltr' id='par_1_21' title="bbox 1687 3487 2767 3921">
     <span class='ocr_line' id='line_1_74' title="bbox 1753 3487 2766 3552; baseline 0.003 -18"><span class='ocrx_word' id='word_1_384' title='bbox 1753 3488 1770 3533; x_wconf 75' lang='lat' dir='ltr'>J</span> <span class='ocrx_word' id='word_1_385' title='bbox 1799 3490 2030 3552; x_wconf 73' lang='lat' dir='ltr'><strong>Egregiis</strong></span> <span class='ocrx_word' id='word_1_386' title='bbox 2049 3490 2190 3552; x_wconf 80' lang='lat' dir='ltr'><strong>viris]</strong></span> <span class='ocrx_word' id='word_1_387' title='bbox 2222 3488 2440 3537; x_wconf 83' lang='lat' dir='ltr'><strong>Eximiis</strong></span> <span class='ocrx_word' id='word_1_388' title='bbox 2466 3487 2612 3549; x_wconf 85' lang='lat' dir='ltr'><strong>viris,</strong></span> <span class='ocrx_word' id='word_1_389' title='bbox 2635 3487 2766 3537; x_wconf 90' lang='lat' dir='ltr'><strong>unde</strong></span> 
     </span>
     <span class='ocr_line' id='line_1_75' title="bbox 1692 3564 2767 3629; baseline 0.001 -15"><span class='ocrx_word' id='word_1_390' title='bbox 1692 3566 2000 3629; x_wconf 88' lang='lat' dir='ltr'><strong>periculum,</strong></span> <span class='ocrx_word' id='word_1_391' title='bbox 2017 3566 2136 3614; x_wconf 89' lang='lat' dir='ltr'><strong>binc</strong></span> <span class='ocrx_word' id='word_1_392' title='bbox 2155 3572 2212 3614; x_wconf 87' lang='lat' dir='ltr'><strong>et</strong></span> <span class='ocrx_word' id='word_1_393' title='bbox 2227 3564 2389 3614; x_wconf 87' lang='lat' dir='ltr'><strong>decus</strong></span> <span class='ocrx_word' id='word_1_394' title='bbox 2412 3566 2767 3626; x_wconf 80' lang='lat' dir='ltr'><strong>accrescebat,</strong></span> 
     </span>
     <span class='ocr_line' id='line_1_76' title="bbox 1687 3642 2767 3706; baseline 0.002 -17"><span class='ocrx_word' id='word_1_395' title='bbox 1687 3656 1878 3706; x_wconf 84' lang='lat' dir='ltr'><strong>nempe</strong></span> <span class='ocrx_word' id='word_1_396' title='bbox 1898 3642 2158 3705; x_wconf 68' lang='lat' dir='ltr'><strong>Thraseae,</strong></span> <span class='ocrx_word' id='word_1_397' title='bbox 2189 3642 2428 3703; x_wconf 84' lang='lat' dir='ltr'><strong>Senecae,</strong></span> <span class='ocrx_word' id='word_1_398' title='bbox 2469 3650 2529 3692; x_wconf 89' lang='lat' dir='ltr'><strong>et</strong></span> <span class='ocrx_word' id='word_1_399' title='bbox 2569 3644 2686 3691; x_wconf 87' lang='lat' dir='ltr'><strong>aliis</strong></span> <span class='ocrx_word' id='word_1_400' title='bbox 2709 3643 2767 3691; x_wconf 82' lang='lat' dir='ltr'><strong>si-</strong></span> 
     </span>
     <span class='ocr_line' id='line_1_77' title="bbox 1687 3720 2764 3785; baseline 0.001 -17"><span class='ocrx_word' id='word_1_401' title='bbox 1687 3720 1914 3783; x_wconf 83' lang='lat' dir='ltr'><strong>milibus,</strong></span> <span class='ocrx_word' id='word_1_402' title='bbox 1936 3720 2021 3785; x_wconf 89' lang='lat' dir='ltr'><strong>qui</strong></span> <span class='ocrx_word' id='word_1_403' title='bbox 2040 3722 2124 3769; x_wconf 82' lang='lat' dir='ltr'><strong>vel</strong></span> <span class='ocrx_word' id='word_1_404' title='bbox 2148 3721 2258 3769; x_wconf 90' lang='lat' dir='ltr'><strong>solo</strong></span> <span class='ocrx_word' id='word_1_405' title='bbox 2276 3728 2499 3784; x_wconf 85' lang='lat' dir='ltr'><strong>aspectu</strong></span> <span class='ocrx_word' id='word_1_406' title='bbox 2518 3723 2764 3784; x_wconf 87' lang='lat' dir='ltr'><strong>vultuque</strong></span> 
     </span>
     <span class='ocr_line' id='line_1_78' title="bbox 1689 3794 2767 3860; baseline 0.001 -16"><span class='ocrx_word' id='word_1_407' title='bbox 1689 3795 1920 3845; x_wconf 83' lang='lat' dir='ltr'><strong>verendo</strong></span> <span class='ocrx_word' id='word_1_408' title='bbox 1982 3794 2198 3860; x_wconf 86' lang='lat' dir='ltr'><strong>flagitiis</strong></span> <span class='ocrx_word' id='word_1_409' title='bbox 2242 3795 2626 3845; x_wconf 86' lang='lat' dir='ltr'><strong>dominantium</strong></span> <span class='ocrx_word' id='word_1_410' title='bbox 2684 3796 2767 3845; x_wconf 86' lang='lat' dir='ltr'><strong>ob-</strong></span> 
     </span>
     <span class='ocr_line' id='line_1_79' title="bbox 1689 3871 2189 3921; baseline 0.004 -2"><span class='ocrx_word' id='word_1_411' title='bbox 1689 3877 1831 3920; x_wconf 86' lang='lat' dir='ltr'><strong>stare</strong></span> <span class='ocrx_word' id='word_1_412' title='bbox 1856 3871 2189 3921; x_wconf 77' lang='lat' dir='ltr'><strong>videbantur.</strong></span> 
     </span>
    </p>

    <p class='ocr_par' dir='ltr' id='par_1_22' title="bbox 1687 3946 2764 4384">
     <span class='ocr_line' id='line_1_80' title="bbox 1757 3946 2764 4012; baseline 0.002 -17"><span class='ocrx_word' id='word_1_413' title='bbox 1757 3946 1820 3995; x_wconf 81' lang='lat' dir='ltr'><strong>ld</strong></span> <span class='ocrx_word' id='word_1_414' title='bbox 1850 3951 1985 3996; x_wconf 88' lang='lat' dir='ltr'><strong>enim</strong></span> <span class='ocrx_word' id='word_1_415' title='bbox 2019 3949 2186 3997; x_wconf 88' lang='lat' dir='ltr'><strong>solum</strong></span> <span class='ocrx_word' id='word_1_416' title='bbox 2207 3949 2451 3997; x_wconf 82' lang='lat' dir='ltr'><strong>Thraseae</strong></span> <span class='ocrx_word' id='word_1_417' title='bbox 2488 3948 2764 4012; x_wconf 77' lang='lat' dir='ltr'><strong>exprobra·</strong></span> 
     </span>
     <span class='ocr_line' id='line_1_81' title="bbox 1692 4021 2763 4088; baseline 0 -15"><span class='ocrx_word' id='word_1_418' title='bbox 1692 4021 1802 4073; x_wconf 81' lang='lat' dir='ltr'><strong>tuin</strong></span> <span class='ocrx_word' id='word_1_419' title='bbox 1825 4024 1961 4088; x_wconf 87' lang='lat' dir='ltr'><strong>apud</strong></span> <span class='ocrx_word' id='word_1_420' title='bbox 1984 4025 2130 4075; x_wconf 90' lang='lat' dir='ltr'><strong>Suet.</strong></span> <span class='ocrx_word' id='word_1_421' title='bbox 2156 4025 2280 4074; x_wconf 87' lang='lat' dir='ltr'><strong>Ner.</strong></span> <span class='ocrx_word' id='word_1_422' title='bbox 2304 4028 2388 4074; x_wconf 75' lang='lat'><strong>3⁷.</strong></span> <span class='ocrx_word' id='word_1_423' title='bbox 2406 4025 2422 4051; x_wconf 91' lang='lat'>‘</span> <span class='ocrx_word' id='word_1_424' title='bbox 2442 4025 2599 4073; x_wconf 79' lang='lat' dir='ltr'><strong>Paeto</strong></span> <span class='ocrx_word' id='word_1_425' title='bbox 2613 4025 2763 4073; x_wconf 86' lang='lat' dir='ltr'><strong>Thra-</strong></span> 
     </span>
     <span class='ocr_line' id='line_1_82' title="bbox 1690 4101 2761 4166; baseline 0 -17"><span class='ocrx_word' id='word_1_426' title='bbox 1690 4115 1793 4150; x_wconf 82' lang='lat' dir='ltr'><strong>seae</strong></span> <span class='ocrx_word' id='word_1_427' title='bbox 1820 4102 2018 4151; x_wconf 84' lang='lat' dir='ltr'><strong>tristior</strong></span> <span class='ocrx_word' id='word_1_428' title='bbox 2037 4109 2094 4151; x_wconf 87' lang='lat' dir='ltr'><strong>et</strong></span> <span class='ocrx_word' id='word_1_429' title='bbox 2110 4101 2385 4166; x_wconf 65' lang='lat' dir='ltr'><strong>paedagogi</strong></span> <span class='ocrx_word' id='word_1_430' title='bbox 2408 4101 2584 4150; x_wconf 83' lang='lat' dir='ltr'><strong>vultus</strong></span> <span class='ocrx_word' id='word_1_431' title='bbox 2600 4101 2634 4150; x_wconf 89' lang='lat'><strong>:&#39;</strong></span> <span class='ocrx_word' id='word_1_432' title='bbox 2650 4116 2761 4165; x_wconf 84' lang='lat' dir='ltr'><strong>sup-</strong></span> 
     </span>
     <span class='ocr_line' id='line_1_83' title="bbox 1691 4177 2757 4244; baseline -0.002 -17"><span class='ocrx_word' id='word_1_433' title='bbox 1691 4180 1798 4244; x_wconf 79' lang='lat' dir='ltr'><strong>ple,</strong></span> <span class='ocrx_word' id='word_1_434' title='bbox 1831 4179 2039 4239; x_wconf 79' lang='lat' dir='ltr'><strong>objectus</strong></span> <span class='ocrx_word' id='word_1_435' title='bbox 2071 4186 2161 4242; x_wconf 75' lang='lat' dir='ltr'><strong>est,</strong></span> <span class='ocrx_word' id='word_1_436' title='bbox 2200 4178 2338 4229; x_wconf 86' lang='lat' dir='ltr'><strong>forte</strong></span> <span class='ocrx_word' id='word_1_437' title='bbox 2379 4186 2560 4227; x_wconf 88' lang='lat' dir='ltr'><strong>tamen</strong></span> <span class='ocrx_word' id='word_1_438' title='bbox 2597 4177 2649 4227; x_wconf 89' lang='lat' dir='ltr'><strong>id</strong></span> <span class='ocrx_word' id='word_1_439' title='bbox 2686 4178 2757 4225; x_wconf 86' lang='lat' dir='ltr'><strong>in·</strong></span> 
     </span>
     <span class='ocr_line' id='line_1_84' title="bbox 1688 4253 2756 4321; baseline -0.001 -17"><span class='ocrx_word' id='word_1_440' title='bbox 1688 4255 2033 4320; x_wconf 86' lang='lat' dir='ltr'><strong>telligeudum</strong></span> <span class='ocrx_word' id='word_1_441' title='bbox 2053 4256 2274 4321; x_wconf 80' lang='lat' dir='ltr'><strong>praecise</strong></span> <span class='ocrx_word' id='word_1_442' title='bbox 2297 4257 2505 4305; x_wconf 83' lang='lat' dir='ltr'><strong>tantum</strong></span> <span class='ocrx_word' id='word_1_443' title='bbox 2523 4253 2590 4310; x_wconf 77' lang='lat' dir='ltr'><strong>de</strong></span> <span class='ocrx_word' id='word_1_444' title='bbox 2608 4253 2756 4304; x_wconf 69' lang='lat' dir='ltr'><strong>Thra·</strong></span> 
     </span>
     <span class='ocr_line' id='line_1_85' title="bbox 1687 4332 2353 4384; baseline 0.002 -2"><span class='ocrx_word' id='word_1_445' title='bbox 1687 4345 1781 4382; x_wconf 83' lang='lat' dir='ltr'><strong>sea</strong></span> <span class='ocrx_word' id='word_1_446' title='bbox 1798 4338 1858 4383; x_wconf 87' lang='lat' dir='ltr'><strong>et</strong></span> <span class='ocrx_word' id='word_1_447' title='bbox 1873 4332 2079 4384; x_wconf 88' lang='lat' dir='ltr'><strong>Seneca</strong></span> <span class='ocrx_word' id='word_1_448' title='bbox 2094 4333 2196 4383; x_wconf 86' lang='lat' dir='ltr'><strong>hoc</strong></span> <span class='ocrx_word' id='word_1_449' title='bbox 2217 4333 2353 4384; x_wconf 87' lang='lat' dir='ltr'><strong>loco.</strong></span> 
     </span>
    </p>
   </div>
  </div>
 </body>
</html>
