<?xml version="1.0" encoding="UTF-8"?>
<!DOCTYPE html PUBLIC "-//W3C//DTD XHTML 1.0 Transitional//EN"
    "http://www.w3.org/TR/xhtml1/DTD/xhtml1-transitional.dtd">
<html xmlns="http://www.w3.org/1999/xhtml" xml:lang="en" lang="en">
 <head>
  <title>
</title>
<meta http-equiv="Content-Type" content="text/html;charset=utf-8" />
  <meta name='ocr-system' content='tesseract 3.04.00' />
  <meta name='ocr-capabilities' content='ocr_page ocr_carea ocr_par ocr_line ocrx_word'/>
</head>
<body>
  <div class='ocr_page' id='page_1' title='image "./operaomniavolum00tacigoog/operaomniavolum00tacigoog_0404.png"; bbox 0 0 3063 4952; ppageno 0'>
   <div class='ocr_carea' id='block_1_1' title="bbox 495 338 672 415">
    <p class='ocr_par' dir='ltr' id='par_1_1' title="bbox 495 338 672 415">
     <span class='ocr_line' id='line_1_1' title="bbox 495 338 672 415; baseline -0.034 0"><span class='ocrx_word' id='word_1_1' title='bbox 495 338 672 415; x_wconf 74' lang='lat'>1⁷80</span> 
     </span>
    </p>
   </div>
   <div class='ocr_carea' id='block_1_2' title="bbox 402 495 2709 1413">
    <p class='ocr_par' dir='ltr' id='par_1_2' title="bbox 402 495 2709 1083">
     <span class='ocr_line' id='line_1_2' title="bbox 489 495 2709 587; baseline -0.001 -16"><span class='ocrx_word' id='word_1_2' title='bbox 489 510 693 582; x_wconf 78' lang='lat' dir='ltr'><strong>ortua,</strong></span> <span class='ocrx_word' id='word_1_3' title='bbox 746 498 1133 587; x_wconf 80' lang='lat' dir='ltr'><strong>proceribus</strong></span> <span class='ocrx_word' id='word_1_4' title='bbox 1182 497 1478 564; x_wconf 84' lang='lat' dir='ltr'><strong>civitatis</strong></span> <span class='ocrx_word' id='word_1_5' title='bbox 1528 496 1965 563; x_wconf 75' lang='lat' dir='ltr'><strong>annumeror‘t</strong></span> <span class='ocrx_word' id='word_1_6' title='bbox 2059 495 2240 563; x_wconf 84' lang='lat' dir='ltr'><strong>Inter</strong></span> <span class='ocrx_word' id='word_1_7' title='bbox 2286 501 2574 581; x_wconf 59' lang='lat' dir='ltr'><strong>nobiles„</strong></span> <span class='ocrx_word' id='word_1_8' title='bbox 2629 510 2709 569; x_wconf 85' lang='lat' dir='ltr'><strong>et·</strong></span> 
     </span>
     <span class='ocr_line' id='line_1_3' title="bbox 484 602 2698 690; baseline 0 -19"><span class='ocrx_word' id='word_1_9' title='bbox 484 607 686 690; x_wconf 78' lang='lat' dir='ltr'><strong>longa</strong></span> <span class='ocrx_word' id='word_1_10' title='bbox 713 604 983 670; x_wconf 77' lang='lat' dir='ltr'><strong>decoro.⁷</strong></span> <span class='ocrx_word' id='word_1_11' title='bbox 1012 603 1461 689; x_wconf 80' lang='lat' dir='ltr'><strong>praeferentes,</strong></span> <span class='ocrx_word' id='word_1_12' title='bbox 1514 602 1819 666; x_wconf 82' lang='lat' dir='ltr'><strong>novitas¹¹</strong></span> <span class='ocrx_word' id='word_1_13' title='bbox 1850 619 2000 664; x_wconf 81' lang='lat' dir='ltr'><strong>meo.</strong></span> <span class='ocrx_word' id='word_1_14' title='bbox 2036 602 2272 667; x_wconf 81' lang='lat' dir='ltr'><strong>enituit</strong></span> <span class='ocrx_word' id='word_1_15' title='bbox 2286 603 2346 667; x_wconf 69' lang='lat'><strong>‘1⁸</strong></span> <span class='ocrx_word' id='word_1_16' title='bbox 2423 603 2565 670; x_wconf 89' lang='lat' dir='ltr'><strong>Ubi</strong></span> <span class='ocrx_word' id='word_1_17' title='bbox 2595 614 2698 673; x_wconf 87' lang='lat' dir='ltr'><strong>est</strong></span> 
     </span>
     <span class='ocr_line' id='line_1_4' title="bbox 402 703 2707 786; baseline -0 -11"><span class='ocrx_word' id='word_1_18' title='bbox 402 724 405 725; x_wconf 70' lang='grc'>’</span> <span class='ocrx_word' id='word_1_19' title='bbox 486 711 744 775; x_wconf 84' lang='lat' dir='ltr'><strong>animus</strong></span> <span class='ocrx_word' id='word_1_20' title='bbox 771 709 906 786; x_wconf 91' lang='lat' dir='ltr'><strong>ille,</strong></span> <span class='ocrx_word' id='word_1_21' title='bbox 937 707 1224 773; x_wconf 87' lang='lat' dir='ltr'><strong>modicis</strong></span> <span class='ocrx_word' id='word_1_22' title='bbox 1252 709 1595 771; x_wconf 88' lang='lat' dir='ltr'><strong>contentus</strong></span> <span class='ocrx_word' id='word_1_23' title='bbox 1616 707 1677 768; x_wconf 67' lang='lat' dir='ltr'><strong>‘l&#39;</strong></span> <span class='ocrx_word' id='word_1_24' title='bbox 1718 703 1920 768; x_wconf 82' lang='lat' dir='ltr'><strong>Tales</strong></span> <span class='ocrx_word' id='word_1_25' title='bbox 1943 704 2171 769; x_wconf 85' lang='lat' dir='ltr'><strong>hortos</strong></span> <span class='ocrx_word' id='word_1_26' title='bbox 2229 706 2548 786; x_wconf 86' lang='lat' dir='ltr'><strong>instruit,⁹</strong></span> <span class='ocrx_word' id='word_1_27' title='bbox 2565 716 2606 744; x_wconf 63' lang='lat' dir='ltr'><strong>W</strong></span> <span class='ocrx_word' id='word_1_28' title='bbox 2632 715 2707 776; x_wconf 81' lang='lat' dir='ltr'><strong>et.</strong></span> 
     </span>
     <span class='ocr_line' id='line_1_5' title="bbox 484 800 2701 896; baseline -0.002 -20"><span class='ocrx_word' id='word_1_29' title='bbox 484 832 607 896; x_wconf 91' lang='lat' dir='ltr'><strong>per</strong></span> <span class='ocrx_word' id='word_1_30' title='bbox 633 812 782 878; x_wconf 80' lang='lat' dir='ltr'><strong>haec</strong></span> <span class='ocrx_word' id='word_1_31' title='bbox 812 811 1190 875; x_wconf 85' lang='lat' dir='ltr'><strong>suburbana</strong></span> <span class='ocrx_word' id='word_1_32' title='bbox 1236 800 1507 886; x_wconf 81' lang='lat' dir='ltr'><strong>incedit,=</strong></span> <span class='ocrx_word' id='word_1_33' title='bbox 1549 813 1615 872; x_wconf 88' lang='lat' dir='ltr'><strong>et</strong></span> <span class='ocrx_word' id='word_1_34' title='bbox 1653 808 1855 872; x_wconf 85' lang='lat' dir='ltr'><strong>tantis</strong></span> <span class='ocrx_word' id='word_1_35' title='bbox 1906 824 2213 890; x_wconf 80' lang='lat' dir='ltr'><strong>agrorum</strong></span> <span class='ocrx_word' id='word_1_36' title='bbox 2260 811 2530 894; x_wconf 77' lang='lat' dir='ltr'><strong>spatiiS,</strong></span> <span class='ocrx_word' id='word_1_37' title='bbox 2560 816 2701 877; x_wconf 68' lang='lat' dir='ltr'><strong>tam.</strong></span> 
     </span>
     <span class='ocr_line' id='line_1_6' title="bbox 481 910 2690 1005; baseline 0.001 -26"><span class='ocrx_word' id='word_1_38' title='bbox 481 915 620 980; x_wconf 80' lang='lat' dir='ltr'><strong>lato</strong></span> <span class='ocrx_word' id='word_1_39' title='bbox 646 915 896 980; x_wconf 90' lang='lat' dir='ltr'><strong>foenore</strong></span> <span class='ocrx_word' id='word_1_40' title='bbox 923 914 1287 979; x_wconf 77' lang='lat' dir='ltr'><strong>exuberat‘l</strong></span> <span class='ocrx_word' id='word_1_41' title='bbox 1344 912 1502 976; x_wconf 86' lang='lat' dir='ltr'><strong>Una</strong></span> <span class='ocrx_word' id='word_1_42' title='bbox 1528 911 1828 976; x_wconf 80' lang='lat' dir='ltr'><strong>defensio</strong></span> <span class='ocrx_word' id='word_1_43' title='bbox 1858 910 2169 991; x_wconf 90' lang='lat' dir='ltr'><strong>occurrit,</strong></span> <span class='ocrx_word' id='word_1_44' title='bbox 2195 913 2381 996; x_wconf 90' lang='lat' dir='ltr'><strong>quod</strong></span> <span class='ocrx_word' id='word_1_45' title='bbox 2401 917 2690 1005; x_wconf 17' lang='lat' dir='ltr'><strong>‘muneriff</strong></span> 
     </span>
     <span class='ocr_line' id='line_1_7' title="bbox 483 1002 2704 1083; baseline -0.001 -2"><span class='ocrx_word' id='word_1_46' title='bbox 483 1017 613 1081; x_wconf 85' lang='lat' dir='ltr'><strong>bus</strong></span> <span class='ocrx_word' id='word_1_47' title='bbox 642 1017 776 1083; x_wconf 87' lang='lat' dir='ltr'><strong>tuis</strong></span> <span class='ocrx_word' id='word_1_48' title='bbox 807 1002 1185 1082; x_wconf 46' lang='lat' dir='ltr'><strong>obnitinon&#39;</strong></span> <span class='ocrx_word' id='word_1_49' title='bbox 1203 1016 1425 1081; x_wconf 91' lang='lat' dir='ltr'><strong>debui.</strong></span> <span class='ocrx_word' id='word_1_50' title='bbox 2695 1014 2704 1027; x_wconf 81' lang='grc'><em>’</em></span> 
     </span>
    </p>

    <p class='ocr_par' dir='ltr' id='par_1_3' title="bbox 483 1118 2698 1413">
     <span class='ocr_line' id='line_1_8' title="bbox 568 1118 2698 1205; baseline 0 -20"><span class='ocrx_word' id='word_1_51' title='bbox 568 1121 678 1185; x_wconf 83' lang='grc'><strong>54.</strong></span> <span class='ocrx_word' id='word_1_52' title='bbox 726 1125 746 1154; x_wconf 90' lang='lat'>‘</span> <span class='ocrx_word' id='word_1_53' title='bbox 770 1121 905 1185; x_wconf 91' lang='lat' dir='ltr'><strong>Sed</strong></span> <span class='ocrx_word' id='word_1_54' title='bbox 935 1126 1205 1204; x_wconf 89' lang='lat' dir='ltr'><strong>uterque</strong></span> <span class='ocrx_word' id='word_1_55' title='bbox 1246 1140 1621 1185; x_wconf 81' lang='lat' dir='ltr'><strong>mensuram</strong></span> <span class='ocrx_word' id='word_1_56' title='bbox 1659 1118 2104 1203; x_wconf 76' lang='lat' dir='ltr'><strong>implevimus„</strong></span> <span class='ocrx_word' id='word_1_57' title='bbox 2134 1125 2204 1189; x_wconf 87' lang='lat' dir='ltr'><strong>et</strong></span> <span class='ocrx_word' id='word_1_58' title='bbox 2227 1125 2321 1198; x_wconf 87' lang='lat' dir='ltr'><strong>tu,</strong></span> <span class='ocrx_word' id='word_1_59' title='bbox 2367 1127 2698 1205; x_wconf 74' lang='lat' dir='ltr'><strong>quantum</strong></span> 
     </span>
     <span class='ocr_line' id='line_1_9' title="bbox 485 1216 2689 1307; baseline 0 -20"><span class='ocrx_word' id='word_1_60' title='bbox 485 1216 806 1307; x_wconf 75' lang='lat' dir='ltr'><strong>Princeps</strong></span> <span class='ocrx_word' id='word_1_61' title='bbox 851 1223 1135 1289; x_wconf 84' lang='lat' dir='ltr'><strong>tribuere</strong></span> <span class='ocrx_word' id='word_1_62' title='bbox 1175 1223 1392 1286; x_wconf 85' lang='lat' dir='ltr'><strong>amico</strong></span> <span class='ocrx_word' id='word_1_63' title='bbox 1419 1227 1673 1307; x_wconf 89' lang='lat' dir='ltr'><strong>posset,</strong></span> <span class='ocrx_word' id='word_1_64' title='bbox 1722 1230 1791 1288; x_wconf 90' lang='lat' dir='ltr'><strong>et</strong></span> <span class='ocrx_word' id='word_1_65' title='bbox 1817 1243 1961 1306; x_wconf 87' lang='lat' dir='ltr'><strong>ego,</strong></span> <span class='ocrx_word' id='word_1_66' title='bbox 2010 1228 2328 1307; x_wconf 85' lang='lat' dir='ltr'><strong>quantum</strong></span> <span class='ocrx_word' id='word_1_67' title='bbox 2358 1225 2619 1288; x_wconf 85' lang='lat' dir='ltr'><strong>amicus</strong></span> <span class='ocrx_word' id='word_1_68' title='bbox 2647 1243 2689 1286; x_wconf 85' lang='lat' dir='ltr'><strong>a</strong></span> 
     </span>
     <span class='ocr_line' id='line_1_10' title="bbox 483 1324 2684 1413; baseline 0 -24"><span class='ocrx_word' id='word_1_69' title='bbox 483 1324 800 1410; x_wconf 74' lang='lat' dir='ltr'><strong>Principe</strong></span> <span class='ocrx_word' id='word_1_70' title='bbox 822 1327 1146 1410; x_wconf 84' lang='lat' dir='ltr'><strong>accipere.</strong></span> <span class='ocrx_word' id='word_1_71' title='bbox 1237 1324 1510 1413; x_wconf 65' lang='lat' dir='ltr'><strong>Cetera*</strong></span> <span class='ocrx_word' id='word_1_72' title='bbox 1541 1326 1862 1391; x_wconf 83' lang='lat' dir='ltr'><strong>invidiam</strong></span> <span class='ocrx_word' id='word_1_73' title='bbox 1891 1332 2126 1409; x_wconf 81' lang='lat' dir='ltr'><strong>augent</strong></span> <span class='ocrx_word' id='word_1_74' title='bbox 2143 1334 2184 1391; x_wconf 84' lang='lat'><strong>:¹</strong></span> <span class='ocrx_word' id='word_1_75' title='bbox 2218 1345 2369 1410; x_wconf 86' lang='lat' dir='ltr'><strong>quae</strong></span> <span class='ocrx_word' id='word_1_76' title='bbox 2392 1326 2684 1410; x_wconf 90' lang='lat' dir='ltr'><strong>quidem,</strong></span> 
     </span>
    </p>
   </div>
   <div class='ocr_carea' id='block_1_3' title="bbox 1207 348 2698 421">
    <p class='ocr_par' dir='ltr' id='par_1_4' title="bbox 1207 348 2698 421">
     <span class='ocr_line' id='line_1_11' title="bbox 1207 348 2698 421; baseline -0.005 -21"><span class='ocrx_word' id='word_1_77' title='bbox 1207 351 1268 403; x_wconf 87' lang='lat' dir='ltr'><strong>c.</strong></span> <span class='ocrx_word' id='word_1_78' title='bbox 1311 348 1677 400; x_wconf 72' lang='lat' dir='ltr'><strong>connnnu</strong></span> <span class='ocrx_word' id='word_1_79' title='bbox 1723 348 1988 399; x_wconf 59' lang='lat' dir='ltr'><strong>&#39;racin-</strong></span> <span class='ocrx_word' id='word_1_80' title='bbox 2377 356 2474 421; x_wconf 84' lang='lat' dir='ltr'><strong>[A.</strong></span> <span class='ocrx_word' id='word_1_81' title='bbox 2500 359 2564 411; x_wconf 69' lang='lat' dir='ltr'><strong>U,</strong></span> <span class='ocrx_word' id='word_1_82' title='bbox 2587 363 2698 412; x_wconf 52' lang='lat'><strong>316,</strong></span> 
     </span>
    </p>
   </div>
   <div class='ocr_carea' id='block_1_4' title="bbox 402 1516 2698 2041">
    <p class='ocr_par' dir='ltr' id='par_1_5' title="bbox 480 1516 2698 1826">
     <span class='ocr_line' id='line_1_12' title="bbox 481 1516 2698 1584; baseline -0.001 -17"><span class='ocrx_word' id='word_1_83' title='bbox 481 1516 624 1567; x_wconf 83' lang='lat' dir='ltr'><strong>urbis</strong></span> <span class='ocrx_word' id='word_1_84' title='bbox 658 1516 919 1567; x_wconf 79' lang='lat' dir='ltr'><strong>aser-ibor?</strong></span> <span class='ocrx_word' id='word_1_85' title='bbox 975 1518 1126 1570; x_wconf 88' lang='lat' dir='ltr'><strong>Inter</strong></span> <span class='ocrx_word' id='word_1_86' title='bbox 1147 1519 1374 1569; x_wconf 80' lang='lat' dir='ltr'><strong>illustres</strong></span> <span class='ocrx_word' id='word_1_87' title='bbox 1397 1524 1452 1570; x_wconf 90' lang='lat' dir='ltr'><strong>et</strong></span> <span class='ocrx_word' id='word_1_88' title='bbox 1474 1519 1664 1571; x_wconf 81' lang='lat' dir='ltr'><strong>avitam</strong></span> <span class='ocrx_word' id='word_1_89' title='bbox 1705 1519 1919 1584; x_wconf 81' lang='lat' dir='ltr'><strong>gloriam</strong></span> <span class='ocrx_word' id='word_1_90' title='bbox 1962 1525 2287 1570; x_wconf 77' lang='lat' dir='ltr'><strong>ostentantes</strong></span> <span class='ocrx_word' id='word_1_91' title='bbox 2328 1518 2534 1569; x_wconf 86' lang='lat' dir='ltr'><strong>novitas</strong></span> <span class='ocrx_word' id='word_1_92' title='bbox 2573 1528 2698 1566; x_wconf 76' lang='lat' dir='ltr'><strong>mea’</strong></span> 
     </span>
     <span class='ocr_line' id='line_1_13' title="bbox 484 1580 2690 1650; baseline -0.001 -18"><span class='ocrx_word' id='word_1_93' title='bbox 484 1580 711 1633; x_wconf 80' lang='lat' dir='ltr'><strong>effulsit?</strong></span> <span class='ocrx_word' id='word_1_94' title='bbox 766 1582 871 1633; x_wconf 90' lang='lat' dir='ltr'><strong>Ubi</strong></span> <span class='ocrx_word' id='word_1_95' title='bbox 892 1588 973 1632; x_wconf 80' lang='lat' dir='ltr'><strong>est</strong></span> <span class='ocrx_word' id='word_1_96' title='bbox 994 1599 1139 1633; x_wconf 91' lang='lat' dir='ltr'><strong>mens</strong></span> <span class='ocrx_word' id='word_1_97' title='bbox 1164 1585 1253 1634; x_wconf 86' lang='lat' dir='ltr'><strong>illa</strong></span> <span class='ocrx_word' id='word_1_98' title='bbox 1274 1591 1522 1635; x_wconf 86' lang='lat' dir='ltr'><strong>contenta</strong></span> <span class='ocrx_word' id='word_1_99' title='bbox 1546 1585 1764 1650; x_wconf 82' lang='lat' dir='ltr'><strong>paucis?</strong></span> <span class='ocrx_word' id='word_1_100' title='bbox 1796 1587 1948 1635; x_wconf 84' lang='lat' dir='ltr'><strong>Tales</strong></span> <span class='ocrx_word' id='word_1_101' title='bbox 1970 1584 2145 1634; x_wconf 80' lang='lat' dir='ltr'><strong>hortos</strong></span> <span class='ocrx_word' id='word_1_102' title='bbox 2166 1584 2377 1645; x_wconf 81' lang='lat' dir='ltr'><strong>excolit,</strong></span> <span class='ocrx_word' id='word_1_103' title='bbox 2398 1590 2455 1632; x_wconf 91' lang='lat' dir='ltr'><strong>et</strong></span> <span class='ocrx_word' id='word_1_104' title='bbox 2478 1597 2576 1647; x_wconf 87' lang='lat' dir='ltr'><strong>per</strong></span> <span class='ocrx_word' id='word_1_105' title='bbox 2599 1583 2690 1630; x_wconf 82' lang='lat' dir='ltr'><strong>has</strong></span> 
     </span>
     <span class='ocr_line' id='line_1_14' title="bbox 480 1646 2691 1715; baseline -0.001 -18"><span class='ocrx_word' id='word_1_106' title='bbox 480 1648 632 1697; x_wconf 79' lang='lat' dir='ltr'><strong>villas</strong></span> <span class='ocrx_word' id='word_1_107' title='bbox 652 1647 900 1709; x_wconf 86' lang='lat' dir='ltr'><strong>ambulat,</strong></span> <span class='ocrx_word' id='word_1_108' title='bbox 921 1653 969 1697; x_wconf 87' lang='lat' dir='ltr'><strong>et</strong></span> <span class='ocrx_word' id='word_1_109' title='bbox 989 1653 1061 1698; x_wconf 83' lang='lat' dir='ltr'><strong>tot</strong></span> <span class='ocrx_word' id='word_1_110' title='bbox 1084 1650 1346 1715; x_wconf 85' lang='lat' dir='ltr'><strong>tantisque</strong></span> <span class='ocrx_word' id='word_1_111' title='bbox 1369 1657 1620 1700; x_wconf 87' lang='lat' dir='ltr'><strong>terrarum</strong></span> <span class='ocrx_word' id='word_1_112' title='bbox 1650 1650 1943 1715; x_wconf 81' lang='lat' dir='ltr'><strong>jugeribus,</strong></span> <span class='ocrx_word' id='word_1_113' title='bbox 1974 1656 2031 1699; x_wconf 91' lang='lat' dir='ltr'><strong>et</strong></span> <span class='ocrx_word' id='word_1_114' title='bbox 2069 1656 2172 1699; x_wconf 88' lang='lat' dir='ltr'><strong>tam</strong></span> <span class='ocrx_word' id='word_1_115' title='bbox 2196 1650 2445 1700; x_wconf 85' lang='lat' dir='ltr'><strong>immensa</strong></span> <span class='ocrx_word' id='word_1_116' title='bbox 2466 1646 2691 1711; x_wconf 85' lang='lat' dir='ltr'><strong>pecunia</strong></span> 
     </span>
     <span class='ocr_line' id='line_1_15' title="bbox 484 1711 2688 1825; baseline 0 -66"><span class='ocrx_word' id='word_1_117' title='bbox 484 1711 768 1825; x_wconf 56' lang='grc' dir='ltr'>αδιιιιὲἰιιὲἔί</span> <span class='ocrx_word' id='word_1_118' title='bbox 812 1713 933 1762; x_wconf 84' lang='lat' dir='ltr'><strong>Una</strong></span> <span class='ocrx_word' id='word_1_119' title='bbox 954 1714 1190 1777; x_wconf 82' lang='lat' dir='ltr'><strong>suppetit</strong></span> <span class='ocrx_word' id='word_1_120' title='bbox 1212 1714 1492 1765; x_wconf 85' lang='lat' dir='ltr'><strong>excusandi</strong></span> <span class='ocrx_word' id='word_1_121' title='bbox 1531 1717 1682 1781; x_wconf 83' lang='lat' dir='ltr'><strong>ratio,</strong></span> <span class='ocrx_word' id='word_1_122' title='bbox 1717 1715 1857 1781; x_wconf 86' lang='lat' dir='ltr'><strong>quod</strong></span> <span class='ocrx_word' id='word_1_123' title='bbox 1893 1713 2260 1765; x_wconf 76' lang='lat' dir='ltr'><strong>munificentiae</strong></span> <span class='ocrx_word' id='word_1_124' title='bbox 2297 1720 2404 1763; x_wconf 83' lang='lat' dir='ltr'><strong>tuae</strong></span> <span class='ocrx_word' id='word_1_125' title='bbox 2444 1712 2688 1762; x_wconf 84' lang='lat' dir='ltr'><strong>resistere</strong></span> 
     </span>
     <span class='ocr_line' id='line_1_16' title="bbox 486 1790 934 1826; baseline 0 0"><span class='ocrx_word' id='word_1_126' title='bbox 486 1790 590 1826; x_wconf 88' lang='lat' dir='ltr'><strong>non</strong></span> <span class='ocrx_word' id='word_1_127' title='bbox 650 1792 678 1823; x_wconf 84' lang='lat' dir='ltr'><strong>e</strong></span> <span class='ocrx_word' id='word_1_128' title='bbox 717 1792 747 1824; x_wconf 92' lang='lat' dir='ltr'><strong>u</strong></span> <span class='ocrx_word' id='word_1_129' title='bbox 774 1811 787 1826; x_wconf 93' lang='lat'><strong>.</strong></span> <span class='ocrx_word' id='word_1_130' title='bbox 929 1807 934 1817; x_wconf 70' lang='grc'><strong>«</strong></span> 
     </span>
    </p>

    <p class='ocr_par' dir='ltr' id='par_1_6' title="bbox 402 1840 2695 2041">
     <span class='ocr_line' id='line_1_17' title="bbox 546 1840 2695 1909; baseline 0 -19"><span class='ocrx_word' id='word_1_131' title='bbox 546 1840 652 1890; x_wconf 87' lang='lat' dir='ltr'><strong>Sed</strong></span> <span class='ocrx_word' id='word_1_132' title='bbox 692 1840 842 1890; x_wconf 86' lang='lat' dir='ltr'><strong>ambo</strong></span> <span class='ocrx_word' id='word_1_133' title='bbox 880 1855 1060 1890; x_wconf 90' lang='lat' dir='ltr'><strong>munus</strong></span> <span class='ocrx_word' id='word_1_134' title='bbox 1096 1848 1379 1908; x_wconf 86' lang='lat' dir='ltr'><strong>partesque</strong></span> <span class='ocrx_word' id='word_1_135' title='bbox 1415 1851 1621 1895; x_wconf 85' lang='lat' dir='ltr'><strong>nostras</strong></span> <span class='ocrx_word' id='word_1_136' title='bbox 1653 1845 1997 1909; x_wconf 84' lang='lat' dir='ltr'><strong>explevimus,</strong></span> <span class='ocrx_word' id='word_1_137' title='bbox 2034 1852 2090 1895; x_wconf 90' lang='lat' dir='ltr'><strong>et</strong></span> <span class='ocrx_word' id='word_1_138' title='bbox 2126 1850 2185 1894; x_wconf 87' lang='lat' dir='ltr'><strong>tu</strong></span> <span class='ocrx_word' id='word_1_139' title='bbox 2219 1842 2394 1894; x_wconf 79' lang='lat' dir='ltr'><strong>dedisti</strong></span> <span class='ocrx_word' id='word_1_140' title='bbox 2434 1847 2695 1906; x_wconf 65' lang='lat' dir='ltr'><strong>quantum*</strong></span> 
     </span>
     <span class='ocr_line' id='line_1_18' title="bbox 402 1904 2690 1974; baseline 0.002 -19"><span class='ocrx_word' id='word_1_141' title='bbox 402 1922 403 1925; x_wconf 47' lang='lat'>¹</span> <span class='ocrx_word' id='word_1_142' title='bbox 486 1904 666 1955; x_wconf 75' lang='lat' dir='ltr'><strong>Caesar</strong></span> <span class='ocrx_word' id='word_1_143' title='bbox 686 1905 861 1968; x_wconf 83' lang='lat' dir='ltr'><strong>largiri</strong></span> <span class='ocrx_word' id='word_1_144' title='bbox 884 1906 1051 1955; x_wconf 84' lang='lat' dir='ltr'><strong>amico</strong></span> <span class='ocrx_word' id='word_1_145' title='bbox 1074 1917 1272 1971; x_wconf 84' lang='lat' dir='ltr'><strong>posset,</strong></span> <span class='ocrx_word' id='word_1_146' title='bbox 1295 1916 1351 1958; x_wconf 90' lang='lat' dir='ltr'><strong>et</strong></span> <span class='ocrx_word' id='word_1_147' title='bbox 1373 1925 1470 1973; x_wconf 81' lang='lat' dir='ltr'><strong>ego</strong></span> <span class='ocrx_word' id='word_1_148' title='bbox 1491 1911 1650 1974; x_wconf 79' lang='lat' dir='ltr'><strong>accepi</strong></span> <span class='ocrx_word' id='word_1_149' title='bbox 1678 1917 1925 1974; x_wconf 88' lang='lat' dir='ltr'><strong>quantum</strong></span> <span class='ocrx_word' id='word_1_150' title='bbox 1945 1911 2137 1960; x_wconf 90' lang='lat' dir='ltr'><strong>amicus</strong></span> <span class='ocrx_word' id='word_1_151' title='bbox 2162 1909 2401 1971; x_wconf 85' lang='lat' dir='ltr'><strong>accipere</strong></span> <span class='ocrx_word' id='word_1_152' title='bbox 2424 1923 2458 1955; x_wconf 84' lang='lat' dir='ltr'><strong>a</strong></span> <span class='ocrx_word' id='word_1_153' title='bbox 2480 1908 2690 1959; x_wconf 78' lang='lat' dir='ltr'><strong>Coesare</strong></span> 
     </span>
     <span class='ocr_line' id='line_1_19' title="bbox 487 1969 2686 2041; baseline 0.002 -22"><span class='ocrx_word' id='word_1_154' title='bbox 487 1977 684 2034; x_wconf 88' lang='lat' dir='ltr'><strong>posset.</strong></span> <span class='ocrx_word' id='word_1_155' title='bbox 749 1972 938 2020; x_wconf 74' lang='lat' dir='ltr'><strong>Cetera</strong></span> <span class='ocrx_word' id='word_1_156' title='bbox 959 1971 1131 2025; x_wconf 87' lang='lat' dir='ltr'><strong>odium</strong></span> <span class='ocrx_word' id='word_1_157' title='bbox 1155 1973 1466 2025; x_wconf 89' lang='lat' dir='ltr'><strong>intendunt:</strong></span> <span class='ocrx_word' id='word_1_158' title='bbox 1500 1975 1638 2041; x_wconf 86' lang='lat' dir='ltr'><strong>quod</strong></span> <span class='ocrx_word' id='word_1_159' title='bbox 1660 1990 1804 2039; x_wconf 85' lang='lat' dir='ltr'><strong>sane,</strong></span> <span class='ocrx_word' id='word_1_160' title='bbox 1825 1982 1884 2024; x_wconf 91' lang='lat' dir='ltr'><strong>ut</strong></span> <span class='ocrx_word' id='word_1_161' title='bbox 1905 1980 2096 2025; x_wconf 87' lang='lat' dir='ltr'><strong>cuncta</strong></span> <span class='ocrx_word' id='word_1_162' title='bbox 2114 1975 2353 2037; x_wconf 86' lang='lat' dir='ltr'><strong>humana,</strong></span> <span class='ocrx_word' id='word_1_163' title='bbox 2375 1969 2518 2022; x_wconf 85' lang='lat' dir='ltr'><strong>infra</strong></span> <span class='ocrx_word' id='word_1_164' title='bbox 2544 1977 2686 2023; x_wconf 82' lang='lat' dir='ltr'><strong>tuam</strong></span> 
     </span>
    </p>
   </div>
   <div class='ocr_carea' id='block_1_5' title="bbox 1399 2103 1755 2123">
    <p class='ocr_par' dir='ltr' id='par_1_7' title="bbox 1399 2103 1755 2123">
     <span class='ocr_line' id='line_1_20' title="bbox 1399 2103 1755 2123; baseline -0.003 0"><span class='ocrx_word' id='word_1_165' title='bbox 1399 2103 1755 2123; x_wconf 60' lang='lat' dir='ltr'><strong>OONNOOO‘OO</strong></span> 
     </span>
    </p>
   </div>
   <div class='ocr_carea' id='block_1_6' title="bbox 474 2161 2694 2624">
    <p class='ocr_par' dir='ltr' id='par_1_8' title="bbox 474 2161 2694 2428">
     <span class='ocr_line' id='line_1_21' title="bbox 478 2161 2683 2235; baseline 0.002 -21"><span class='ocrx_word' id='word_1_166' title='bbox 478 2161 670 2227; x_wconf 82' lang='lat' dir='ltr'><strong>lon&#39;gam</strong></span> <span class='ocrx_word' id='word_1_167' title='bbox 701 2181 880 2216; x_wconf 77' lang='lat' dir='ltr'><strong>curum.</strong></span> <span class='ocrx_word' id='word_1_168' title='bbox 945 2167 1010 2217; x_wconf 88' lang='lat' dir='ltr'><strong>In</strong></span> <span class='ocrx_word' id='word_1_169' title='bbox 1044 2168 1177 2218; x_wconf 89' lang='lat' dir='ltr'><strong>Mss.</strong></span> <span class='ocrx_word' id='word_1_170' title='bbox 1199 2170 1337 2221; x_wconf 85' lang='lat' dir='ltr'><strong>Flor.</strong></span> <span class='ocrx_word' id='word_1_171' title='bbox 1377 2174 1508 2235; x_wconf 81' lang='lat' dir='ltr'><strong>Reg.</strong></span> <span class='ocrx_word' id='word_1_172' title='bbox 1545 2176 1600 2221; x_wconf 90' lang='lat' dir='ltr'><strong>et</strong></span> <span class='ocrx_word' id='word_1_173' title='bbox 1638 2171 1867 2221; x_wconf 87' lang='lat' dir='ltr'><strong>editione</strong></span> <span class='ocrx_word' id='word_1_174' title='bbox 1903 2165 2162 2235; x_wconf 82' lang='lat' dir='ltr'><strong>principe,</strong></span> <span class='ocrx_word' id='word_1_175' title='bbox 2200 2166 2339 2232; x_wconf 76' lang='lat' dir='ltr'><strong>longo</strong></span> <span class='ocrx_word' id='word_1_176' title='bbox 2371 2183 2518 2218; x_wconf 79' lang='lat' dir='ltr'><strong>eura.-</strong></span> <span class='ocrx_word' id='word_1_177' title='bbox 2546 2166 2683 2218; x_wconf 87' lang='lat' dir='ltr'><strong>unde</strong></span> 
     </span>
     <span class='ocr_line' id='line_1_22' title="bbox 479 2230 2681 2299; baseline 0.001 -19"><span class='ocrx_word' id='word_1_178' title='bbox 479 2230 716 2280; x_wconf 85' lang='lat' dir='ltr'><strong>tentabat</strong></span> <span class='ocrx_word' id='word_1_179' title='bbox 737 2231 1046 2294; x_wconf 86' lang='lat' dir='ltr'><strong>Gronovius,</strong></span> <span class='ocrx_word' id='word_1_180' title='bbox 1066 2235 1206 2296; x_wconf 79' lang='lat' dir='ltr'><strong>longa</strong></span> <span class='ocrx_word' id='word_1_181' title='bbox 1219 2236 1457 2296; x_wconf 62' lang='lat' dir='ltr'><strong>‚farm—8</strong></span> <span class='ocrx_word' id='word_1_182' title='bbox 1486 2237 1553 2286; x_wconf 91' lang='lat' dir='ltr'><strong>In</strong></span> <span class='ocrx_word' id='word_1_183' title='bbox 1576 2237 1678 2285; x_wconf 87' lang='lat' dir='ltr'><strong>Ms.</strong></span> <span class='ocrx_word' id='word_1_184' title='bbox 1700 2238 1830 2299; x_wconf 86' lang='lat' dir='ltr'><strong>Reg.</strong></span> <span class='ocrx_word' id='word_1_185' title='bbox 1854 2241 1911 2284; x_wconf 90' lang='lat' dir='ltr'><strong>et</strong></span> <span class='ocrx_word' id='word_1_186' title='bbox 1933 2235 2166 2284; x_wconf 86' lang='lat' dir='ltr'><strong>editione</strong></span> <span class='ocrx_word' id='word_1_187' title='bbox 2188 2233 2446 2298; x_wconf 86' lang='lat' dir='ltr'><strong>principe,</strong></span> <span class='ocrx_word' id='word_1_188' title='bbox 2470 2233 2681 2283; x_wconf 76' lang='lat' dir='ltr'><strong>emicuit.</strong></span> 
     </span>
     <span class='ocr_line' id='line_1_23' title="bbox 474 2295 2694 2364; baseline 0.003 -21"><span class='ocrx_word' id='word_1_189' title='bbox 474 2299 574 2342; x_wconf 82' lang='lat'><strong>—9</strong></span> <span class='ocrx_word' id='word_1_190' title='bbox 607 2295 692 2344; x_wconf 93' lang='lat' dir='ltr'><strong>Sic</strong></span> <span class='ocrx_word' id='word_1_191' title='bbox 717 2296 1039 2347; x_wconf 81' lang='lat' dir='ltr'><strong>Puteolanus</strong></span> <span class='ocrx_word' id='word_1_192' title='bbox 1061 2305 1117 2347; x_wconf 90' lang='lat' dir='ltr'><strong>et</strong></span> <span class='ocrx_word' id='word_1_193' title='bbox 1138 2300 1473 2350; x_wconf 80' lang='lat' dir='ltr'><strong>recentiores.</strong></span> <span class='ocrx_word' id='word_1_194' title='bbox 1540 2299 1895 2364; x_wconf 85' lang='lat' dir='ltr'><strong>suffragantur</strong></span> <span class='ocrx_word' id='word_1_195' title='bbox 1927 2314 2134 2364; x_wconf 88' lang='lat' dir='ltr'><strong>quoque</strong></span> <span class='ocrx_word' id='word_1_196' title='bbox 2167 2301 2299 2349; x_wconf 85' lang='lat' dir='ltr'><strong>Mss.</strong></span> <span class='ocrx_word' id='word_1_197' title='bbox 2336 2298 2492 2349; x_wconf 86' lang='lat' dir='ltr'><strong>Harl.</strong></span> <span class='ocrx_word' id='word_1_198' title='bbox 2526 2299 2694 2349; x_wconf 47' lang='lat' dir='ltr'><strong>Rodia</strong></span> 
     </span>
     <span class='ocr_line' id='line_1_24' title="bbox 478 2358 2485 2428; baseline 0.001 -18"><span class='ocrx_word' id='word_1_199' title='bbox 478 2358 589 2410; x_wconf 83' lang='lat' dir='ltr'><strong>Jes.</strong></span> <span class='ocrx_word' id='word_1_200' title='bbox 655 2361 719 2410; x_wconf 89' lang='lat' dir='ltr'><strong>In</strong></span> <span class='ocrx_word' id='word_1_201' title='bbox 742 2362 869 2410; x_wconf 86' lang='lat' dir='ltr'><strong>Mss.</strong></span> <span class='ocrx_word' id='word_1_202' title='bbox 894 2362 1030 2412; x_wconf 88' lang='lat' dir='ltr'><strong>Flor.</strong></span> <span class='ocrx_word' id='word_1_203' title='bbox 1056 2364 1185 2427; x_wconf 86' lang='lat' dir='ltr'><strong>Reg.</strong></span> <span class='ocrx_word' id='word_1_204' title='bbox 1206 2365 1360 2414; x_wconf 89' lang='lat' dir='ltr'><strong>Corb.</strong></span> <span class='ocrx_word' id='word_1_205' title='bbox 1381 2372 1439 2415; x_wconf 87' lang='lat' dir='ltr'><strong>et</strong></span> <span class='ocrx_word' id='word_1_206' title='bbox 1459 2364 1690 2415; x_wconf 85' lang='lat' dir='ltr'><strong>editione</strong></span> <span class='ocrx_word' id='word_1_207' title='bbox 1714 2365 1964 2428; x_wconf 84' lang='lat' dir='ltr'><strong>principe,</strong></span> <span class='ocrx_word' id='word_1_208' title='bbox 1984 2363 2187 2414; x_wconf 75' lang='lat' dir='ltr'><strong>extruit.</strong></span> <span class='ocrx_word' id='word_1_209' title='bbox 2256 2363 2485 2413; x_wconf 85' lang='lat' dir='ltr'><strong>Brotier.</strong></span> 
     </span>
    </p>

    <p class='ocr_par' dir='ltr' id='par_1_9' title="bbox 474 2423 2681 2624">
     <span class='ocr_line' id='line_1_25' title="bbox 541 2423 2676 2494; baseline 0.001 -21"><span class='ocrx_word' id='word_1_210' title='bbox 541 2427 568 2473; x_wconf 94' lang='lat'>1</span> <span class='ocrx_word' id='word_1_211' title='bbox 605 2423 669 2473; x_wconf 89' lang='lat' dir='ltr'><strong>Iu</strong></span> <span class='ocrx_word' id='word_1_212' title='bbox 709 2427 839 2478; x_wconf 86' lang='lat' dir='ltr'><strong>Mss.</strong></span> <span class='ocrx_word' id='word_1_213' title='bbox 876 2427 1018 2494; x_wconf 71' lang='lat' dir='ltr'><strong>Flor.</strong></span> <span class='ocrx_word' id='word_1_214' title='bbox 1056 2429 1188 2491; x_wconf 78' lang='lat' dir='ltr'><strong>Reg.</strong></span> <span class='ocrx_word' id='word_1_215' title='bbox 1226 2429 1384 2481; x_wconf 87' lang='lat' dir='ltr'><strong>Corb.</strong></span> <span class='ocrx_word' id='word_1_216' title='bbox 1424 2436 1479 2479; x_wconf 87' lang='lat' dir='ltr'><strong>et</strong></span> <span class='ocrx_word' id='word_1_217' title='bbox 1517 2430 1746 2481; x_wconf 80' lang='lat' dir='ltr'><strong>editione</strong></span> <span class='ocrx_word' id='word_1_218' title='bbox 1786 2429 2040 2494; x_wconf 82' lang='lat' dir='ltr'><strong>principe,</strong></span> <span class='ocrx_word' id='word_1_219' title='bbox 2071 2433 2235 2491; x_wconf 73' lang='lat' dir='ltr'><strong>agent.</strong></span> <span class='ocrx_word' id='word_1_220' title='bbox 2299 2426 2486 2479; x_wconf 84' lang='lat' dir='ltr'><strong>Altera</strong></span> <span class='ocrx_word' id='word_1_221' title='bbox 2520 2440 2676 2478; x_wconf 83' lang='lat' dir='ltr'><strong>manu</strong></span> 
     </span>
     <span class='ocr_line' id='line_1_26' title="bbox 477 2490 2680 2559; baseline 0.002 -21"><span class='ocrx_word' id='word_1_222' title='bbox 477 2490 821 2553; x_wconf 86' lang='lat' dir='ltr'><strong>emendatum,</strong></span> <span class='ocrx_word' id='word_1_223' title='bbox 853 2496 1046 2555; x_wconf 69' lang='lat' dir='ltr'><strong>augent.</strong></span> <span class='ocrx_word' id='word_1_224' title='bbox 1114 2494 1307 2545; x_wconf 84' lang='lat' dir='ltr'><strong>Contra</strong></span> <span class='ocrx_word' id='word_1_225' title='bbox 1345 2496 1399 2544; x_wconf 91' lang='lat' dir='ltr'><strong>in</strong></span> <span class='ocrx_word' id='word_1_226' title='bbox 1437 2496 1541 2546; x_wconf 88' lang='lat' dir='ltr'><strong>Ms.</strong></span> <span class='ocrx_word' id='word_1_227' title='bbox 1581 2496 1730 2545; x_wconf 84' lang='lat' dir='ltr'><strong>Harl.</strong></span> <span class='ocrx_word' id='word_1_228' title='bbox 1771 2496 1937 2559; x_wconf 89' lang='lat' dir='ltr'><strong>primo</strong></span> <span class='ocrx_word' id='word_1_229' title='bbox 1972 2494 2222 2558; x_wconf 87' lang='lat' dir='ltr'><strong>scriptum</strong></span> <span class='ocrx_word' id='word_1_230' title='bbox 2258 2498 2454 2555; x_wconf 78' lang='lat' dir='ltr'><strong>augent,</strong></span> <span class='ocrx_word' id='word_1_231' title='bbox 2489 2492 2680 2542; x_wconf 89' lang='lat' dir='ltr'><strong>deinde</strong></span> 
     </span>
     <span class='ocr_line' id='line_1_27' title="bbox 474 2551 2681 2624; baseline 0.002 -23"><span class='ocrx_word' id='word_1_232' title='bbox 474 2559 637 2616; x_wconf 77' lang='lat' dir='ltr'><strong>agent.</strong></span> <span class='ocrx_word' id='word_1_233' title='bbox 693 2551 916 2608; x_wconf 85' lang='lat' dir='ltr'><strong>Volebat</strong></span> <span class='ocrx_word' id='word_1_234' title='bbox 951 2557 1262 2624; x_wconf 67' lang='lat' dir='ltr'><strong>Gronovius,</strong></span> <span class='ocrx_word' id='word_1_235' title='bbox 1297 2562 1442 2611; x_wconf 82' lang='lat' dir='ltr'><strong>alent.</strong></span> <span class='ocrx_word' id='word_1_236' title='bbox 1490 2561 1719 2610; x_wconf 87' lang='lat' dir='ltr'><strong>Brotier.</strong></span> <span class='ocrx_word' id='word_1_237' title='bbox 1787 2559 1851 2609; x_wconf 89' lang='lat' dir='ltr'><strong>In</strong></span> <span class='ocrx_word' id='word_1_238' title='bbox 1889 2558 2083 2623; x_wconf 82' lang='lat' dir='ltr'><strong>Ryckii</strong></span> <span class='ocrx_word' id='word_1_239' title='bbox 2117 2558 2247 2610; x_wconf 87' lang='lat' dir='ltr'><strong>Cod.</strong></span> <span class='ocrx_word' id='word_1_240' title='bbox 2268 2562 2475 2607; x_wconf 77' lang='lat' dir='ltr'><strong>cetmm</strong></span> <span class='ocrx_word' id='word_1_241' title='bbox 2496 2558 2681 2607; x_wconf 78' lang='lat' dir='ltr'><strong>invidia</strong></span> 
     </span>
    </p>
   </div>
   <div class='ocr_carea' id='block_1_7' title="bbox 1472 2706 1685 2759">
    <p class='ocr_par' dir='ltr' id='par_1_10' title="bbox 1472 2706 1685 2759">
     <span class='ocr_line' id='line_1_28' title="bbox 1472 2706 1685 2759; baseline 0.005 -2"><span class='ocrx_word' id='word_1_242' title='bbox 1472 2706 1685 2759; x_wconf 81' lang='lat' dir='ltr'>NOTAE</span> 
     </span>
    </p>
   </div>
   <div class='ocr_carea' id='block_1_8' title="bbox 455 2815 1542 4337">
    <p class='ocr_par' dir='ltr' id='par_1_11' title="bbox 455 2815 1542 3401">
     <span class='ocr_line' id='line_1_29' title="bbox 540 2815 1533 2887; baseline 0.011 -21"><span class='ocrx_word' id='word_1_243' title='bbox 540 2825 562 2850; x_wconf 73' lang='lat'>⁸</span> <span class='ocrx_word' id='word_1_244' title='bbox 596 2819 823 2884; x_wconf 81' lang='lat' dir='ltr'><strong>Novitas]</strong></span> <span class='ocrx_word' id='word_1_245' title='bbox 857 2819 920 2871; x_wconf 85' lang='lat' dir='ltr'><strong>Id</strong></span> <span class='ocrx_word' id='word_1_246' title='bbox 945 2827 1041 2887; x_wconf 88' lang='lat' dir='ltr'><strong>est,</strong></span> <span class='ocrx_word' id='word_1_247' title='bbox 1074 2835 1212 2875; x_wconf 81' lang='lat' dir='ltr'><strong>nova</strong></span> <span class='ocrx_word' id='word_1_248' title='bbox 1243 2815 1533 2877; x_wconf 82' lang='lat' dir='ltr'><strong>claritudo:</strong></span> 
     </span>
     <span class='ocr_line' id='line_1_30' title="bbox 473 2894 1535 2965; baseline 0.009 -23"><span class='ocrx_word' id='word_1_249' title='bbox 473 2900 530 2943; x_wconf 87' lang='lat' dir='ltr'><strong>et</strong></span> <span class='ocrx_word' id='word_1_250' title='bbox 567 2894 839 2959; x_wconf 80' lang='lat' dir='ltr'><strong>distinguit</strong></span> <span class='ocrx_word' id='word_1_251' title='bbox 861 2898 1076 2948; x_wconf 83' lang='lat' dir='ltr'><strong>Tacitus</strong></span> <span class='ocrx_word' id='word_1_252' title='bbox 1110 2900 1250 2951; x_wconf 71' lang='lat' dir='ltr'><strong>intel·</strong></span> <span class='ocrx_word' id='word_1_253' title='bbox 1282 2902 1423 2965; x_wconf 73' lang='lat' dir='ltr'><strong>longa</strong></span> <span class='ocrx_word' id='word_1_254' title='bbox 1452 2904 1535 2951; x_wconf 62' lang='lat' dir='ltr'><strong>de*</strong></span> 
     </span>
     <span class='ocr_line' id='line_1_31' title="bbox 470 2971 1542 3032; baseline 0.008 -14"><span class='ocrx_word' id='word_1_255' title='bbox 470 2984 581 3020; x_wconf 80' lang='lat' dir='ltr'><strong>cora</strong></span> <span class='ocrx_word' id='word_1_256' title='bbox 619 2984 708 3019; x_wconf 89' lang='lat' dir='ltr'><strong>seu</strong></span> <span class='ocrx_word' id='word_1_257' title='bbox 729 2971 1022 3024; x_wconf 78' lang='lat' dir='ltr'><strong>nobilitatem</strong></span> <span class='ocrx_word' id='word_1_258' title='bbox 1055 2975 1201 3032; x_wconf 67' lang='lat' dir='ltr'><strong>inter,</strong></span> <span class='ocrx_word' id='word_1_259' title='bbox 1214 2982 1272 3027; x_wconf 82' lang='lat' dir='ltr'><strong>et</strong></span> <span class='ocrx_word' id='word_1_260' title='bbox 1291 2979 1542 3027; x_wconf 45' lang='lat' dir='ltr'><strong>claritudia‘</strong></span> 
     </span>
     <span class='ocr_line' id='line_1_32' title="bbox 471 3043 1535 3107; baseline 0.012 -16"><span class='ocrx_word' id='word_1_261' title='bbox 471 3059 594 3107; x_wconf 75' lang='lat' dir='ltr'><strong>nem,</strong></span> <span class='ocrx_word' id='word_1_262' title='bbox 615 3043 690 3094; x_wconf 85' lang='lat' dir='ltr'><strong>ita</strong></span> <span class='ocrx_word' id='word_1_263' title='bbox 711 3052 770 3095; x_wconf 86' lang='lat' dir='ltr'><strong>ut</strong></span> <span class='ocrx_word' id='word_1_264' title='bbox 788 3050 972 3098; x_wconf 74' lang='lat' dir='ltr'><strong>mites</strong></span> <span class='ocrx_word' id='word_1_265' title='bbox 990 3050 1208 3102; x_wconf 81' lang='lat' dir='ltr'><strong>hominis</strong></span> <span class='ocrx_word' id='word_1_266' title='bbox 1231 3060 1288 3102; x_wconf 90' lang='lat' dir='ltr'><strong>et</strong></span> <span class='ocrx_word' id='word_1_267' title='bbox 1303 3054 1535 3103; x_wconf 78' lang='lat' dir='ltr'><strong>claritudo</strong></span> 
     </span>
     <span class='ocr_line' id='line_1_33' title="bbox 470 3117 1536 3188; baseline 0.012 -21"><span class='ocrx_word' id='word_1_268' title='bbox 470 3117 611 3169; x_wconf 85' lang='lat' dir='ltr'><strong>idem</strong></span> <span class='ocrx_word' id='word_1_269' title='bbox 634 3120 720 3171; x_wconf 88' lang='lat' dir='ltr'><strong>sit.</strong></span> <span class='ocrx_word' id='word_1_270' title='bbox 751 3121 839 3170; x_wconf 88' lang='lat' dir='ltr'><strong>Sic</strong></span> <span class='ocrx_word' id='word_1_271' title='bbox 856 3138 1012 3188; x_wconf 89' lang='lat' dir='ltr'><strong>supra</strong></span> <span class='ocrx_word' id='word_1_272' title='bbox 1031 3130 1095 3175; x_wconf 82' lang='grc'><strong>47</strong></span> <span class='ocrx_word' id='word_1_273' title='bbox 1101 3160 1114 3175; x_wconf 94' lang='grc'><strong>.</strong></span> <span class='ocrx_word' id='word_1_274' title='bbox 1156 3128 1172 3155; x_wconf 91' lang='lat'>‘</span> <span class='ocrx_word' id='word_1_275' title='bbox 1193 3127 1337 3178; x_wconf 84' lang='lat' dir='ltr'><strong>Vixit</strong></span> <span class='ocrx_word' id='word_1_276' title='bbox 1359 3135 1536 3180; x_wconf 83' lang='lat' dir='ltr'><strong>tamen</strong></span> 
     </span>
     <span class='ocr_line' id='line_1_34' title="bbox 472 3199 1536 3270; baseline 0.009 -23"><span class='ocrx_word' id='word_1_277' title='bbox 472 3205 594 3262; x_wconf 88' lang='lat' dir='ltr'><strong>post</strong></span> <span class='ocrx_word' id='word_1_278' title='bbox 624 3199 737 3250; x_wconf 82' lang='lat' dir='ltr'><strong>haec</strong></span> <span class='ocrx_word' id='word_1_279' title='bbox 773 3201 1022 3266; x_wconf 81' lang='lat' dir='ltr'><strong>Regulus,</strong></span> <span class='ocrx_word' id='word_1_280' title='bbox 1058 3205 1233 3270; x_wconf 87' lang='lat' dir='ltr'><strong>quiete</strong></span> <span class='ocrx_word' id='word_1_281' title='bbox 1272 3205 1536 3269; x_wconf 83' lang='lat' dir='ltr'><strong>defensus,</strong></span> 
     </span>
     <span class='ocr_line' id='line_1_35' title="bbox 455 3273 1531 3348; baseline 0.01 -24"><span class='ocrx_word' id='word_1_282' title='bbox 455 3273 529 3325; x_wconf 79' lang='lat' dir='ltr'><strong>&#39;et</strong></span> <span class='ocrx_word' id='word_1_283' title='bbox 549 3277 671 3341; x_wconf 87' lang='lat' dir='ltr'><strong>quia</strong></span> <span class='ocrx_word' id='word_1_284' title='bbox 702 3292 836 3328; x_wconf 85' lang='lat' dir='ltr'><strong>nova</strong></span> <span class='ocrx_word' id='word_1_285' title='bbox 862 3282 1068 3343; x_wconf 82' lang='lat' dir='ltr'><strong>generis</strong></span> <span class='ocrx_word' id='word_1_286' title='bbox 1089 3282 1410 3348; x_wconf 85' lang='lat' dir='ltr'><strong>claritudine,</strong></span> <span class='ocrx_word' id='word_1_287' title='bbox 1432 3288 1531 3335; x_wconf 72' lang='grc' dir='ltr'><strong>διο.</strong></span> 
     </span>
     <span class='ocr_line' id='line_1_36' title="bbox 470 3351 620 3401; baseline 0.013 -1"><span class='ocrx_word' id='word_1_288' title='bbox 470 3351 620 3401; x_wconf 67' lang='lat' dir='ltr'><strong>erat!</strong></span> 
     </span>
    </p>

    <p class='ocr_par' dir='ltr' id='par_1_12' title="bbox 466 3429 1535 4179">
     <span class='ocr_line' id='line_1_37' title="bbox 537 3429 1535 3499; baseline 0.009 -22"><span class='ocrx_word' id='word_1_289' title='bbox 537 3433 561 3459; x_wconf 80' lang='lat' dir='ltr'>v</span> <span class='ocrx_word' id='word_1_290' title='bbox 593 3429 803 3479; x_wconf 83' lang='lat' dir='ltr'><strong>Modieis</strong></span> <span class='ocrx_word' id='word_1_291' title='bbox 822 3434 1084 3497; x_wconf 74' lang='lat' dir='ltr'><strong>contentus]</strong></span> <span class='ocrx_word' id='word_1_292' title='bbox 1117 3435 1353 3499; x_wconf 88' lang='lat' dir='ltr'><strong>Seipsnm</strong></span> <span class='ocrx_word' id='word_1_293' title='bbox 1375 3436 1535 3486; x_wconf 84' lang='lat' dir='ltr'><strong>inter·</strong></span> 
     </span>
     <span class='ocr_line' id='line_1_38' title="bbox 472 3504 1535 3576; baseline 0.01 -26"><span class='ocrx_word' id='word_1_294' title='bbox 472 3508 624 3565; x_wconf 80' lang='lat' dir='ltr'><strong>rogat</strong></span> <span class='ocrx_word' id='word_1_295' title='bbox 640 3504 854 3569; x_wconf 80' lang='lat' dir='ltr'><strong>Seneca,</strong></span> <span class='ocrx_word' id='word_1_296' title='bbox 867 3510 949 3557; x_wconf 87' lang='lat' dir='ltr'><strong>vel</strong></span> <span class='ocrx_word' id='word_1_297' title='bbox 967 3510 1251 3573; x_wconf 74' lang='lat' dir='ltr'><strong>respiciens</strong></span> <span class='ocrx_word' id='word_1_298' title='bbox 1276 3528 1350 3574; x_wconf 91' lang='lat' dir='ltr'><strong>se,</strong></span> <span class='ocrx_word' id='word_1_299' title='bbox 1369 3513 1535 3576; x_wconf 87' lang='lat' dir='ltr'><strong>prius-</strong></span> 
     </span>
     <span class='ocr_line' id='line_1_39' title="bbox 471 3586 1533 3649; baseline 0.01 -22"><span class='ocrx_word' id='word_1_300' title='bbox 471 3593 623 3644; x_wconf 85' lang='lat' dir='ltr'><strong>quam</strong></span> <span class='ocrx_word' id='word_1_301' title='bbox 662 3587 835 3631; x_wconf 85' lang='lat' dir='ltr'><strong>tantas</strong></span> <span class='ocrx_word' id='word_1_302' title='bbox 871 3599 998 3646; x_wconf 89' lang='lat' dir='ltr'><strong>opes</strong></span> <span class='ocrx_word' id='word_1_303' title='bbox 1039 3586 1282 3649; x_wconf 78' lang='lat' dir='ltr'><strong>haberet3</strong></span> <span class='ocrx_word' id='word_1_304' title='bbox 1328 3595 1385 3638; x_wconf 90' lang='lat' dir='ltr'><strong>et</strong></span> <span class='ocrx_word' id='word_1_305' title='bbox 1423 3595 1533 3638; x_wconf 89' lang='lat' dir='ltr'><strong>tum</strong></span> 
     </span>
     <span class='ocr_line' id='line_1_40' title="bbox 469 3655 1527 3715; baseline 0.01 -11"><span class='ocrx_word' id='word_1_306' title='bbox 469 3655 666 3706; x_wconf 86' lang='lat' dir='ltr'><strong>animus</strong></span> <span class='ocrx_word' id='word_1_307' title='bbox 688 3658 822 3707; x_wconf 89' lang='lat' dir='ltr'><strong>illius</strong></span> <span class='ocrx_word' id='word_1_308' title='bbox 845 3660 1058 3709; x_wconf 84' lang='lat' dir='ltr'><strong>modicis</strong></span> <span class='ocrx_word' id='word_1_309' title='bbox 1081 3671 1359 3714; x_wconf 89' lang='lat' dir='ltr'><strong>contentus</strong></span> <span class='ocrx_word' id='word_1_310' title='bbox 1380 3672 1527 3715; x_wconf 88' lang='lat' dir='ltr'><strong>erat:</strong></span> 
     </span>
     <span class='ocr_line' id='line_1_41' title="bbox 471 3731 1530 3802; baseline 0.009 -22"><span class='ocrx_word' id='word_1_311' title='bbox 471 3731 554 3781; x_wconf 86' lang='lat' dir='ltr'><strong>vel</strong></span> <span class='ocrx_word' id='word_1_312' title='bbox 577 3731 730 3781; x_wconf 83' lang='lat' dir='ltr'><strong>etiam</strong></span> <span class='ocrx_word' id='word_1_313' title='bbox 754 3735 885 3782; x_wconf 90' lang='lat' dir='ltr'><strong>sein</strong></span> <span class='ocrx_word' id='word_1_314' title='bbox 923 3735 1107 3785; x_wconf 89' lang='lat' dir='ltr'><strong>mediis</strong></span> <span class='ocrx_word' id='word_1_315' title='bbox 1147 3738 1330 3802; x_wconf 83' lang='lat' dir='ltr'><strong>opibus</strong></span> <span class='ocrx_word' id='word_1_316' title='bbox 1364 3741 1530 3790; x_wconf 89' lang='lat' dir='ltr'><strong>intue-</strong></span> 
     </span>
     <span class='ocr_line' id='line_1_42' title="bbox 470 3810 1533 3873; baseline 0.008 -16"><span class='ocrx_word' id='word_1_317' title='bbox 470 3813 577 3873; x_wconf 77' lang='lat' dir='ltr'><strong>tur,</strong></span> <span class='ocrx_word' id='word_1_318' title='bbox 604 3815 661 3861; x_wconf 89' lang='lat' dir='ltr'><strong>et</strong></span> <span class='ocrx_word' id='word_1_319' title='bbox 683 3810 849 3860; x_wconf 85' lang='lat' dir='ltr'><strong>adhuc</strong></span> <span class='ocrx_word' id='word_1_320' title='bbox 878 3811 1092 3862; x_wconf 86' lang='lat' dir='ltr'><strong>modicis</strong></span> <span class='ocrx_word' id='word_1_321' title='bbox 1126 3815 1288 3863; x_wconf 81' lang='lat' dir='ltr'><strong>etiam</strong></span> <span class='ocrx_word' id='word_1_322' title='bbox 1318 3823 1533 3867; x_wconf 85' lang='lat' dir='ltr'><strong>conten-</strong></span> 
     </span>
     <span class='ocr_line' id='line_1_43' title="bbox 468 3872 1535 3956; baseline 0.007 -22"><span class='ocrx_word' id='word_1_323' title='bbox 468 3872 551 3937; x_wconf 73' lang='lat' dir='ltr'><strong>tus</strong></span> <span class='ocrx_word' id='word_1_324' title='bbox 573 3885 702 3938; x_wconf 77' lang='lat' dir='ltr'><strong>fuit:</strong></span> <span class='ocrx_word' id='word_1_325' title='bbox 737 3902 857 3937; x_wconf 88' lang='lat' dir='ltr'><strong>nam</strong></span> <span class='ocrx_word' id='word_1_326' title='bbox 879 3889 967 3952; x_wconf 88' lang='lat' dir='ltr'><strong>qui</strong></span> <span class='ocrx_word' id='word_1_327' title='bbox 1007 3889 1196 3938; x_wconf 83' lang='lat' dir='ltr'><strong>multas</strong></span> <span class='ocrx_word' id='word_1_328' title='bbox 1230 3890 1386 3941; x_wconf 85' lang='lat' dir='ltr'><strong>habet</strong></span> <span class='ocrx_word' id='word_1_329' title='bbox 1408 3907 1535 3956; x_wconf 84' lang='lat' dir='ltr'><strong>opes</strong></span> 
     </span>
     <span class='ocr_line' id='line_1_44' title="bbox 469 3963 1534 4030; baseline 0.004 -19"><span class='ocrx_word' id='word_1_330' title='bbox 469 3963 695 4029; x_wconf 84' lang='lat' dir='ltr'><strong>sapiens,</strong></span> <span class='ocrx_word' id='word_1_331' title='bbox 734 3981 822 4015; x_wconf 87' lang='lat' dir='ltr'><strong>eas</strong></span> <span class='ocrx_word' id='word_1_332' title='bbox 864 3965 1152 4028; x_wconf 79' lang='lat' dir='ltr'><strong>possidere,</strong></span> <span class='ocrx_word' id='word_1_333' title='bbox 1191 3976 1247 4014; x_wconf 87' lang='lat' dir='ltr'><strong>ut</strong></span> <span class='ocrx_word' id='word_1_334' title='bbox 1284 3968 1534 4030; x_wconf 82' lang='lat' dir='ltr'><strong>mortalis,</strong></span> 
     </span>
     <span class='ocr_line' id='line_1_45' title="bbox 466 4040 1534 4108; baseline 0.006 -20"><span class='ocrx_word' id='word_1_335' title='bbox 466 4046 525 4089; x_wconf 75' lang='lat' dir='ltr'><strong>et</strong></span> <span class='ocrx_word' id='word_1_336' title='bbox 562 4040 940 4102; x_wconf 79' lang='lat' dir='ltr'><strong>administrare,</strong></span> <span class='ocrx_word' id='word_1_337' title='bbox 981 4049 1041 4091; x_wconf 90' lang='lat' dir='ltr'><strong>ut</strong></span> <span class='ocrx_word' id='word_1_338' title='bbox 1081 4043 1406 4107; x_wconf 86' lang='lat' dir='ltr'><strong>immortalis,</strong></span> <span class='ocrx_word' id='word_1_339' title='bbox 1441 4059 1534 4108; x_wconf 89' lang='lat' dir='ltr'><strong>po·</strong></span> 
     </span>
     <span class='ocr_line' id='line_1_46' title="bbox 471 4120 1121 4179; baseline 0.011 -15"><span class='ocrx_word' id='word_1_340' title='bbox 471 4121 593 4178; x_wconf 86' lang='lat' dir='ltr'><strong>test,</strong></span> <span class='ocrx_word' id='word_1_341' title='bbox 619 4120 779 4179; x_wconf 80' lang='lat' dir='ltr'><strong>paucis</strong></span> <span class='ocrx_word' id='word_1_342' title='bbox 798 4126 1060 4176; x_wconf 72' lang='lat' dir='ltr'><strong>contentus.</strong></span> <span class='ocrx_word' id='word_1_343' title='bbox 1118 4169 1121 4174; x_wconf 85' lang='grc'><strong>,</strong></span> 
     </span>
    </p>

    <p class='ocr_par' dir='ltr' id='par_1_13' title="bbox 470 4192 1533 4337">
     <span class='ocr_line' id='line_1_47' title="bbox 526 4192 1533 4261; baseline 0.006 -21"><span class='ocrx_word' id='word_1_344' title='bbox 526 4192 721 4257; x_wconf 89' lang='lat' dir='ltr'><strong>Sicque</strong></span> <span class='ocrx_word' id='word_1_345' title='bbox 743 4196 881 4259; x_wconf 83' lang='lat' dir='ltr'><strong>sapit</strong></span> <span class='ocrx_word' id='word_1_346' title='bbox 896 4197 1117 4255; x_wconf 86' lang='lat' dir='ltr'><strong>Seneca,</strong></span> <span class='ocrx_word' id='word_1_347' title='bbox 1139 4197 1227 4261; x_wconf 90' lang='lat' dir='ltr'><strong>qui</strong></span> <span class='ocrx_word' id='word_1_348' title='bbox 1247 4211 1333 4246; x_wconf 85' lang='lat' dir='ltr'><strong>eas</strong></span> <span class='ocrx_word' id='word_1_349' title='bbox 1355 4196 1533 4247; x_wconf 87' lang='lat' dir='ltr'><strong>reddit</strong></span> 
     </span>
     <span class='ocr_line' id='line_1_48' title="bbox 470 4268 1528 4337; baseline 0.007 -20"><span class='ocrx_word' id='word_1_350' title='bbox 470 4268 607 4318; x_wconf 88' lang='lat' dir='ltr'><strong>ultro</strong></span> <span class='ocrx_word' id='word_1_351' title='bbox 625 4269 870 4335; x_wconf 83' lang='lat' dir='ltr'><strong>principi,</strong></span> <span class='ocrx_word' id='word_1_352' title='bbox 891 4278 946 4321; x_wconf 88' lang='lat' dir='ltr'><strong>et</strong></span> <span class='ocrx_word' id='word_1_353' title='bbox 980 4272 1202 4337; x_wconf 81' lang='lat' dir='ltr'><strong>ipsemet</strong></span> <span class='ocrx_word' id='word_1_354' title='bbox 1224 4270 1528 4336; x_wconf 82' lang='lat' dir='ltr'><strong>profitetur:</strong></span> 
     </span>
    </p>
   </div>
   <div class='ocr_carea' id='block_1_9' title="bbox 1609 2818 2714 4336">
    <p class='ocr_par' dir='ltr' id='par_1_14' title="bbox 1614 2818 2684 3029">
     <span class='ocr_line' id='line_1_49' title="bbox 1614 2818 2679 2890; baseline -0.006 -14"><span class='ocrx_word' id='word_1_355' title='bbox 1614 2827 1632 2855; x_wconf 88' lang='lat'>‘</span> <span class='ocrx_word' id='word_1_356' title='bbox 1655 2823 1708 2876; x_wconf 91' lang='lat' dir='ltr'><strong>in</strong></span> <span class='ocrx_word' id='word_1_357' title='bbox 1733 2832 1875 2876; x_wconf 88' lang='lat' dir='ltr'><strong>tuam</strong></span> <span class='ocrx_word' id='word_1_358' title='bbox 1898 2824 2113 2890; x_wconf 85' lang='lat' dir='ltr'><strong>gloriam</strong></span> <span class='ocrx_word' id='word_1_359' title='bbox 2133 2825 2305 2885; x_wconf 88' lang='lat' dir='ltr'><strong>cedet,</strong></span> <span class='ocrx_word' id='word_1_360' title='bbox 2342 2838 2431 2873; x_wconf 88' lang='lat' dir='ltr'><strong>eos</strong></span> <span class='ocrx_word' id='word_1_361' title='bbox 2455 2818 2523 2871; x_wconf 81' lang='lat' dir='ltr'><strong>ad</strong></span> <span class='ocrx_word' id='word_1_362' title='bbox 2545 2835 2679 2871; x_wconf 85' lang='lat' dir='ltr'><strong>sum-</strong></span> 
     </span>
     <span class='ocr_line' id='line_1_50' title="bbox 1615 2898 2684 2966; baseline -0.005 -15"><span class='ocrx_word' id='word_1_363' title='bbox 1615 2917 1700 2951; x_wconf 89' lang='lat' dir='ltr'><strong>ma</strong></span> <span class='ocrx_word' id='word_1_364' title='bbox 1737 2901 1956 2965; x_wconf 82' lang='lat' dir='ltr'><strong>vexisse,</strong></span> <span class='ocrx_word' id='word_1_365' title='bbox 2008 2901 2097 2966; x_wconf 87' lang='lat' dir='ltr'><strong>qui</strong></span> <span class='ocrx_word' id='word_1_366' title='bbox 2138 2907 2196 2950; x_wconf 89' lang='lat' dir='ltr'><strong>et</strong></span> <span class='ocrx_word' id='word_1_367' title='bbox 2238 2898 2443 2948; x_wconf 87' lang='lat' dir='ltr'><strong>modica</strong></span> <span class='ocrx_word' id='word_1_368' title='bbox 2489 2898 2684 2960; x_wconf 18' lang='lat' dir='ltr'><strong>tolera-k</strong></span> 
     </span>
     <span class='ocr_line' id='line_1_51' title="bbox 1616 2977 1770 3029; baseline 0 -1"><span class='ocrx_word' id='word_1_369' title='bbox 1616 2977 1770 3029; x_wconf 62' lang='lat' dir='ltr'><strong>rentt’</strong></span> 
     </span>
    </p>

    <p class='ocr_par' dir='ltr' id='par_1_15' title="bbox 1609 3042 2680 3650">
     <span class='ocr_line' id='line_1_52' title="bbox 1681 3042 2678 3118; baseline -0.008 -12"><span class='ocrx_word' id='word_1_370' title='bbox 1681 3061 1715 3088; x_wconf 74' lang='lat' dir='ltr'><strong>w</strong></span> <span class='ocrx_word' id='word_1_371' title='bbox 1746 3049 1931 3105; x_wconf 81' lang='lat' dir='ltr'><strong>Hortos</strong></span> <span class='ocrx_word' id='word_1_372' title='bbox 1971 3042 2190 3118; x_wconf 57' lang='lat' dir='ltr'><strong>instuit]</strong></span> <span class='ocrx_word' id='word_1_373' title='bbox 2232 3051 2394 3103; x_wconf 89' lang='lat' dir='ltr'><strong>Vides</strong></span> <span class='ocrx_word' id='word_1_374' title='bbox 2415 3043 2516 3099; x_wconf 64' lang='lat' dir='ltr'><strong>‘hic</strong></span> <span class='ocrx_word' id='word_1_375' title='bbox 2553 3061 2678 3114; x_wconf 89' lang='lat' dir='ltr'><strong>opes</strong></span> 
     </span>
     <span class='ocr_line' id='line_1_53' title="bbox 1615 3123 2678 3192; baseline -0.005 -12"><span class='ocrx_word' id='word_1_376' title='bbox 1615 3132 1829 3180; x_wconf 83' lang='lat' dir='ltr'><strong>Senecae</strong></span> <span class='ocrx_word' id='word_1_377' title='bbox 1851 3131 1905 3180; x_wconf 89' lang='lat' dir='ltr'><strong>in</strong></span> <span class='ocrx_word' id='word_1_378' title='bbox 1928 3130 2078 3191; x_wconf 84' lang='lat' dir='ltr'><strong>villis,</strong></span> <span class='ocrx_word' id='word_1_379' title='bbox 2097 3129 2253 3192; x_wconf 85' lang='lat' dir='ltr'><strong>agris,</strong></span> <span class='ocrx_word' id='word_1_380' title='bbox 2274 3126 2515 3192; x_wconf 82' lang='lat' dir='ltr'><strong>pecnnia.</strong></span> <span class='ocrx_word' id='word_1_381' title='bbox 2570 3123 2678 3175; x_wconf 89' lang='lat' dir='ltr'><strong>Sed</strong></span> 
     </span>
     <span class='ocr_line' id='line_1_54' title="bbox 1616 3202 2677 3271; baseline -0.006 -16"><span class='ocrx_word' id='word_1_382' title='bbox 1616 3206 1740 3271; x_wconf 87' lang='lat' dir='ltr'><strong>quid</strong></span> <span class='ocrx_word' id='word_1_383' title='bbox 1762 3211 1864 3268; x_wconf 87' lang='lat' dir='ltr'><strong>est,</strong></span> <span class='ocrx_word' id='word_1_384' title='bbox 1883 3202 2118 3255; x_wconf 77' lang='lat' dir='ltr'><strong>instruit?</strong></span> <span class='ocrx_word' id='word_1_385' title='bbox 2151 3203 2337 3260; x_wconf 80' lang='lat' dir='ltr'><strong>referri</strong></span> <span class='ocrx_word' id='word_1_386' title='bbox 2354 3202 2422 3252; x_wconf 82' lang='lat' dir='ltr'><strong>ad</strong></span> <span class='ocrx_word' id='word_1_387' title='bbox 2452 3208 2677 3263; x_wconf 76' lang='lat' dir='ltr'><strong>statuas,</strong></span> 
     </span>
     <span class='ocr_line' id='line_1_55' title="bbox 1614 3275 2680 3346; baseline -0.008 -13"><span class='ocrx_word' id='word_1_388' title='bbox 1614 3282 1834 3346; x_wconf 86' lang='lat' dir='ltr'><strong>tabulas,</strong></span> <span class='ocrx_word' id='word_1_389' title='bbox 1844 3283 2099 3345; x_wconf 86' lang='lat' dir='ltr'><strong>aliumque</strong></span> <span class='ocrx_word' id='word_1_390' title='bbox 2113 3287 2351 3330; x_wconf 81' lang='lat' dir='ltr'><strong>ornatum</strong></span> <span class='ocrx_word' id='word_1_391' title='bbox 2361 3285 2538 3341; x_wconf 88' lang='lat' dir='ltr'><strong>potest</strong></span> <span class='ocrx_word' id='word_1_392' title='bbox 2550 3294 2564 3338; x_wconf 70' lang='grc' dir='ltr'><strong><em>ς</em></strong></span> <span class='ocrx_word' id='word_1_393' title='bbox 2580 3275 2680 3327; x_wconf 89' lang='lat' dir='ltr'><strong>etsi</strong></span> 
     </span>
     <span class='ocr_line' id='line_1_56' title="bbox 1615 3353 2680 3421; baseline -0.005 -13"><span class='ocrx_word' id='word_1_394' title='bbox 1615 3359 1755 3408; x_wconf 83' lang='lat' dir='ltr'><strong>Flor.</strong></span> <span class='ocrx_word' id='word_1_395' title='bbox 1772 3359 1953 3418; x_wconf 84' lang='lat' dir='ltr'><strong>codex,</strong></span> <span class='ocrx_word' id='word_1_396' title='bbox 1970 3358 2195 3419; x_wconf 76' lang='lat' dir='ltr'><strong>exstruit,</strong></span> <span class='ocrx_word' id='word_1_397' title='bbox 2215 3355 2351 3421; x_wconf 92' lang='lat' dir='ltr'><strong>quod</strong></span> <span class='ocrx_word' id='word_1_398' title='bbox 2372 3354 2439 3403; x_wconf 91' lang='lat' dir='ltr'><strong>ad</strong></span> <span class='ocrx_word' id='word_1_399' title='bbox 2456 3353 2680 3404; x_wconf 86' lang='lat' dir='ltr'><strong>aedificia.</strong></span> 
     </span>
     <span class='ocr_line' id='line_1_57' title="bbox 1612 3424 2678 3498; baseline -0.006 -15"><span class='ocrx_word' id='word_1_400' title='bbox 1612 3434 1687 3483; x_wconf 90' lang='lat' dir='ltr'><strong>ibi</strong></span> <span class='ocrx_word' id='word_1_401' title='bbox 1710 3434 1937 3498; x_wconf 87' lang='lat' dir='ltr'><strong>superba</strong></span> <span class='ocrx_word' id='word_1_402' title='bbox 1958 3440 2013 3483; x_wconf 85' lang='lat' dir='ltr'><strong>et</strong></span> <span class='ocrx_word' id='word_1_403' title='bbox 2045 3448 2196 3484; x_wconf 83' lang='lat' dir='ltr'><strong>nova.</strong></span> <span class='ocrx_word' id='word_1_404' title='bbox 2249 3430 2459 3494; x_wconf 76' lang='lat' dir='ltr'><strong>Lipsius.</strong></span> <span class='ocrx_word' id='word_1_405' title='bbox 2505 3424 2573 3477; x_wconf 73' lang='grc' dir='ltr'><strong>Τὸ</strong></span> <span class='ocrx_word' id='word_1_406' title='bbox 2604 3431 2678 3478; x_wconf 70' lang='grc' dir='ltr'><strong>ἰπ-</strong></span> 
     </span>
     <span class='ocr_line' id='line_1_58' title="bbox 1609 3508 2677 3575; baseline -0.004 -16"><span class='ocrx_word' id='word_1_407' title='bbox 1609 3510 1773 3575; x_wconf 68' lang='lat' dir='ltr'><strong>sii-uit,</strong></span> <span class='ocrx_word' id='word_1_408' title='bbox 1794 3510 1862 3559; x_wconf 90' lang='lat' dir='ltr'><strong>de</strong></span> <span class='ocrx_word' id='word_1_409' title='bbox 1884 3524 2206 3574; x_wconf 90' lang='lat' dir='ltr'><strong>quocumque</strong></span> <span class='ocrx_word' id='word_1_410' title='bbox 2228 3508 2371 3559; x_wconf 88' lang='lat' dir='ltr'><strong>cultu</strong></span> <span class='ocrx_word' id='word_1_411' title='bbox 2392 3513 2452 3556; x_wconf 89' lang='lat' dir='ltr'><strong>et</strong></span> <span class='ocrx_word' id='word_1_412' title='bbox 2485 3512 2677 3556; x_wconf 88' lang='lat' dir='ltr'><strong>ornatu</strong></span> 
     </span>
     <span class='ocr_line' id='line_1_59' title="bbox 1610 3587 2045 3650; baseline 0 -14"><span class='ocrx_word' id='word_1_413' title='bbox 1610 3587 1831 3649; x_wconf 88' lang='lat' dir='ltr'><strong>intelligi</strong></span> <span class='ocrx_word' id='word_1_414' title='bbox 1854 3593 2045 3650; x_wconf 85' lang='lat' dir='ltr'><strong>potest.</strong></span> 
     </span>
    </p>

    <p class='ocr_par' dir='ltr' id='par_1_16' title="bbox 1610 3657 2714 4336">
     <span class='ocr_line' id='line_1_60' title="bbox 1676 3657 2714 3725; baseline -0.008 -12"><span class='ocrx_word' id='word_1_415' title='bbox 1676 3669 1702 3694; x_wconf 60' lang='grc' dir='ltr'><strong>Χ</strong></span> <span class='ocrx_word' id='word_1_416' title='bbox 1740 3662 1933 3725; x_wconf 83' lang='lat' dir='ltr'><strong>Cetera]</strong></span> <span class='ocrx_word' id='word_1_417' title='bbox 1968 3662 2169 3722; x_wconf 81' lang='lat' dir='ltr'><strong>Cetera,</strong></span> <span class='ocrx_word' id='word_1_418' title='bbox 2209 3675 2325 3725; x_wconf 85' lang='lat' dir='ltr'><strong>quae</strong></span> <span class='ocrx_word' id='word_1_419' title='bbox 2364 3666 2424 3708; x_wconf 91' lang='lat' dir='ltr'><strong>tu</strong></span> <span class='ocrx_word' id='word_1_420' title='bbox 2458 3657 2675 3720; x_wconf 83' lang='lat' dir='ltr'><strong>addere,</strong></span> <span class='ocrx_word' id='word_1_421' title='bbox 2707 3671 2714 3676; x_wconf 89' lang='grc'><em>·</em></span> 
     </span>
     <span class='ocr_line' id='line_1_61' title="bbox 1614 3733 2682 3800; baseline -0.006 -14"><span class='ocrx_word' id='word_1_422' title='bbox 1614 3744 1705 3786; x_wconf 88' lang='lat' dir='ltr'><strong>aut</strong></span> <span class='ocrx_word' id='word_1_423' title='bbox 1727 3751 1826 3800; x_wconf 81' lang='lat' dir='ltr'><strong>ego</strong></span> <span class='ocrx_word' id='word_1_424' title='bbox 1849 3752 1880 3786; x_wconf 88' lang='lat' dir='ltr'><strong>a</strong></span> <span class='ocrx_word' id='word_1_425' title='bbox 1903 3745 1957 3786; x_wconf 92' lang='lat' dir='ltr'><strong>te</strong></span> <span class='ocrx_word' id='word_1_426' title='bbox 1978 3737 2219 3800; x_wconf 86' lang='lat' dir='ltr'><strong>accipere</strong></span> <span class='ocrx_word' id='word_1_427' title='bbox 2240 3736 2452 3798; x_wconf 84' lang='lat' dir='ltr'><strong>possim,</strong></span> <span class='ocrx_word' id='word_1_428' title='bbox 2461 3734 2576 3798; x_wconf 86' lang='lat' dir='ltr'><strong>jam</strong></span> <span class='ocrx_word' id='word_1_429' title='bbox 2602 3733 2682 3798; x_wconf 46' lang='lat' dir='ltr'><strong>inq</strong></span> 
     </span>
     <span class='ocr_line' id='line_1_62' title="bbox 1610 3802 2673 3877; baseline -0.004 -15"><span class='ocrx_word' id='word_1_430' title='bbox 1610 3802 1799 3862; x_wconf 86' lang='lat' dir='ltr'><strong>vidiam</strong></span> <span class='ocrx_word' id='word_1_431' title='bbox 1824 3820 2018 3877; x_wconf 79' lang='lat' dir='ltr'><strong>augent</strong></span> <span class='ocrx_word' id='word_1_432' title='bbox 2048 3813 2101 3861; x_wconf 90' lang='lat' dir='ltr'><strong>in</strong></span> <span class='ocrx_word' id='word_1_433' title='bbox 2126 3827 2232 3861; x_wconf 82' lang='lat' dir='ltr'><strong>me:</strong></span> <span class='ocrx_word' id='word_1_434' title='bbox 2269 3810 2576 3869; x_wconf 86' lang='lat' dir='ltr'><strong>auctoritas,</strong></span> <span class='ocrx_word' id='word_1_435' title='bbox 2598 3808 2673 3858; x_wconf 86' lang='lat' dir='ltr'><strong>fa·</strong></span> 
     </span>
     <span class='ocr_line' id='line_1_63' title="bbox 1613 3887 2680 3954; baseline -0.002 -18"><span class='ocrx_word' id='word_1_436' title='bbox 1613 3904 1723 3952; x_wconf 83' lang='lat' dir='ltr'><strong>vor,</strong></span> <span class='ocrx_word' id='word_1_437' title='bbox 1747 3891 1911 3954; x_wconf 78' lang='lat' dir='ltr'><strong>gratia</strong></span> <span class='ocrx_word' id='word_1_438' title='bbox 1937 3887 2184 3952; x_wconf 86' lang='lat' dir='ltr'><strong>principis</strong></span> <span class='ocrx_word' id='word_1_439' title='bbox 2204 3887 2254 3936; x_wconf 91' lang='lat' dir='ltr'><strong>in</strong></span> <span class='ocrx_word' id='word_1_440' title='bbox 2278 3887 2531 3936; x_wconf 86' lang='lat' dir='ltr'><strong>Senecam</strong></span> <span class='ocrx_word' id='word_1_441' title='bbox 2553 3891 2680 3954; x_wconf 35' lang='lat' dir='ltr'><strong>post:</strong></span> 
     </span>
     <span class='ocr_line' id='line_1_64' title="bbox 1614 3964 2675 4031; baseline -0.005 -13"><span class='ocrx_word' id='word_1_442' title='bbox 1614 3973 1695 4018; x_wconf 89' lang='lat' dir='ltr'><strong>tot</strong></span> <span class='ocrx_word' id='word_1_443' title='bbox 1715 3983 1860 4031; x_wconf 87' lang='lat' dir='ltr'><strong>opes,</strong></span> <span class='ocrx_word' id='word_1_444' title='bbox 1888 3967 1999 4031; x_wconf 86' lang='lat' dir='ltr'><strong>jam</strong></span> <span class='ocrx_word' id='word_1_445' title='bbox 2038 3972 2230 4015; x_wconf 86' lang='lat' dir='ltr'><strong>cuncta</strong></span> <span class='ocrx_word' id='word_1_446' title='bbox 2263 3965 2377 4013; x_wconf 87' lang='lat' dir='ltr'><strong>haec</strong></span> <span class='ocrx_word' id='word_1_447' title='bbox 2418 3964 2675 4014; x_wconf 76' lang='lat' dir='ltr'><strong>invidiosa</strong></span> 
     </span>
     <span class='ocr_line' id='line_1_65' title="bbox 1614 4038 2674 4106; baseline -0.003 -13"><span class='ocrx_word' id='word_1_448' title='bbox 1614 4051 1763 4093; x_wconf 85' lang='lat' dir='ltr'><strong>sunt:</strong></span> <span class='ocrx_word' id='word_1_449' title='bbox 1803 4044 1993 4092; x_wconf 87' lang='lat' dir='ltr'><strong>invidia</strong></span> <span class='ocrx_word' id='word_1_450' title='bbox 2012 4042 2216 4106; x_wconf 89' lang='lat' dir='ltr'><strong>quidem</strong></span> <span class='ocrx_word' id='word_1_451' title='bbox 2242 4040 2380 4090; x_wconf 88' lang='lat' dir='ltr'><strong>infra</strong></span> <span class='ocrx_word' id='word_1_452' title='bbox 2403 4047 2553 4090; x_wconf 87' lang='lat' dir='ltr'><strong>tuum</strong></span> <span class='ocrx_word' id='word_1_453' title='bbox 2574 4038 2674 4090; x_wconf 80' lang='lat' dir='ltr'><strong>fas·</strong></span> 
     </span>
     <span class='ocr_line' id='line_1_66' title="bbox 1615 4116 2674 4184; baseline -0.004 -15"><span class='ocrx_word' id='word_1_454' title='bbox 1615 4120 1797 4184; x_wconf 87' lang='lat' dir='ltr'><strong>tigium</strong></span> <span class='ocrx_word' id='word_1_455' title='bbox 1809 4120 1963 4182; x_wconf 72' lang='lat' dir='ltr'><strong>jacet,</strong></span> <span class='ocrx_word' id='word_1_456' title='bbox 1976 4132 2072 4167; x_wconf 87' lang='lat' dir='ltr'><strong>nec</strong></span> <span class='ocrx_word' id='word_1_457' title='bbox 2091 4118 2140 4166; x_wconf 89' lang='lat' dir='ltr'><strong>in</strong></span> <span class='ocrx_word' id='word_1_458' title='bbox 2158 4118 2368 4167; x_wconf 87' lang='lat' dir='ltr'><strong>dantem</strong></span> <span class='ocrx_word' id='word_1_459' title='bbox 2386 4116 2674 4181; x_wconf 87' lang='lat' dir='ltr'><strong>principem</strong></span> 
     </span>
     <span class='ocr_line' id='line_1_67' title="bbox 1613 4192 2674 4256; baseline -0.004 -11"><span class='ocrx_word' id='word_1_460' title='bbox 1613 4194 1758 4245; x_wconf 85' lang='lat' dir='ltr'><strong>cadit</strong></span> <span class='ocrx_word' id='word_1_461' title='bbox 1777 4201 1867 4244; x_wconf 89' lang='lat' dir='ltr'><strong>aut</strong></span> <span class='ocrx_word' id='word_1_462' title='bbox 1888 4193 2113 4255; x_wconf 88' lang='lat' dir='ltr'><strong>invadit;</strong></span> <span class='ocrx_word' id='word_1_463' title='bbox 2148 4201 2203 4243; x_wconf 89' lang='lat' dir='ltr'><strong>at</strong></span> <span class='ocrx_word' id='word_1_464' title='bbox 2220 4193 2343 4242; x_wconf 86' lang='lat' dir='ltr'><strong>mihi</strong></span> <span class='ocrx_word' id='word_1_465' title='bbox 2375 4192 2674 4256; x_wconf 88' lang='lat' dir='ltr'><strong>accipienti,</strong></span> 
     </span>
     <span class='ocr_line' id='line_1_68' title="bbox 1611 4267 2672 4336; baseline -0.004 -15"><span class='ocrx_word' id='word_1_466' title='bbox 1611 4272 1733 4322; x_wconf 89' lang='lat' dir='ltr'><strong>mihi</strong></span> <span class='ocrx_word' id='word_1_467' title='bbox 1775 4270 1982 4336; x_wconf 84' lang='lat' dir='ltr'><strong>privato</strong></span> <span class='ocrx_word' id='word_1_468' title='bbox 2019 4275 2131 4322; x_wconf 81' lang='lat' dir='ltr'><strong>tota</strong></span> <span class='ocrx_word' id='word_1_469' title='bbox 2172 4268 2425 4321; x_wconf 87' lang='lat' dir='ltr'><strong>incumbit</strong></span> <span class='ocrx_word' id='word_1_470' title='bbox 2461 4267 2672 4320; x_wconf 69' lang='lat' dir='ltr'><strong>invidiae</strong></span> 
     </span>
    </p>
   </div>
   <div class='ocr_carea' id='block_1_10' title="bbox 2964 120 2979 3290">
    <p class='ocr_par' dir='ltr' id='par_1_17' title="bbox 2964 120 2979 3290">
     <span class='ocr_line' id='line_1_69' title="bbox 2964 120 2979 3290; baseline 0 0"><span class='ocrx_word' id='word_1_471' title='bbox 2964 120 2979 3290; x_wconf 95' lang='lat' dir='ltr'><strong> </strong></span> 
     </span>
    </p>
   </div>
   <div class='ocr_carea' id='block_1_11' title="bbox 2964 120 2979 3534">
    <p class='ocr_par' dir='ltr' id='par_1_18' title="bbox 2964 120 2979 3534">
     <span class='ocr_line' id='line_1_70' title="bbox 2964 120 2979 3534; baseline 0 0"><span class='ocrx_word' id='word_1_472' title='bbox 2964 120 2979 3534; x_wconf 95' lang='lat' dir='ltr'><strong> </strong></span> 
     </span>
    </p>
   </div>
  </div>
 </body>
</html>
