3063 4952
539 420 713 487 193⁰
1243 438 1310 487 c.
1359 440 1726 489 conNnun
1774 440 2036 491 ‘mom

2419 448 2515 516 [A.
2539 451 2609 503 n.
2626 456 2739 504 sis.

427 634 432 637 .
537 582 853 659 valerent,
906 581 1002 647 ita
1054 581 1387 666 Populum
1449 583 1831 649 Romanum
1885 586 2022 651 vim
2079 587 2435 671 plurimam
2484 581 2756 668 habete,

535 685 1089 768 parendumqu‹=¹²
1119 687 1463 751 retinenti!
1535 687 1706 752 Haec
1739 698 1939 771 atque
1967 691 2127 752 talia
2159 693 2344 773 plebi
2378 690 2742 757 volentia¹⁸³

537 785 744 863 fuere,
775 787 1194 870 voluptatum
1235 790 1569 871 cupidine,
1601 799 1690 865 et,
1723 810 1875 874 quae
1920 793 2267 876 praeeipua
2297 814 2459 891 cura
2493 803 2625 871 est,
2654 796 2750 859 rei

535 889 983 955 frumentariae
1037 893 1392 973 angustias,
1455 893 1512 955 si
1575 894 1865 970 abesset,
1922 899 2257 961 metuenti.
2347 897 2639 962 Senatus
2689 905 2753 963 et

533 992 874 1075 primoresJ
906 996 972 1056 in
1002 994 1249 1057 incerto
1282 1002 1494 1072 erant,
1525 997 1758 1079 procul
1788 1015 1871 1059 an
1901 1016 2120 1061 coram
2157 1002 2448 1065 atrocior
2477 1001 2754 1067 habere-

529 1099 686 1157 ·tur:
732 1093 992 1172 dehinc,
1024 1115 1175 1179 quae
1205 1102 1440 1160 natura
1481 1098 1736 1180 magnis
1786 1099 2158 1180 timoribus,
2203 1101 2494 1167 deterius
2532 1104 2753 1168 crede-

531 1195 722 1275 bant,
753 1197 927 1278 quod
958 1205 1284 1263 evenerat.

531 1359 538 1365 .
622 1298 731 1363 37.
776 1298 963 1382 Ipse,
1012 1321 1144 1383 quo
1208 1301 1407 1366 fidem
1464 1304 1854 1387 acquireret,
1914 1305 2081 1371 nihil
2135 1328 2420 1392 usquam
2477 1309 2756 1392 perinde

538 1400 765 1465 laetum
795 1403 964 1483 sibi,
999 1406 1295 1487 publicis
1322 1406 1515 1470 locis¹
1536 1402 1562 1441 ¹¹
1591 1415 1868 1473 struere²
1900 1411 2240 1488 convivia,
2282 1416 2562 1496 totaque
2590 1415 2756 1477 urbe

533 1504 741 1585 ‚quasi
791 1504 991 1569 domo
1046 1508 1168 1571 uti.
1264 1507 1350 1573 Et
1406 1509 1851 1576 celeberrimae
1910 1512 2074 1577 luxu
2136 1512 2465 1597 famaque³
2527 1515 2753 1598 epulae

532 1603 741 1699 tfuere,
795 1627 967 1690 quas
999 1629 1040 1672 a
1086 1608 1433 1692 Tigellino¹
1472 1619 1802 1696 paramS,4
1848 1621 1923 1678 ut
1966 1617 2379 1700 exemplum,
2421 1617 2752 1706 referam‚⁵

539 1771 697 1819 animo
733 1774 980 1837 principis,
999 1776 1388 1842 cedendumque
1428 1780 1786 1833 attinentibus.
1855 1784 1978 1833 Hoec
2022 1789 2073 1833 et
2100 1785 2281 1833 similia
2311 1785 2362 1833 in
2385 1787 2557 1846 tulgus
2577 1787 2693 1833 laeta
2712 1791 2757 1834 et

537 1842 683 1896 grata
692 1836 911 1896 fuerunt,
932 1842 1162 1890 desiderio
1193 1846 1581 1906 spectaculorum,
1602 1852 1649 1895 et
1670 1863 1773 1912 quae
1802 1850 2011 1898 maximo
2033 1850 2276 1898 solicitudo
2297 1855 2385 1909 est,
2420 1853 2547 1913 quod
2580 1857 2758 1900 metne-

539 1905 647 1948 rent
686 1916 881 1951 annonae
925 1906 1246 1970 diffibultatem
1289 1910 1332 1957 si
1363 1909 1516 1959 abiret
1558 1913 1821 1976 princeps.
1889 1913 2097 1963 Senatus
2127 1928 2430 1978 proceresque
2458 1917 2513 1963 in
2535 1915 2758 1977 ambiguo

539 1970 693 2026 erant,
712 1981 774 2014 an
796 1967 958 2017 absens
980 1986 1043 2018 an
1060 1986 1266 2033 proesens
1285 1973 1539 2024 immanior
1559 1983 1676 2026 esset
1694 1995 1710 2027 .-
1740 1979 1872 2038 ezin,
1900 1982 2021 2042 quod
2043 1980 2231 2041 ”tog-»iis
2247 1980 2502 2043 pavoribus
2540 1981 2755 2029 innatum

542 2034 642 2089 est,
659 2030 790 2092 pejus
811 2047 923 2081 esse
942 2035 1068 2084 illud
1089 2037 1464 2101 arbitrabantur,
1481 2044 1604 2104 quod
1623 2043 1876 2092 acciderat.
2602 2058 2619 2065 ‘

610 2093 733 2156 Ipse,
753 2097 1178 2164 utfidemsaceret,
1199 2103 1320 2152 nihil
1334 2120 1526 2168 usquam
1541 2107 1634 2155 sibi
1653 2109 2023 2168 tamjucundum
2045 2123 2158 2170 esse,
2175 2109 2377 2172 publicis
2396 2109 2514 2158 locis
2535 2109 2757 2159 exhibere

533 2160 717 2221 epulas,
731 2164 921 2225 totaque
940 2164 1134 2215 civitate
1156 2168 1280 2216 velut
1298 2170 1547 2231 penatibus
1577 2173 1668 2221 uti.
1738 2173 1809 2220 Et
1830 2173 2140 2223 clarissimum
2165 2174 2521 2240 magnificentia
2529 2173 2759 2238 famaque

538 2225 801 2274 convivium
810 2227 936 2292 suit,
955 2232 1074 2292 quod
1096 2247 1127 2280 α
1147 2232 1379 2296 Tigellium
1398 2241 1635 2299 ornatum,
1657 2242 1713 2286 ut
1731 2240 1985 2301 specimen,
2003 2239 2280 2301 mmor-bo,
2310 2254 2369 2288 ne
2400 2240 2579 2303 σαφέως
2598 2242 2754 2290 eodm

533 2480 544 2486 -
608 2438 669 2485 12
703 2436 806 2493 Que
828 2439 977 2490 abest
1000 2457 1030 2492 a
1053 2442 1157 2492 Ms.
1183 2445 1333 2496 Harl.
1369 2445 1523 2496 Bodl.
1561 2446 1807 2500 ,ἰωὴ-13
1841 2450 2123 2516 Perperam
2164 2451 2529 2516 emendarunt,
2563 2454 2757 2508 Puteo·

540 2498 707 2562 lanus,
746 2506 981 2563 scientim
1012 2508 1303 2571 Rhenanus,
1323 2513 1513 2562 volenti.
1580 2514 1810 2563 Brotier.

608 2569 635 2613 1
672 2568 896 2618 Codices
916 2571 999 2621 hic
1022 2573 1255 2624 turbant.
1290 2576 1431 2625 Flor.
1458 2579 1607 2626 locum
1624 2580 1752 2628 locis.
1788 2580 1920 2629 Bud.
1941 2582 2136 2644 per-inne
2164 2582 2313 2631 heum
2332 2582 2427 2632 sibi
2446 2585 2613 2633 loetum
2629 2583 2756 2649 publ.

541 2629 668 2680 locis.
692 2632 812 2681 inde
835 2635 1001 2685 Rhen.
1026 2638 1330 2701 conjectura
1348 2642 1470 2689 nihil
1487 2656 1685 2706 usquam
1696 2646 2009 2708 periculosum
2029 2646 2139 2705 sibi,
2163 2648 2303 2696 latus
2329 2663 2381 2712 p.
2415 2651 2448 2699 l.
2475 2656 2586 2698 etc.
2656 2650 2758 2699 Sed

535 2693 655 2757 ‘ipse
695 2698 839 2766 vulg.
880 2706 1044 2752 tenet.
1100 2703 1410 2754 Oberlin.—2
1447 2706 1552 2756 Ms.
1593 2708 1703 2759 Jes.
1743 2715 2071 2760 uolnera—3
2107 2712 2238 2763 eod.
2275 2711 2405 2777 Agr.
2444 2713 2761 2779 iffmniaque:

544 2760 728 2822 glossa.
768 2763 1079 2815 Oberlin.——4
1112 2768 1198 2818 Sic
1223 2770 1352 2820 Mss.
1373 2770 1513 2821 Flor.
1543 2773 1674 2835 Reg.
1705 2774 1862 2825 Corb.
1889 2776 2052 2825 editio
2074 2778 2319 2842 princeps
2339 2784 2396 2827 et
2416 2780 2758 2830 recentiores.

543 2824 688 2874 Male
724 2826 777 2875 in
817 2828 944 2879 Mss.
982 2832 1135 2882 Bodl.
1175 2834 1285 2885 Jes.
1332 2835 1508 2886 G'uelf.
1544 2843 1602 2886 et
1642 2839 1983 2902 Puteolanus,
2005 2844 2144 2905 quasi
2164 2844 2395 2905 Tigillino
2418 2850 2628 2907 parate.
2695 2844 2759 2894 In

543 2890 776 2953 margine
796 2894 901 2944 Ms.
922 2895 1077 2946 Bodl.
1099 2898 1449 2963 emendatum,
1469 2917 1589 2965 quas
1603 2919 1634 2951 a
1657 2903 1889 2966 Tigillino
1906 2912 2121 2970 paratas.
2153 2909 2479 2960 Brotier.—5
2517 2909 2604 2959 Ita
2628 2909 2759 2961 bene

1534 3017 1754 3070 NOTAE

535 3091 540 3094 ’
609 3097 621 3130 ¹
661 3099 899 3169 Volenlia]
929 3104 1035 3155 Alii
1057 3109 1247 3168 volenti,
1272 3112 1364 3160 sed
1388 3128 1454 3163 ex
1477 3114 1606 3164 Mss.

542 3176 777 3236 uolentia:
813 3180 887 3230 sic
910 3189 965 3231 et
987 3183 1108 3234 hist.
1142 3186 1183 3236 l.
1205 3201 1291 3239 111.
1314 3189 1330 3217 ‘
1360 3191 1606 3241 Muciano

544 3253 772 3304 volentia
790 3258 1077 3323 scripsere,’
1100 3262 1149 3311 id
1173 3272 1253 3313 est
1277 3265 1416 3329 laeta,
1438 3274 1608 3332 grata,

1680 3116 1812 3188 pub.
1837 3132 1898 3168 ae
1922 3118 2215 3181 provincias
2239 3126 2294 3169 et
2312 3120 2580 3170 exercitus
2599 3119 2764 3184 equiti

1687 3193 1838 3259 Rom.
1859 3209 1918 3243 ac
1941 3193 2144 3244 libertis
2166 3195 2559 3259 permissurum.
2600 3197 2761 3247 Certe

1686 3284 1858 3334 neque
1880 3271 2179 3335 adveniens,
2211 3288 2384 3338 neque
2408 3273 2765 3337 proficiscens,

545 3340 797 3396 accepta;
831 3337 905 3385 sic
930 3338 1132 3389 Sallust.
1167 3342 1290 3407 Jug.
1319 3345 1335 3371 ‘
1360 3345 1610 3396 Volentia

544 3404 611 3453 de
632 3410 880 3461 ambobus
899 3418 1252 3479 acceperant!

535 3549 540 3554 1
611 3483 707 3531 Cui
748 3490 965 3551 opponit
1004 3494 1209 3543 dolentia
1235 3494 1373 3545 idem
1393 3496 1609 3547 Sallust.

546 3557 563 3585 ‘
590 3558 870 3622 Magnifica
893 3580 986 3629 pro
1009 3583 1084 3631 se,
1115 3578 1169 3619 et
1203 3571 1302 3621 illis
1338 3573 1607 3625 dolentia!

544 3633 723 3685 Etiam
756 3638 879 3702 Jug.
903 3643 918 3667 ‘
942 3658 1109 3708 neque
1137 3647 1280 3710 plebi
1313 3649 1499 3699 militia
1520 3666 1607 3701 vos

543 3709 679 3760 'lenti
717 3717 1036 3775 putabatur.'
1090 3723 1163 3772 Et
1200 3725 1252 3773 in
1294 3723 1425 3790 frag.
1469 3728 1502 3776 l.
1530 3740 1608 3778 lv.

543 3784 560 3812 ‘
586 3786 869 3854 Multisque
942 3797 1315 3860 suspicionibus
1379 3803 1607 3852 volentia

533 3863 690 3932 ‘plebi
711 3864 945 3918 facturus
972 3871 1278 3926 videbatur.'
1335 3878 1602 3930 Nonnius:

543 3938 563 3968 ‘
584 3941 831 3993 Volentia
854 3962 968 4010 quae
991 3949 1137 4010 plebs
1163 3952 1358 4001 vellet!

540 4078 546 4082 .
605 4014 623 4058 ³
657 4013 859 4069 Senatus
899 4028 946 4070 et
983 4025 1236 4089 primores]
1279 4029 1487 4081 sueton.
1522 4035 1604 4083 3⁷.

547 4093 882 4162 ‘Multasque
921 4114 1019 4149 nec
1061 4101 1238 4152 dubias
1275 4105 1606 4167 significatio-

547 4184 640 4217 nes
662 4183 800 4247 sfepe
811 4174 967 4239 jecit,
990 4193 1055 4226 ne
1085 4181 1294 4246 reliquis
1317 4184 1525 4248 quidem
1549 4202 1605 4237 se

545 4243 814 4305 parsurum
835 4253 1187 4304 senatoribus:
1228 4250 1449 4323 eumque
1469 4262 1606 4311 ordi-

547 4335 666 4371 nem
708 4324 1033 4378 sublaturum
1089 4334 1398 4399 quandoque
1435 4352 1467 4387 e
1505 4339 1606 4390 Re·

1689 3362 1984 3413 quenquam
2005 3348 2356 3414 (senatorum)
2373 3352 2554 3400 osculo
2577 3351 2765 3416 imper·

1687 3423 1828 3486 tivit,
1850 3439 1912 3474 ae
1935 3439 2001 3475 ue
2025 3426 2404 3475 resalutatione
2424 3427 2659 3491 quidem.
2690 3428 2763 3477 Et

1687 3501 1740 3551 in
1780 3502 2094 3567 auspicando
2141 3519 2304 3569 opere
2345 3499 2535 3554 Isthmi
2573 3505 2764 3570 magua

1687 3574 1985 3642 frequentia
2030 3581 2191 3643 clare,
2229 3586 2289 3629 ut
2330 3579 2429 3629 sibi
2468 3595 2532 3629 ac
2569 3581 2766 3646 populo

1680 3653 1840 3721 Rom.
1861 3655 1997 3706 bene
2023 3671 2105 3706 res
2127 3664 2383 3721 verteret,
2402 3659 2646 3722 optavit:
2673 3659 2772 3709 dis-

1686 3732 1926 3782 simulata
1944 3740 2156 3784 senatus
2181 3734 2486 3787 mentione.'

1749 3805 1775 3840 ¹¹
1807 3808 2022 3859 Publicis
2041 3811 2177 3873 locis]
2210 3806 2428 3862 Sueton.
2454 3816 2537 3862 27.
2559 3811 2578 3840 ‘
2599 3812 2767 3862 Coeui-

1686 3883 1938 3950 tabatque
1961 3901 2326 3953 nonnunquam
2361 3895 2418 3937 et
2444 3888 2498 3937 in
2535 3888 2768 3953 publico,

1686 3960 2008 4012 Naumachia
2077 3965 2354 4027 praeclusa,
2417 3965 2499 4013 vel
2568 3965 2768 4014 Martio

1686 4038 1906 4099 Campo,
1959 4038 2045 4089 vel
2103 4041 2258 4091 Circo
2318 4041 2572 4102 maximo,
2626 4040 2767 4090 inter

1683 4119 1974 4162 scortorum
1995 4115 2158 4163 totius
2174 4113 2318 4164 urbis
2344 4113 2766 4166 ambubaiarum·

1685 4202 1785 4252 que
1808 4184 2139 4239 ministeria!
2361 4251 2366 4257 .
2622 4191 2633 4199 ⁴

1748 4262 1764 4296 ¹
1802 4264 2051 4328 Tigellino*
2074 4266 2294 4331 paratas]
2344 4267 2599 4331 vertunt,>
2617 4266 2763 4333 quasi

1684 4337 1868 4391 honori
1896 4342 2142 4408 Tigellini
2170 4344 2228 4394 id
2264 4341 2506 4410 daretur,
2528 4341 2679 4411 quasi
2698 4342 2765 4391 iis
