<?xml version="1.0" encoding="UTF-8"?>
<!DOCTYPE html PUBLIC "-//W3C//DTD XHTML 1.0 Transitional//EN"
    "http://www.w3.org/TR/xhtml1/DTD/xhtml1-transitional.dtd">
<html xmlns="http://www.w3.org/1999/xhtml" xml:lang="en" lang="en">
 <head>
  <title>
</title>
<meta http-equiv="Content-Type" content="text/html;charset=utf-8" />
  <meta name='ocr-system' content='tesseract 3.04.00' />
  <meta name='ocr-capabilities' content='ocr_page ocr_carea ocr_par ocr_line ocrx_word'/>
</head>
<body>
  <div class='ocr_page' id='page_1' title='image "./operaomniavolum00tacigoog_0232.png"; bbox 0 0 3063 4952; ppageno 0'>
   <div class='ocr_carea' id='block_1_1' title="bbox 503 394 2014 470">
    <p class='ocr_par' dir='ltr' id='par_1_1' title="bbox 503 394 2014 470">
     <span class='ocr_line' id='line_1_1' title="bbox 503 394 2014 470; baseline -0.004 0"><span class='ocrx_word' id='word_1_1' title='bbox 503 402 679 470; x_wconf 86' lang='lat'>1606</span> <span class='ocrx_word' id='word_1_2' title='bbox 1227 394 1299 466; x_wconf 81' lang='lat' dir='ltr'>c.-</span> <span class='ocrx_word' id='word_1_3' title='bbox 1344 413 1710 468; x_wconf 66' lang='lat' dir='ltr'>commi</span> <span class='ocrx_word' id='word_1_4' title='bbox 1749 414 2014 466; x_wconf 67' lang='lat' dir='ltr'>*um-m</span> 
     </span>
    </p>
   </div>
   <div class='ocr_carea' id='block_1_2' title="bbox 505 558 2717 1054">
    <p class='ocr_par' dir='ltr' id='par_1_2' title="bbox 505 558 2717 1054">
     <span class='ocr_line' id='line_1_2' title="bbox 506 558 2715 651; baseline 0 -26"><span class='ocrx_word' id='word_1_5' title='bbox 506 565 582 627; x_wconf 89' lang='lat' dir='ltr'>ut</span> <span class='ocrx_word' id='word_1_6' title='bbox 611 560 830 646; x_wconf 85' lang='lat' dir='ltr'>copiae</span> <span class='ocrx_word' id='word_1_7' title='bbox 862 580 981 645; x_wconf 86' lang='lat' dir='ltr'>per</span> <span class='ocrx_word' id='word_1_8' title='bbox 1006 567 1238 641; x_wconf 63' lang='lat' dir='ltr'>mare:</span> <span class='ocrx_word' id='word_1_9' title='bbox 1264 560 1417 625; x_wconf 89' lang='lat' dir='ltr'>dein</span> <span class='ocrx_word' id='word_1_10' title='bbox 1447 559 1804 627; x_wconf 69' lang='lat' dir='ltr'>Rhodanot</span> <span class='ocrx_word' id='word_1_11' title='bbox 1839 567 1907 627; x_wconf 84' lang='lat' dir='ltr'>et</span> <span class='ocrx_word' id='word_1_12' title='bbox 1951 558 2163 624; x_wconf 89' lang='lat' dir='ltr'>Arare</span> <span class='ocrx_word' id='word_1_13' title='bbox 2196 562 2565 639; x_wconf 85' lang='lat' dir='ltr'>subvectae,</span> <span class='ocrx_word' id='word_1_14' title='bbox 2594 581 2715 651; x_wconf 84' lang='lat' dir='ltr'>per</span> 
     </span>
     <span class='ocr_line' id='line_1_3' title="bbox 506 662 2714 742; baseline 0 -14"><span class='ocrx_word' id='word_1_15' title='bbox 506 684 658 729; x_wconf 88' lang='lat' dir='ltr'>eam</span> <span class='ocrx_word' id='word_1_16' title='bbox 703 665 977 742; x_wconf 86' lang='lat' dir='ltr'>fossam,</span> <span class='ocrx_word' id='word_1_17' title='bbox 1027 684 1187 729; x_wconf 83' lang='lat' dir='ltr'>mox</span> <span class='ocrx_word' id='word_1_18' title='bbox 1232 663 1437 730; x_wconf 85' lang='lat' dir='ltr'>fluvio</span> <span class='ocrx_word' id='word_1_19' title='bbox 1479 664 1769 730; x_wconf 81' lang='lat' dir='ltr'><strong>Mosella</strong></span> <span class='ocrx_word' id='word_1_20' title='bbox 1810 665 1879 728; x_wconf 90' lang='lat' dir='ltr'>in</span> <span class='ocrx_word' id='word_1_21' title='bbox 1923 662 2256 741; x_wconf 84' lang='lat' dir='ltr'><strong>Rhenum,</strong></span> <span class='ocrx_word' id='word_1_22' title='bbox 2284 664 2464 727; x_wconf 84' lang='lat' dir='ltr'>exin³</span> <span class='ocrx_word' id='word_1_23' title='bbox 2499 662 2714 728; x_wconf 89' lang='lat' dir='ltr'>Ocea-</span> 
     </span>
     <span class='ocr_line' id='line_1_4' title="bbox 505 766 2716 850; baseline 0 -20"><span class='ocrx_word' id='word_1_24' title='bbox 505 775 691 832; x_wconf 72' lang='lat' dir='ltr'>numu</span> <span class='ocrx_word' id='word_1_25' title='bbox 743 767 1198 831; x_wconf 80' lang='lat' dir='ltr'>decurrerent:</span> <span class='ocrx_word' id='word_1_26' title='bbox 1267 766 1676 850; x_wconf 81' lang='lat' dir='ltr'>sublatisque</span> <span class='ocrx_word' id='word_1_27' title='bbox 1716 766 2016 831; x_wconf 83' lang='lat' dir='ltr'>itinerum</span> <span class='ocrx_word' id='word_1_28' title='bbox 2046 766 2571 845; x_wconf 77' lang='lat' dir='ltr'>difficultatibuS,</span> <span class='ocrx_word' id='word_1_29' title='bbox 2601 785 2716 830; x_wconf 89' lang='lat' dir='ltr'>na-</span> 
     </span>
     <span class='ocr_line' id='line_1_5' title="bbox 505 869 2717 954; baseline 0.001 -20"><span class='ocrx_word' id='word_1_30' title='bbox 505 870 820 952; x_wconf 78' lang='lat' dir='ltr'>vigabilia</span> <span class='ocrx_word' id='word_1_31' title='bbox 845 871 1014 935; x_wconf 91' lang='lat' dir='ltr'>inter</span> <span class='ocrx_word' id='word_1_32' title='bbox 1044 889 1117 933; x_wconf 89' lang='lat' dir='ltr'>se</span> <span class='ocrx_word' id='word_1_33' title='bbox 1145 869 1514 934; x_wconf 88' lang='lat' dir='ltr'>occidentis</span> <span class='ocrx_word' id='word_1_34' title='bbox 1539 869 2436 954; x_wconf 72' lang='lat' dir='ltr'>septentrionisque41ittora&#39;</span> <span class='ocrx_word' id='word_1_35' title='bbox 2463 869 2717 937; x_wconf 79' lang='lat' dir='ltr'>fierent.</span> 
     </span>
     <span class='ocr_line' id='line_1_6' title="bbox 507 969 2717 1054; baseline 0 -19"><span class='ocrx_word' id='word_1_36' title='bbox 507 970 763 1035; x_wconf 85' lang='lat' dir='ltr'><strong>Invidit</strong></span> <span class='ocrx_word' id='word_1_37' title='bbox 808 971 993 1054; x_wconf 86' lang='lat' dir='ltr'>operi</span> <span class='ocrx_word' id='word_1_38' title='bbox 1044 971 1265 1034; x_wconf 88' lang='lat' dir='ltr'>AElius</span> <span class='ocrx_word' id='word_1_39' title='bbox 1317 969 1660 1051; x_wconf 77' lang='lat' dir='ltr'>Gracilis,⁵</span> <span class='ocrx_word' id='word_1_40' title='bbox 1687 979 1725 1006; x_wconf 75' lang='lat'>&#39;¹</span> <span class='ocrx_word' id='word_1_41' title='bbox 1775 972 2100 1054; x_wconf 67' lang='lat' dir='ltr'>Belgicae*</span> <span class='ocrx_word' id='word_1_42' title='bbox 2159 971 2477 1054; x_wconf 84' lang='lat' dir='ltr'>Legatus,</span> <span class='ocrx_word' id='word_1_43' title='bbox 2506 971 2717 1036; x_wconf 89' lang='lat' dir='ltr'>deter-</span> 
     </span>
    </p>
   </div>
   <div class='ocr_carea' id='block_1_3' title="bbox 2383 417 2705 484">
    <p class='ocr_par' dir='ltr' id='par_1_3' title="bbox 2383 417 2705 484">
     <span class='ocr_line' id='line_1_7' title="bbox 2383 417 2705 484; baseline 0.003 -13"><span class='ocrx_word' id='word_1_44' title='bbox 2383 417 2476 484; x_wconf 51' lang='lat' dir='ltr'>[s</span> <span class='ocrx_word' id='word_1_45' title='bbox 2497 418 2568 473; x_wconf 79' lang='lat' dir='ltr'>u,</span> <span class='ocrx_word' id='word_1_46' title='bbox 2589 423 2705 473; x_wconf 81' lang='lat'>812.</span> 
     </span>
    </p>
   </div>
   <div class='ocr_carea' id='block_1_4' title="bbox 474 1151 2730 1285">
    <p class='ocr_par' dir='ltr' id='par_1_4' title="bbox 474 1151 2730 1285">
     <span class='ocr_line' id='line_1_8' title="bbox 474 1151 2722 1218; baseline 0.001 -17"><span class='ocrx_word' id='word_1_47' title='bbox 474 1162 480 1168; x_wconf 87' lang='grc'>·</span> <span class='ocrx_word' id='word_1_48' title='bbox 507 1156 556 1201; x_wconf 74' lang='lat' dir='ltr'>et</span> <span class='ocrx_word' id='word_1_49' title='bbox 573 1151 732 1202; x_wconf 77' lang='lat' dir='ltr'>Arare</span> <span class='ocrx_word' id='word_1_50' title='bbox 750 1153 921 1213; x_wconf 75' lang='lat' dir='ltr'>delati,</span> <span class='ocrx_word' id='word_1_51' title='bbox 939 1168 1028 1217; x_wconf 84' lang='lat' dir='ltr'>per</span> <span class='ocrx_word' id='word_1_52' title='bbox 1049 1169 1152 1203; x_wconf 76' lang='lat' dir='ltr'>sam</span> <span class='ocrx_word' id='word_1_53' title='bbox 1173 1156 1397 1218; x_wconf 70' lang='lat' dir='ltr'>candens,</span> <span class='ocrx_word' id='word_1_54' title='bbox 1418 1157 1527 1207; x_wconf 81' lang='lat' dir='ltr'>dein</span> <span class='ocrx_word' id='word_1_55' title='bbox 1549 1172 1684 1207; x_wconf 80' lang='lat' dir='ltr'>amne</span> <span class='ocrx_word' id='word_1_56' title='bbox 1707 1156 1906 1206; x_wconf 75' lang='lat' dir='ltr'>Mosella</span> <span class='ocrx_word' id='word_1_57' title='bbox 1927 1153 2299 1206; x_wconf 70' lang='lat' dir='ltr'>deueherentur</span> <span class='ocrx_word' id='word_1_58' title='bbox 2280 1171 2333 1205; x_wconf 69' lang='lat' dir='ltr'>an</span> <span class='ocrx_word' id='word_1_59' title='bbox 2355 1155 2588 1216; x_wconf 68' lang='grc' dir='ltr'><strong>Βὴεηψπ,</strong></span> <span class='ocrx_word' id='word_1_60' title='bbox 2608 1169 2722 1203; x_wconf 72' lang='lat' dir='ltr'>mox</span> 
     </span>
     <span class='ocr_line' id='line_1_9' title="bbox 508 1188 2730 1285; baseline 0.001 -19"><span class='ocrx_word' id='word_1_61' title='bbox 508 1221 563 1266; x_wconf 84' lang='lat' dir='ltr'>in</span> <span class='ocrx_word' id='word_1_62' title='bbox 584 1218 855 1269; x_wconf 69' lang='grc' dir='ltr'><strong>Οοωηψπε</strong></span> <span class='ocrx_word' id='word_1_63' title='bbox 888 1188 1147 1282; x_wconf 62' lang='lat' dir='ltr'>deusti-sque</span> <span class='ocrx_word' id='word_1_64' title='bbox 1167 1221 1351 1269; x_wconf 73' lang='lat' dir='ltr'>viamus</span> <span class='ocrx_word' id='word_1_65' title='bbox 1372 1222 1618 1283; x_wconf 83' lang='lat' dir='ltr'>molestiis,</span> <span class='ocrx_word' id='word_1_66' title='bbox 1646 1223 1943 1285; x_wconf 67' lang='lat' dir='ltr'>navigabiles</span> <span class='ocrx_word' id='word_1_67' title='bbox 1971 1237 2031 1271; x_wconf 90' lang='lat' dir='ltr'>ac</span> <span class='ocrx_word' id='word_1_68' title='bbox 2066 1221 2257 1285; x_wconf 65' lang='lat' dir='ltr'>perviae</span> <span class='ocrx_word' id='word_1_69' title='bbox 2281 1221 2498 1270; x_wconf 82' lang='lat' dir='ltr'>navibus</span> <span class='ocrx_word' id='word_1_70' title='bbox 2519 1221 2730 1268; x_wconf 53' lang='lat' dir='ltr'>invicem*</span> 
     </span>
    </p>
   </div>
   <div class='ocr_carea' id='block_1_5' title="bbox 508 1280 2724 1381">
    <p class='ocr_par' dir='ltr' id='par_1_5' title="bbox 508 1280 2724 1381">
     <span class='ocr_line' id='line_1_10' title="bbox 508 1280 2724 1381; baseline -0.002 -43"><span class='ocrx_word' id='word_1_71' title='bbox 508 1280 674 1338; x_wconf 59' lang='lat' dir='ltr'>serena</span> <span class='ocrx_word' id='word_1_72' title='bbox 707 1283 923 1347; x_wconf 68' lang='lat' dir='ltr'>regiones</span> <span class='ocrx_word' id='word_1_73' title='bbox 962 1285 1232 1358; x_wconf 68' lang='lat' dir='ltr'>Occidentis</span> <span class='ocrx_word' id='word_1_74' title='bbox 1269 1286 1719 1364; x_wconf 79' lang='lat' dir='ltr'>Septentrionisque.</span> <span class='ocrx_word' id='word_1_75' title='bbox 1784 1288 1945 1337; x_wconf 80' lang='lat' dir='ltr'>AElius</span> <span class='ocrx_word' id='word_1_76' title='bbox 1977 1287 2190 1336; x_wconf 79' lang='lat' dir='ltr'>Gracilis</span> <span class='ocrx_word' id='word_1_77' title='bbox 2220 1286 2435 1349; x_wconf 80' lang='lat' dir='ltr'>Belgicoe</span> <span class='ocrx_word' id='word_1_78' title='bbox 2464 1284 2724 1381; x_wconf 70' lang='lat' dir='ltr'>proeftctus</span> 
     </span>
    </p>
   </div>
   <div class='ocr_carea' id='block_1_6' title="bbox 1429 1433 1788 1453">
    <p class='ocr_par' dir='ltr' id='par_1_6' title="bbox 1429 1433 1788 1453">
     <span class='ocr_line' id='line_1_11' title="bbox 1429 1433 1788 1453; baseline 0.003 -2"><span class='ocrx_word' id='word_1_79' title='bbox 1429 1433 1788 1453; x_wconf 59' lang='lat' dir='ltr'>OOOOOOOOOOOO</span> 
     </span>
    </p>
   </div>
   <div class='ocr_carea' id='block_1_7' title="bbox 505 1509 2721 1720">
    <p class='ocr_par' dir='ltr' id='par_1_7' title="bbox 505 1509 2721 1720">
     <span class='ocr_line' id='line_1_12' title="bbox 507 1509 2721 1594; baseline 0.001 -16"><span class='ocrx_word' id='word_1_80' title='bbox 507 1509 945 1580; x_wconf 33' lang='lat' dir='ltr'>Brotierae——S-Sic</span> <span class='ocrx_word' id='word_1_81' title='bbox 967 1529 1101 1578; x_wconf 90' lang='lat' dir='ltr'>bene</span> <span class='ocrx_word' id='word_1_82' title='bbox 1131 1529 1447 1580; x_wconf 87' lang='lat' dir='ltr'>Puteolanus</span> <span class='ocrx_word' id='word_1_83' title='bbox 1476 1535 1534 1579; x_wconf 90' lang='lat' dir='ltr'>et</span> <span class='ocrx_word' id='word_1_84' title='bbox 1568 1531 1897 1580; x_wconf 78' lang='lat' dir='ltr'>recentiores.</span> <span class='ocrx_word' id='word_1_85' title='bbox 1982 1531 2044 1580; x_wconf 92' lang='lat' dir='ltr'>In</span> <span class='ocrx_word' id='word_1_86' title='bbox 2066 1529 2298 1581; x_wconf 84' lang='lat' dir='ltr'>editione</span> <span class='ocrx_word' id='word_1_87' title='bbox 2312 1529 2569 1594; x_wconf 87' lang='lat' dir='ltr'>principe,</span> <span class='ocrx_word' id='word_1_88' title='bbox 2584 1525 2721 1580; x_wconf 69' lang='lat' dir='ltr'>dein.</span> 
     </span>
     <span class='ocr_line' id='line_1_13' title="bbox 507 1594 2719 1658; baseline -0 -14"><span class='ocrx_word' id='word_1_89' title='bbox 507 1596 763 1645; x_wconf 83' lang='lat' dir='ltr'>Tentabat</span> <span class='ocrx_word' id='word_1_90' title='bbox 787 1595 1036 1657; x_wconf 88' lang='lat' dir='ltr'>Pichena,</span> <span class='ocrx_word' id='word_1_91' title='bbox 1052 1600 1099 1644; x_wconf 84' lang='lat' dir='ltr'>et</span> <span class='ocrx_word' id='word_1_92' title='bbox 1121 1596 1188 1646; x_wconf 91' lang='lat' dir='ltr'>in.</span> <span class='ocrx_word' id='word_1_93' title='bbox 1221 1596 1486 1647; x_wconf 64' lang='lat' dir='ltr'>Idem—4</span> <span class='ocrx_word' id='word_1_94' title='bbox 1511 1594 1872 1658; x_wconf 67' lang='lat' dir='ltr'>:septemtrionis</span> <span class='ocrx_word' id='word_1_95' title='bbox 1891 1597 2158 1646; x_wconf 88' lang='lat' dir='ltr'>Brotierus</span> <span class='ocrx_word' id='word_1_96' title='bbox 2180 1612 2296 1645; x_wconf 87' lang='lat' dir='ltr'>eum</span> <span class='ocrx_word' id='word_1_97' title='bbox 2321 1597 2551 1646; x_wconf 87' lang='lat' dir='ltr'>Homero</span> <span class='ocrx_word' id='word_1_98' title='bbox 2571 1594 2719 1657; x_wconf 85' lang='lat' dir='ltr'>legit.</span> 
     </span>
     <span class='ocr_line' id='line_1_14' title="bbox 505 1658 2719 1720; baseline 0 -11"><span class='ocrx_word' id='word_1_99' title='bbox 505 1667 601 1709; x_wconf 85' lang='lat'>——5</span> <span class='ocrx_word' id='word_1_100' title='bbox 640 1662 767 1709; x_wconf 83' lang='lat' dir='ltr'>Mss.</span> <span class='ocrx_word' id='word_1_101' title='bbox 790 1659 937 1710; x_wconf 87' lang='lat' dir='ltr'>Harl.</span> <span class='ocrx_word' id='word_1_102' title='bbox 962 1658 1113 1709; x_wconf 91' lang='lat' dir='ltr'>Bodl.</span> <span class='ocrx_word' id='word_1_103' title='bbox 1137 1660 1245 1711; x_wconf 82' lang='lat' dir='ltr'>Jes.</span> <span class='ocrx_word' id='word_1_104' title='bbox 1272 1658 1450 1710; x_wconf 84' lang='lat' dir='ltr'>Guelf.</span> <span class='ocrx_word' id='word_1_105' title='bbox 1474 1666 1530 1709; x_wconf 91' lang='lat' dir='ltr'>et</span> <span class='ocrx_word' id='word_1_106' title='bbox 1554 1660 1891 1720; x_wconf 87' lang='lat' dir='ltr'>Puteolanus,</span> <span class='ocrx_word' id='word_1_107' title='bbox 1917 1662 2089 1711; x_wconf 82' lang='lat' dir='ltr'>Helias</span> <span class='ocrx_word' id='word_1_108' title='bbox 2114 1663 2337 1710; x_wconf 86' lang='lat' dir='ltr'>Gracilis.</span> <span class='ocrx_word' id='word_1_109' title='bbox 2421 1660 2524 1709; x_wconf 89' lang='lat' dir='ltr'>Ms.</span> <span class='ocrx_word' id='word_1_110' title='bbox 2560 1659 2719 1709; x_wconf 85' lang='lat' dir='ltr'>Corb.</span> 
     </span>
    </p>
   </div>
   <div class='ocr_carea' id='block_1_8' title="bbox 515 1724 2720 1792">
    <p class='ocr_par' dir='ltr' id='par_1_8' title="bbox 515 1724 2720 1792">
     <span class='ocr_line' id='line_1_15' title="bbox 515 1724 2720 1792; baseline -0 -18"><span class='ocrx_word' id='word_1_111' title='bbox 515 1726 744 1776; x_wconf 81' lang='lat' dir='ltr'>Graccus.</span> <span class='ocrx_word' id='word_1_112' title='bbox 810 1725 1095 1789; x_wconf 85' lang='lat' dir='ltr'>Perperam</span> <span class='ocrx_word' id='word_1_113' title='bbox 1130 1725 1185 1774; x_wconf 91' lang='lat' dir='ltr'>in</span> <span class='ocrx_word' id='word_1_114' title='bbox 1223 1725 1451 1775; x_wconf 87' lang='lat' dir='ltr'>editione</span> <span class='ocrx_word' id='word_1_115' title='bbox 1476 1725 1731 1790; x_wconf 86' lang='lat' dir='ltr'>principe,</span> <span class='ocrx_word' id='word_1_116' title='bbox 1747 1727 1924 1777; x_wconf 82' lang='lat' dir='ltr'>invidit</span> <span class='ocrx_word' id='word_1_117' title='bbox 1944 1728 2074 1792; x_wconf 80' lang='lat' dir='ltr'>operi</span> <span class='ocrx_word' id='word_1_118' title='bbox 2094 1728 2192 1788; x_wconf 66' lang='lat' dir='ltr'>qius</span> <span class='ocrx_word' id='word_1_119' title='bbox 2215 1726 2444 1776; x_wconf 83' lang='lat' dir='ltr'>Gracilis.</span> <span class='ocrx_word' id='word_1_120' title='bbox 2509 1724 2720 1790; x_wconf 78' lang='lat' dir='ltr'>Lipsius</span> 
     </span>
    </p>
   </div>
   <div class='ocr_carea' id='block_1_9' title="bbox 1502 1888 1724 1940">
    <p class='ocr_par' dir='ltr' id='par_1_9' title="bbox 1502 1888 1724 1940">
     <span class='ocr_line' id='line_1_16' title="bbox 1502 1888 1724 1940; baseline 0.005 -2"><span class='ocrx_word' id='word_1_121' title='bbox 1502 1888 1724 1940; x_wconf 83' lang='lat' dir='ltr'>NOTAE</span> 
     </span>
    </p>
   </div>
   <div class='ocr_carea' id='block_1_10' title="bbox 495 1987 2732 2224">
    <p class='ocr_par' dir='ltr' id='par_1_10' title="bbox 495 1987 2732 2224">
     <span class='ocr_line' id='line_1_17' title="bbox 495 1987 2732 2066; baseline -0 -16"><span class='ocrx_word' id='word_1_122' title='bbox 495 1990 700 2066; x_wconf 86' lang='lat' dir='ltr'>joribus</span> <span class='ocrx_word' id='word_1_123' title='bbox 720 2003 1042 2066; x_wconf 83' lang='lat' dir='ltr'>Burgundiae</span> <span class='ocrx_word' id='word_1_124' title='bbox 1059 2005 1299 2054; x_wconf 86' lang='lat' dir='ltr'>Ducatus</span> <span class='ocrx_word' id='word_1_125' title='bbox 1322 2009 1377 2054; x_wconf 91' lang='lat' dir='ltr'>et</span> <span class='ocrx_word' id='word_1_126' title='bbox 1399 2003 1570 2054; x_wconf 88' lang='lat' dir='ltr'>Comi·</span> <span class='ocrx_word' id='word_1_127' title='bbox 1650 2004 1783 2055; x_wconf 85' lang='lat' dir='ltr'>Mer.</span> <span class='ocrx_word' id='word_1_128' title='bbox 1849 2005 2001 2053; x_wconf 89' lang='lat' dir='ltr'>Mare</span> <span class='ocrx_word' id='word_1_129' title='bbox 2024 2002 2474 2053; x_wconf 84' lang='lat' dir='ltr'>Mediterraneum</span> <span class='ocrx_word' id='word_1_130' title='bbox 2496 2015 2619 2065; x_wconf 87' lang='lat' dir='ltr'>pars</span> <span class='ocrx_word' id='word_1_131' title='bbox 2636 1987 2732 2052; x_wconf 60' lang='lat' dir='ltr'>est&#39;</span> 
     </span>
     <span class='ocr_line' id='line_1_18' title="bbox 508 2079 2351 2147; baseline 0 -19"><span class='ocrx_word' id='word_1_132' title='bbox 508 2085 665 2143; x_wconf 85' lang='lat' dir='ltr'>tatus,</span> <span class='ocrx_word' id='word_1_133' title='bbox 709 2079 1065 2142; x_wconf 71' lang='lat' dir='ltr'>Lugdunensis</span> <span class='ocrx_word' id='word_1_134' title='bbox 1104 2088 1160 2131; x_wconf 91' lang='lat' dir='ltr'>et</span> <span class='ocrx_word' id='word_1_135' title='bbox 1199 2081 1570 2145; x_wconf 83' lang='lat' dir='ltr'>Delphinatus,</span> <span class='ocrx_word' id='word_1_136' title='bbox 1647 2083 1796 2147; x_wconf 82' lang='lat' dir='ltr'>hujus</span> <span class='ocrx_word' id='word_1_137' title='bbox 1821 2081 2041 2132; x_wconf 87' lang='lat' dir='ltr'>Oceani.</span> <span class='ocrx_word' id='word_1_138' title='bbox 2112 2081 2351 2129; x_wconf 65' lang='lat' dir='ltr'>Pillemon.</span> 
     </span>
     <span class='ocr_line' id='line_1_19' title="bbox 505 2153 2720 2224; baseline -0 -20"><span class='ocrx_word' id='word_1_139' title='bbox 505 2155 561 2204; x_wconf 86' lang='lat' dir='ltr'>in</span> <span class='ocrx_word' id='word_1_140' title='bbox 602 2170 763 2220; x_wconf 89' lang='lat' dir='ltr'>regno</span> <span class='ocrx_word' id='word_1_141' title='bbox 784 2157 1022 2207; x_wconf 57' lang='lat' dir='ltr'>Francia!</span> <span class='ocrx_word' id='word_1_142' title='bbox 1061 2164 1125 2208; x_wconf 89' lang='lat' dir='ltr'>et·</span> <span class='ocrx_word' id='word_1_143' title='bbox 1163 2158 1446 2224; x_wconf 84' lang='lat' dir='ltr'>acquisitis,</span> <span class='ocrx_word' id='word_1_144' title='bbox 1467 2162 1566 2209; x_wconf 71' lang='grc' dir='ltr'>ὅτε.</span> <span class='ocrx_word' id='word_1_145' title='bbox 1713 2165 1737 2191; x_wconf 81' lang='lat' dir='ltr'>v</span> <span class='ocrx_word' id='word_1_146' title='bbox 1774 2157 2044 2207; x_wconf 69' lang='lat' dir='ltr'>Occidentis</span> <span class='ocrx_word' id='word_1_147' title='bbox 2079 2154 2497 2221; x_wconf 67' lang='lat' dir='ltr'>septentrionisque</span> <span class='ocrx_word' id='word_1_148' title='bbox 2526 2153 2720 2217; x_wconf 74' lang='lat' dir='ltr'>littora]</span> 
     </span>
    </p>
   </div>
   <div class='ocr_carea' id='block_1_11' title="bbox 501 2233 1580 3221">
    <p class='ocr_par' dir='ltr' id='par_1_11' title="bbox 511 2233 834 2286">
     <span class='ocr_line' id='line_1_20' title="bbox 511 2233 834 2286; baseline 0.003 -3"><span class='ocrx_word' id='word_1_149' title='bbox 511 2233 834 2286; x_wconf 72' lang='lat' dir='ltr'>Tillemonius.</span> 
     </span>
    </p>

    <p class='ocr_par' dir='ltr' id='par_1_12' title="bbox 501 2271 1580 3131">
     <span class='ocr_line' id='line_1_21' title="bbox 571 2271 1570 2379; baseline 0.004 -19.247"><span class='ocrx_word' id='word_1_150' title='bbox 571 2311 697 2360; x_wconf 77' lang='lat' dir='ltr'>’Ut</span> <span class='ocrx_word' id='word_1_151' title='bbox 730 2312 876 2376; x_wconf 81' lang='lat' dir='ltr'>copioe</span> <span class='ocrx_word' id='word_1_152' title='bbox 906 2328 998 2378; x_wconf 84' lang='lat' dir='ltr'>per</span> <span class='ocrx_word' id='word_1_153' title='bbox 1032 2271 1185 2377; x_wconf 77' lang='lat' dir='ltr'>mare]</span> <span class='ocrx_word' id='word_1_154' title='bbox 1250 2314 1476 2379; x_wconf 87' lang='lat' dir='ltr'>Nempe,</span> <span class='ocrx_word' id='word_1_155' title='bbox 1507 2320 1570 2364; x_wconf 89' lang='lat' dir='ltr'>ut</span> 
     </span>
     <span class='ocr_line' id='line_1_22' title="bbox 509 2387 1579 2456; baseline 0.005 -20"><span class='ocrx_word' id='word_1_156' title='bbox 509 2387 693 2452; x_wconf 64' lang='lat' dir='ltr'>copim,</span> <span class='ocrx_word' id='word_1_157' title='bbox 746 2404 864 2455; x_wconf 79' lang='lat' dir='ltr'>quae</span> <span class='ocrx_word' id='word_1_158' title='bbox 903 2390 1262 2441; x_wconf 78' lang='lat' dir='ltr'>adventabant</span> <span class='ocrx_word' id='word_1_159' title='bbox 1298 2406 1364 2441; x_wconf 89' lang='lat' dir='ltr'>ex</span> <span class='ocrx_word' id='word_1_160' title='bbox 1401 2391 1579 2456; x_wconf 88' lang='lat' dir='ltr'>Italia,</span> 
     </span>
     <span class='ocr_line' id='line_1_23' title="bbox 507 2462 1579 2535; baseline 0.007 -22"><span class='ocrx_word' id='word_1_161' title='bbox 507 2462 645 2515; x_wconf 84' lang='lat' dir='ltr'>forte</span> <span class='ocrx_word' id='word_1_162' title='bbox 687 2470 743 2517; x_wconf 87' lang='lat' dir='ltr'>et</span> <span class='ocrx_word' id='word_1_163' title='bbox 783 2482 847 2517; x_wconf 85' lang='lat' dir='ltr'>ex</span> <span class='ocrx_word' id='word_1_164' title='bbox 888 2468 1164 2532; x_wconf 86' lang='lat' dir='ltr'>provinciis</span> <span class='ocrx_word' id='word_1_165' title='bbox 1202 2469 1579 2535; x_wconf 81' lang='lat' dir='ltr'>transmarinis,</span> 
     </span>
     <span class='ocr_line' id='line_1_24' title="bbox 509 2543 1575 2611; baseline 0.006 -20"><span class='ocrx_word' id='word_1_166' title='bbox 509 2558 575 2592; x_wconf 83' lang='lat' dir='ltr'>ex</span> <span class='ocrx_word' id='word_1_167' title='bbox 599 2543 839 2609; x_wconf 86' lang='lat' dir='ltr'>Oriente,</span> <span class='ocrx_word' id='word_1_168' title='bbox 878 2553 934 2595; x_wconf 91' lang='lat' dir='ltr'>et</span> <span class='ocrx_word' id='word_1_169' title='bbox 968 2560 1032 2594; x_wconf 83' lang='lat' dir='ltr'>ex</span> <span class='ocrx_word' id='word_1_170' title='bbox 1068 2546 1182 2610; x_wconf 89' lang='lat' dir='ltr'>ipsa</span> <span class='ocrx_word' id='word_1_171' title='bbox 1205 2543 1388 2596; x_wconf 86' lang='lat' dir='ltr'>Africa</span> <span class='ocrx_word' id='word_1_172' title='bbox 1416 2552 1575 2611; x_wconf 89' lang='lat' dir='ltr'>atque</span> 
     </span>
     <span class='ocr_line' id='line_1_25' title="bbox 512 2619 1578 2686; baseline 0 -16"><span class='ocrx_word' id='word_1_173' title='bbox 512 2619 784 2684; x_wconf 82' lang='lat' dir='ltr'>Hispania,</span> <span class='ocrx_word' id='word_1_174' title='bbox 806 2636 901 2686; x_wconf 87' lang='lat' dir='ltr'>per</span> <span class='ocrx_word' id='word_1_175' title='bbox 934 2636 1076 2670; x_wconf 90' lang='lat' dir='ltr'>mare</span> <span class='ocrx_word' id='word_1_176' title='bbox 1100 2622 1337 2685; x_wconf 89' lang='lat' dir='ltr'>interius,</span> <span class='ocrx_word' id='word_1_177' title='bbox 1364 2627 1420 2671; x_wconf 92' lang='lat' dir='ltr'>et</span> <span class='ocrx_word' id='word_1_178' title='bbox 1454 2622 1578 2670; x_wconf 88' lang='lat' dir='ltr'>exin</span> 
     </span>
     <span class='ocr_line' id='line_1_26' title="bbox 505 2695 1580 2764; baseline 0.001 -17"><span class='ocrx_word' id='word_1_179' title='bbox 505 2695 761 2747; x_wconf 84' lang='lat' dir='ltr'>Rhodano</span> <span class='ocrx_word' id='word_1_180' title='bbox 798 2704 853 2747; x_wconf 87' lang='lat' dir='ltr'>et</span> <span class='ocrx_word' id='word_1_181' title='bbox 890 2697 1043 2747; x_wconf 85' lang='lat' dir='ltr'>Arari</span> <span class='ocrx_word' id='word_1_182' title='bbox 1081 2697 1364 2759; x_wconf 85' lang='lat' dir='ltr'>subvectae,</span> <span class='ocrx_word' id='word_1_183' title='bbox 1402 2704 1457 2748; x_wconf 89' lang='lat' dir='ltr'>et</span> <span class='ocrx_word' id='word_1_184' title='bbox 1487 2714 1580 2764; x_wconf 84' lang='lat' dir='ltr'>per</span> 
     </span>
     <span class='ocr_line' id='line_1_27' title="bbox 501 2773 1572 2838; baseline 0.001 -15"><span class='ocrx_word' id='word_1_185' title='bbox 501 2788 610 2823; x_wconf 79' lang='lat' dir='ltr'>eam</span> <span class='ocrx_word' id='word_1_186' title='bbox 635 2773 836 2837; x_wconf 82' lang='lat' dir='ltr'>fossam,</span> <span class='ocrx_word' id='word_1_187' title='bbox 857 2790 968 2824; x_wconf 82' lang='lat' dir='ltr'>mox</span> <span class='ocrx_word' id='word_1_188' title='bbox 989 2774 1147 2838; x_wconf 80' lang='lat' dir='ltr'>flavio</span> <span class='ocrx_word' id='word_1_189' title='bbox 1170 2776 1371 2825; x_wconf 80' lang='lat' dir='ltr'>Mosella</span> <span class='ocrx_word' id='word_1_190' title='bbox 1382 2792 1402 2834; x_wconf 89' lang='lat'><em>;</em></span> <span class='ocrx_word' id='word_1_191' title='bbox 1452 2776 1572 2825; x_wconf 87' lang='lat' dir='ltr'>exin</span> 
     </span>
     <span class='ocr_line' id='line_1_28' title="bbox 504 2850 1573 2917; baseline 0.001 -18"><span class='ocrx_word' id='word_1_192' title='bbox 504 2850 557 2899; x_wconf 89' lang='lat' dir='ltr'>in</span> <span class='ocrx_word' id='word_1_193' title='bbox 581 2851 913 2900; x_wconf 85' lang='lat' dir='ltr'>Germaniam</span> <span class='ocrx_word' id='word_1_194' title='bbox 936 2857 1208 2917; x_wconf 87' lang='lat' dir='ltr'>utramque</span> <span class='ocrx_word' id='word_1_195' title='bbox 1232 2858 1288 2901; x_wconf 91' lang='lat' dir='ltr'>et</span> <span class='ocrx_word' id='word_1_196' title='bbox 1305 2851 1573 2915; x_wconf 80' lang='lat' dir='ltr'>Belgicam</span> 
     </span>
     <span class='ocr_line' id='line_1_29' title="bbox 505 2927 1574 2991; baseline 0.004 -18"><span class='ocrx_word' id='word_1_197' title='bbox 505 2931 562 2975; x_wconf 84' lang='lat' dir='ltr'>et</span> <span class='ocrx_word' id='word_1_198' title='bbox 605 2927 842 2977; x_wconf 79' lang='lat' dir='ltr'>Oceanum</span> <span class='ocrx_word' id='word_1_199' title='bbox 853 2943 872 2985; x_wconf 77' lang='lat'>,-</span> <span class='ocrx_word' id='word_1_200' title='bbox 920 2927 1043 2976; x_wconf 87' lang='lat' dir='ltr'>dein</span> <span class='ocrx_word' id='word_1_201' title='bbox 1082 2935 1138 2977; x_wconf 90' lang='lat' dir='ltr'>et</span> <span class='ocrx_word' id='word_1_202' title='bbox 1172 2928 1223 2976; x_wconf 89' lang='lat' dir='ltr'>in</span> <span class='ocrx_word' id='word_1_203' title='bbox 1257 2928 1419 2991; x_wconf 83' lang='lat' dir='ltr'>ipsam</span> <span class='ocrx_word' id='word_1_204' title='bbox 1457 2928 1574 2977; x_wconf 89' lang='lat' dir='ltr'>Bri-</span> 
     </span>
     <span class='ocr_line' id='line_1_30' title="bbox 503 3003 1573 3069; baseline 0.005 -19"><span class='ocrx_word' id='word_1_205' title='bbox 503 3003 753 3066; x_wconf 87' lang='lat' dir='ltr'>tanniam,</span> <span class='ocrx_word' id='word_1_206' title='bbox 787 3004 986 3069; x_wconf 86' lang='lat' dir='ltr'>aliaque</span> <span class='ocrx_word' id='word_1_207' title='bbox 1024 3003 1371 3069; x_wconf 64' lang='lat' dir='ltr'>septentrionis</span> <span class='ocrx_word' id='word_1_208' title='bbox 1405 3005 1573 3056; x_wconf 75' lang='lat' dir='ltr'>littora</span> 
     </span>
     <span class='ocr_line' id='line_1_31' title="bbox 505 3078 861 3131; baseline 0.011 -4"><span class='ocrx_word' id='word_1_209' title='bbox 505 3078 861 3131; x_wconf 85' lang='lat' dir='ltr'>decurrerent.</span> 
     </span>
    </p>

    <p class='ocr_par' dir='ltr' id='par_1_13' title="bbox 573 3156 1572 3221">
     <span class='ocr_line' id='line_1_32' title="bbox 573 3156 1572 3221; baseline 0.003 -15"><span class='ocrx_word' id='word_1_210' title='bbox 573 3156 590 3188; x_wconf 71' lang='lat'>‘</span> <span class='ocrx_word' id='word_1_211' title='bbox 622 3156 876 3221; x_wconf 75' lang='grc' dir='ltr'>ΒΙιοάαηο]</span> <span class='ocrx_word' id='word_1_212' title='bbox 925 3158 1203 3210; x_wconf 83' lang='lat' dir='ltr'>Rhodanus</span> <span class='ocrx_word' id='word_1_213' title='bbox 1227 3157 1412 3211; x_wconf 82' lang='lat' dir='ltr'>fluvius</span> <span class='ocrx_word' id='word_1_214' title='bbox 1435 3161 1572 3211; x_wconf 88' lang='lat' dir='ltr'>Nar-</span> 
     </span>
    </p>
   </div>
   <div class='ocr_carea' id='block_1_12' title="bbox 406 3232 1574 3302">
    <p class='ocr_par' dir='ltr' id='par_1_14' title="bbox 406 3232 1574 3302">
     <span class='ocr_line' id='line_1_33' title="bbox 406 3232 1574 3302; baseline 0.002 -17"><span class='ocrx_word' id='word_1_215' title='bbox 406 3235 413 3242; x_wconf 85' lang='lat'><em>&#39;</em></span> <span class='ocrx_word' id='word_1_216' title='bbox 504 3232 748 3285; x_wconf 86' lang='lat' dir='ltr'>bonensis</span> <span class='ocrx_word' id='word_1_217' title='bbox 770 3250 860 3287; x_wconf 86' lang='lat' dir='ltr'>seu</span> <span class='ocrx_word' id='word_1_218' title='bbox 884 3236 1187 3287; x_wconf 78' lang='lat' dir='ltr'>Viennensis</span> <span class='ocrx_word' id='word_1_219' title='bbox 1211 3236 1574 3302; x_wconf 82' lang='lat' dir='ltr'>regionisGal-</span> 
     </span>
    </p>
   </div>
   <div class='ocr_carea' id='block_1_13' title="bbox 440 3312 1577 4390">
    <p class='ocr_par' dir='ltr' id='par_1_15' title="bbox 501 3312 1570 3456">
     <span class='ocr_line' id='line_1_34' title="bbox 501 3312 1570 3382; baseline 0.005 -20"><span class='ocrx_word' id='word_1_220' title='bbox 501 3312 645 3377; x_wconf 61' lang='lat' dir='ltr'>liae,</span> <span class='ocrx_word' id='word_1_221' title='bbox 630 3330 682 3363; x_wconf 74' lang='lat' dir='ltr'>in</span> <span class='ocrx_word' id='word_1_222' title='bbox 703 3329 847 3364; x_wconf 88' lang='lat' dir='ltr'>mare</span> <span class='ocrx_word' id='word_1_223' title='bbox 870 3314 1147 3380; x_wconf 87' lang='lat' dir='ltr'>Gallicum,</span> <span class='ocrx_word' id='word_1_224' title='bbox 1186 3329 1388 3382; x_wconf 86' lang='lat' dir='ltr'>partem</span> <span class='ocrx_word' id='word_1_225' title='bbox 1412 3316 1570 3367; x_wconf 85' lang='lat' dir='ltr'>maris</span> 
     </span>
     <span class='ocr_line' id='line_1_35' title="bbox 503 3391 1263 3456; baseline 0.003 -15"><span class='ocrx_word' id='word_1_226' title='bbox 503 3391 904 3456; x_wconf 83' lang='lat' dir='ltr'>Mediterranei,</span> <span class='ocrx_word' id='word_1_227' title='bbox 926 3408 981 3442; x_wconf 88' lang='lat' dir='ltr'>se</span> <span class='ocrx_word' id='word_1_228' title='bbox 998 3400 1263 3443; x_wconf 87' lang='lat' dir='ltr'>exonerat.</span> 
     </span>
    </p>

    <p class='ocr_par' dir='ltr' id='par_1_16' title="bbox 440 3421 1573 3986">
     <span class='ocr_line' id='line_1_36' title="bbox 571 3421 1572 3522; baseline 0.003 -5"><span class='ocrx_word' id='word_1_229' title='bbox 571 3469 747 3518; x_wconf 87' lang='lat' dir='ltr'>Hodie</span> <span class='ocrx_word' id='word_1_230' title='bbox 767 3471 811 3519; x_wconf 86' lang='lat' dir='ltr'>le</span> <span class='ocrx_word' id='word_1_231' title='bbox 834 3470 1034 3520; x_wconf 72' lang='lat' dir='ltr'>Rhene</span> <span class='ocrx_word' id='word_1_232' title='bbox 1021 3486 1072 3520; x_wconf 79' lang='lat' dir='ltr'>in</span> <span class='ocrx_word' id='word_1_233' title='bbox 1097 3470 1347 3521; x_wconf 83' lang='lat' dir='ltr'>Helvetia</span> <span class='ocrx_word' id='word_1_234' title='bbox 1366 3421 1572 3522; x_wconf 85' lang='lat' dir='ltr'>hodier-</span> 
     </span>
     <span class='ocr_line' id='line_1_37' title="bbox 503 3547 1574 3614; baseline 0.004 -20"><span class='ocrx_word' id='word_1_235' title='bbox 503 3559 591 3609; x_wconf 89' lang='lat' dir='ltr'>na,</span> <span class='ocrx_word' id='word_1_236' title='bbox 620 3553 676 3595; x_wconf 89' lang='lat' dir='ltr'>et</span> <span class='ocrx_word' id='word_1_237' title='bbox 709 3547 864 3596; x_wconf 86' lang='lat' dir='ltr'>Statu</span> <span class='ocrx_word' id='word_1_238' title='bbox 891 3547 1180 3611; x_wconf 82' lang='lat' dir='ltr'>Sabandiae,</span> <span class='ocrx_word' id='word_1_239' title='bbox 1200 3554 1258 3597; x_wconf 90' lang='lat' dir='ltr'>et</span> <span class='ocrx_word' id='word_1_240' title='bbox 1290 3549 1344 3598; x_wconf 91' lang='lat' dir='ltr'>in</span> <span class='ocrx_word' id='word_1_241' title='bbox 1366 3549 1574 3614; x_wconf 85' lang='lat' dir='ltr'>majori·</span> 
     </span>
     <span class='ocr_line' id='line_1_38' title="bbox 440 3621 1573 3691; baseline 0.004 -20"><span class='ocrx_word' id='word_1_242' title='bbox 440 3621 444 3626; x_wconf 85' lang='grc'><strong><em>’</em></strong></span> <span class='ocrx_word' id='word_1_243' title='bbox 503 3621 600 3672; x_wconf 91' lang='lat' dir='ltr'>bus</span> <span class='ocrx_word' id='word_1_244' title='bbox 626 3622 953 3686; x_wconf 83' lang='lat' dir='ltr'>praefecturis</span> <span class='ocrx_word' id='word_1_245' title='bbox 980 3625 1296 3688; x_wconf 85' lang='lat' dir='ltr'>Burgundiae</span> <span class='ocrx_word' id='word_1_246' title='bbox 1317 3626 1573 3691; x_wconf 81' lang='lat' dir='ltr'>Ducatus,</span> 
     </span>
     <span class='ocr_line' id='line_1_39' title="bbox 499 3700 1570 3769; baseline 0.004 -19"><span class='ocrx_word' id='word_1_247' title='bbox 499 3700 881 3766; x_wconf 84' lang='lat' dir='ltr'>Lugdunensis,</span> <span class='ocrx_word' id='word_1_248' title='bbox 932 3704 1305 3769; x_wconf 89' lang='lat' dir='ltr'>Delphinatus,</span> <span class='ocrx_word' id='word_1_249' title='bbox 1360 3704 1570 3755; x_wconf 87' lang='lat' dir='ltr'>Occita-</span> 
     </span>
     <span class='ocr_line' id='line_1_40' title="bbox 497 3779 1568 3844; baseline 0.003 -16"><span class='ocrx_word' id='word_1_250' title='bbox 497 3779 601 3829; x_wconf 83' lang='lat' dir='ltr'>niae</span> <span class='ocrx_word' id='word_1_251' title='bbox 638 3787 728 3829; x_wconf 84' lang='lat' dir='ltr'>seu</span> <span class='ocrx_word' id='word_1_252' title='bbox 767 3781 1150 3844; x_wconf 86' lang='lat' dir='ltr'>Languedocii:</span> <span class='ocrx_word' id='word_1_253' title='bbox 1199 3788 1254 3831; x_wconf 87' lang='lat' dir='ltr'>et</span> <span class='ocrx_word' id='word_1_254' title='bbox 1275 3782 1568 3832; x_wconf 62' lang='lat' dir='ltr'>Provinciae</span> 
     </span>
     <span class='ocr_line' id='line_1_41' title="bbox 501 3856 1571 3924; baseline 0.001 -17"><span class='ocrx_word' id='word_1_255' title='bbox 501 3856 555 3907; x_wconf 83' lang='lat' dir='ltr'>in</span> <span class='ocrx_word' id='word_1_256' title='bbox 578 3872 738 3923; x_wconf 85' lang='lat' dir='ltr'>regno</span> <span class='ocrx_word' id='word_1_257' title='bbox 760 3858 1016 3923; x_wconf 85' lang='lat' dir='ltr'>Franciae,</span> <span class='ocrx_word' id='word_1_258' title='bbox 1052 3866 1105 3908; x_wconf 86' lang='lat' dir='ltr'>et</span> <span class='ocrx_word' id='word_1_259' title='bbox 1127 3860 1179 3909; x_wconf 92' lang='lat' dir='ltr'>in</span> <span class='ocrx_word' id='word_1_260' title='bbox 1203 3859 1384 3909; x_wconf 83' lang='lat' dir='ltr'>vicinis</span> <span class='ocrx_word' id='word_1_261' title='bbox 1406 3859 1571 3924; x_wconf 90' lang='lat' dir='ltr'>regio-</span> 
     </span>
     <span class='ocr_line' id='line_1_42' title="bbox 499 3934 986 3986; baseline 0.002 -1"><span class='ocrx_word' id='word_1_262' title='bbox 499 3934 670 3986; x_wconf 90' lang='lat' dir='ltr'>nibus.</span> <span class='ocrx_word' id='word_1_263' title='bbox 742 3936 986 3986; x_wconf 62' lang='lat' dir='ltr'>muman.</span> 
     </span>
    </p>

    <p class='ocr_par' dir='ltr' id='par_1_17' title="bbox 500 4012 1571 4234">
     <span class='ocr_line' id='line_1_43' title="bbox 564 4012 1571 4077; baseline 0.002 -15"><span class='ocrx_word' id='word_1_264' title='bbox 564 4019 590 4045; x_wconf 83' lang='lat'>¹¹</span> <span class='ocrx_word' id='word_1_265' title='bbox 625 4013 887 4077; x_wconf 80' lang='lat' dir='ltr'>Oceanum]</span> <span class='ocrx_word' id='word_1_266' title='bbox 951 4013 1193 4064; x_wconf 75' lang='lat' dir='ltr'>Oceanus</span> <span class='ocrx_word' id='word_1_267' title='bbox 1214 4012 1571 4065; x_wconf 83' lang='lat' dir='ltr'>Occidentalis</span> 
     </span>
     <span class='ocr_line' id='line_1_44' title="bbox 504 4090 1569 4156; baseline 0.001 -16"><span class='ocrx_word' id='word_1_268' title='bbox 504 4091 586 4140; x_wconf 76' lang='lat' dir='ltr'>vel</span> <span class='ocrx_word' id='word_1_269' title='bbox 630 4090 941 4156; x_wconf 84' lang='lat' dir='ltr'>Atlanticus,</span> <span class='ocrx_word' id='word_1_270' title='bbox 994 4093 1144 4142; x_wconf 90' lang='lat' dir='ltr'>alluit</span> <span class='ocrx_word' id='word_1_271' title='bbox 1184 4098 1389 4156; x_wconf 89' lang='lat' dir='ltr'>partem</span> <span class='ocrx_word' id='word_1_272' title='bbox 1434 4092 1569 4143; x_wconf 89' lang='lat' dir='ltr'>occi-</span> 
     </span>
     <span class='ocr_line' id='line_1_45' title="bbox 500 4168 1330 4234; baseline 0.004 -17"><span class='ocrx_word' id='word_1_273' title='bbox 500 4168 762 4219; x_wconf 89' lang='lat' dir='ltr'>dentalem</span> <span class='ocrx_word' id='word_1_274' title='bbox 786 4170 1014 4234; x_wconf 85' lang='lat' dir='ltr'>Europae</span> <span class='ocrx_word' id='word_1_275' title='bbox 1038 4176 1093 4219; x_wconf 88' lang='lat' dir='ltr'>et</span> <span class='ocrx_word' id='word_1_276' title='bbox 1115 4168 1330 4221; x_wconf 81' lang='lat' dir='ltr'>Africae.</span> 
     </span>
    </p>

    <p class='ocr_par' dir='ltr' id='par_1_18' title="bbox 502 4244 1577 4390">
     <span class='ocr_line' id='line_1_46' title="bbox 506 4244 1570 4313; baseline 0.001 -19"><span class='ocrx_word' id='word_1_277' title='bbox 506 4245 507 4248; x_wconf 76' lang='grc'>’</span> <span class='ocrx_word' id='word_1_278' title='bbox 568 4244 741 4295; x_wconf 80' lang='lat' dir='ltr'>Hodie</span> <span class='ocrx_word' id='word_1_279' title='bbox 786 4261 971 4296; x_wconf 89' lang='lat' dir='ltr'>nomen</span> <span class='ocrx_word' id='word_1_280' title='bbox 1016 4247 1283 4313; x_wconf 89' lang='lat' dir='ltr'>antiquum</span> <span class='ocrx_word' id='word_1_281' title='bbox 1341 4246 1570 4296; x_wconf 85' lang='lat' dir='ltr'>retinet:</span> 
     </span>
     <span class='ocr_line' id='line_1_47' title="bbox 502 4317 1577 4390; baseline 0.003 -18"><span class='ocrx_word' id='word_1_282' title='bbox 502 4328 721 4376; x_wconf 75' lang='lat' dir='ltr'>vocatur</span> <span class='ocrx_word' id='word_1_283' title='bbox 757 4317 918 4375; x_wconf 83' lang='lat' dir='ltr'>etiam</span> <span class='ocrx_word' id='word_1_284' title='bbox 951 4339 984 4374; x_wconf 91' lang='lat' dir='ltr'>a</span> <span class='ocrx_word' id='word_1_285' title='bbox 1025 4325 1256 4390; x_wconf 85' lang='lat' dir='ltr'>Francis,</span> <span class='ocrx_word' id='word_1_286' title='bbox 1287 4326 1335 4375; x_wconf 76' lang='lat' dir='ltr'>la</span> <span class='ocrx_word' id='word_1_287' title='bbox 1376 4324 1577 4375; x_wconf 78' lang='lat' dir='ltr'>Grande</span> 
     </span>
    </p>
   </div>
   <div class='ocr_carea' id='block_1_14' title="bbox 1648 2230 2734 4391">
    <p class='ocr_par' dir='ltr' id='par_1_19' title="bbox 1649 2230 2734 2928">
     <span class='ocr_line' id='line_1_48' title="bbox 1652 2230 2719 2295; baseline -0.004 -10"><span class='ocrx_word' id='word_1_288' title='bbox 1652 2235 1786 2285; x_wconf 84' lang='lat' dir='ltr'>Haec</span> <span class='ocrx_word' id='word_1_289' title='bbox 1825 2250 1940 2285; x_wconf 90' lang='lat' dir='ltr'>cum</span> <span class='ocrx_word' id='word_1_290' title='bbox 1982 2234 2294 2295; x_wconf 74' lang='lat' dir='ltr'>scriberem,</span> <span class='ocrx_word' id='word_1_291' title='bbox 2318 2231 2580 2281; x_wconf 72' lang='lat' dir='ltr'>Heni-icus</span> <span class='ocrx_word' id='word_1_292' title='bbox 2618 2230 2719 2281; x_wconf 87' lang='lat' dir='ltr'>IV.</span> 
     </span>
     <span class='ocr_line' id='line_1_49' title="bbox 1649 2302 2723 2371; baseline -0.007 -8"><span class='ocrx_word' id='word_1_293' title='bbox 1649 2311 1966 2363; x_wconf 83' lang='lat' dir='ltr'>Francorum</span> <span class='ocrx_word' id='word_1_294' title='bbox 2044 2302 2159 2360; x_wconf 81' lang='lat' dir='ltr'>Rex</span> <span class='ocrx_word' id='word_1_295' title='bbox 2238 2307 2723 2371; x_wconf 83' lang='lat' dir='ltr'>christianissimus,</span> 
     </span>
     <span class='ocr_line' id='line_1_50' title="bbox 1650 2385 2722 2449; baseline -0.004 -12"><span class='ocrx_word' id='word_1_296' title='bbox 1650 2389 1788 2439; x_wconf 89' lang='lat' dir='ltr'>idem</span> <span class='ocrx_word' id='word_1_297' title='bbox 1824 2388 1876 2438; x_wconf 89' lang='lat' dir='ltr'>in</span> <span class='ocrx_word' id='word_1_298' title='bbox 1911 2386 2088 2438; x_wconf 82' lang='lat' dir='ltr'>Gallia</span> <span class='ocrx_word' id='word_1_299' title='bbox 2118 2385 2461 2440; x_wconf 82' lang='lat' dir='ltr'>moliebatur:</span> <span class='ocrx_word' id='word_1_300' title='bbox 2501 2385 2722 2449; x_wconf 87' lang='lat' dir='ltr'>jamque</span> 
     </span>
     <span class='ocr_line' id='line_1_51' title="bbox 1650 2460 2723 2531; baseline -0.004 -16"><span class='ocrx_word' id='word_1_301' title='bbox 1650 2473 1774 2531; x_wconf 89' lang='lat' dir='ltr'>post</span> <span class='ocrx_word' id='word_1_302' title='bbox 1796 2464 2027 2529; x_wconf 88' lang='lat' dir='ltr'>ingentia</span> <span class='ocrx_word' id='word_1_303' title='bbox 2048 2478 2221 2527; x_wconf 84' lang='lat' dir='ltr'>opera,</span> <span class='ocrx_word' id='word_1_304' title='bbox 2255 2461 2564 2512; x_wconf 85' lang='lat' dir='ltr'>decreverat</span> <span class='ocrx_word' id='word_1_305' title='bbox 2587 2460 2723 2511; x_wconf 89' lang='lat' dir='ltr'>Ara·</span> 
     </span>
     <span class='ocr_line' id='line_1_52' title="bbox 1654 2537 2724 2605; baseline -0.004 -12"><span class='ocrx_word' id='word_1_306' title='bbox 1654 2544 1749 2593; x_wconf 90' lang='lat' dir='ltr'>rim</span> <span class='ocrx_word' id='word_1_307' title='bbox 1773 2543 1957 2605; x_wconf 83' lang='lat' dir='ltr'>Mosae,</span> <span class='ocrx_word' id='word_1_308' title='bbox 1975 2540 2199 2605; x_wconf 82' lang='lat' dir='ltr'>Ligerim</span> <span class='ocrx_word' id='word_1_309' title='bbox 2223 2540 2476 2603; x_wconf 84' lang='lat' dir='ltr'>Sequanae</span> <span class='ocrx_word' id='word_1_310' title='bbox 2514 2544 2569 2588; x_wconf 89' lang='lat' dir='ltr'>et</span> <span class='ocrx_word' id='word_1_311' title='bbox 2605 2537 2724 2589; x_wconf 81' lang='lat' dir='ltr'>Ma-</span> 
     </span>
     <span class='ocr_line' id='line_1_53' title="bbox 1652 2614 2724 2682; baseline -0.005 -13"><span class='ocrx_word' id='word_1_312' title='bbox 1652 2629 1816 2670; x_wconf 83' lang='lat' dir='ltr'>tronae</span> <span class='ocrx_word' id='word_1_313' title='bbox 1841 2619 2189 2682; x_wconf 84' lang='lat' dir='ltr'>conjungere:</span> <span class='ocrx_word' id='word_1_314' title='bbox 2241 2620 2303 2664; x_wconf 91' lang='lat' dir='ltr'>ut</span> <span class='ocrx_word' id='word_1_315' title='bbox 2334 2629 2365 2663; x_wconf 97' lang='lat' dir='ltr'>a</span> <span class='ocrx_word' id='word_1_316' title='bbox 2387 2614 2724 2680; x_wconf 82' lang='lat' dir='ltr'>Massiliensi,</span> 
     </span>
     <span class='ocr_line' id='line_1_54' title="bbox 1654 2691 2721 2762; baseline -0.005 -15"><span class='ocrx_word' id='word_1_317' title='bbox 1654 2703 1712 2747; x_wconf 92' lang='lat' dir='ltr'>et</span> <span class='ocrx_word' id='word_1_318' title='bbox 1744 2697 2009 2762; x_wconf 82' lang='lat' dir='ltr'>Tyrrheno</span> <span class='ocrx_word' id='word_1_319' title='bbox 2032 2694 2160 2743; x_wconf 89' lang='lat' dir='ltr'>mari</span> <span class='ocrx_word' id='word_1_320' title='bbox 2191 2692 2257 2741; x_wconf 90' lang='lat' dir='ltr'>ad</span> <span class='ocrx_word' id='word_1_321' title='bbox 2289 2691 2721 2756; x_wconf 81' lang='lat' dir='ltr'>Burdigalensem</span> 
     </span>
     <span class='ocr_line' id='line_1_55' title="bbox 1656 2769 2734 2834; baseline -0.006 -9"><span class='ocrx_word' id='word_1_322' title='bbox 1656 2775 1926 2825; x_wconf 88' lang='lat' dir='ltr'>Oceanum</span> <span class='ocrx_word' id='word_1_323' title='bbox 1966 2774 2148 2834; x_wconf 86' lang='lat' dir='ltr'>iretur,</span> <span class='ocrx_word' id='word_1_324' title='bbox 2183 2776 2239 2820; x_wconf 91' lang='lat' dir='ltr'>et</span> <span class='ocrx_word' id='word_1_325' title='bbox 2283 2784 2314 2818; x_wconf 97' lang='lat' dir='ltr'>a</span> <span class='ocrx_word' id='word_1_326' title='bbox 2353 2769 2607 2819; x_wconf 86' lang='lat' dir='ltr'>Rhodano</span> <span class='ocrx_word' id='word_1_327' title='bbox 2653 2769 2734 2819; x_wconf 85' lang='lat' dir='ltr'>ad</span> 
     </span>
     <span class='ocr_line' id='line_1_56' title="bbox 1653 2846 2727 2928; baseline -0.007 -26"><span class='ocrx_word' id='word_1_328' title='bbox 1653 2867 1818 2918; x_wconf 87' lang='lat' dir='ltr'>usque</span> <span class='ocrx_word' id='word_1_329' title='bbox 1842 2851 2036 2901; x_wconf 88' lang='lat' dir='ltr'>Iccium</span> <span class='ocrx_word' id='word_1_330' title='bbox 2059 2854 2285 2914; x_wconf 90' lang='lat' dir='ltr'>portum,</span> <span class='ocrx_word' id='word_1_331' title='bbox 2308 2852 2365 2896; x_wconf 88' lang='lat' dir='ltr'>et</span> <span class='ocrx_word' id='word_1_332' title='bbox 2396 2846 2727 2928; x_wconf 65' lang='lat' dir='ltr'>Septentrio-</span> 
     </span>
    </p>

    <p class='ocr_par' dir='ltr' id='par_1_20' title="bbox 1652 2927 2150 2979">
     <span class='ocr_line' id='line_1_57' title="bbox 1652 2927 2150 2979; baseline -0.006 0"><span class='ocrx_word' id='word_1_333' title='bbox 1652 2929 1731 2979; x_wconf 88' lang='lat' dir='ltr'>nis</span> <span class='ocrx_word' id='word_1_334' title='bbox 1755 2928 1936 2979; x_wconf 86' lang='lat' dir='ltr'>ultima</span> <span class='ocrx_word' id='word_1_335' title='bbox 1955 2927 2150 2977; x_wconf 87' lang='lat' dir='ltr'>littora.</span> 
     </span>
    </p>

    <p class='ocr_par' dir='ltr' id='par_1_21' title="bbox 1651 3001 2726 3524">
     <span class='ocr_line' id='line_1_58' title="bbox 1717 3001 2721 3070; baseline -0.007 -12"><span class='ocrx_word' id='word_1_336' title='bbox 1717 3006 1871 3059; x_wconf 83' lang='lat' dir='ltr'>Quod</span> <span class='ocrx_word' id='word_1_337' title='bbox 1911 3005 2129 3070; x_wconf 88' lang='lat' dir='ltr'>imperio</span> <span class='ocrx_word' id='word_1_338' title='bbox 2165 3001 2385 3064; x_wconf 84' lang='lat' dir='ltr'>validus,</span> <span class='ocrx_word' id='word_1_339' title='bbox 2421 3015 2598 3052; x_wconf 87' lang='lat' dir='ltr'>omnes</span> <span class='ocrx_word' id='word_1_340' title='bbox 2640 3003 2721 3051; x_wconf 91' lang='lat' dir='ltr'>sui</span> 
     </span>
     <span class='ocr_line' id='line_1_59' title="bbox 1651 3078 2726 3148; baseline -0.005 -16"><span class='ocrx_word' id='word_1_341' title='bbox 1651 3082 1857 3148; x_wconf 87' lang='lat' dir='ltr'>imperii</span> <span class='ocrx_word' id='word_1_342' title='bbox 1885 3090 2065 3147; x_wconf 77' lang='lat' dir='ltr'>partes</span> <span class='ocrx_word' id='word_1_343' title='bbox 2087 3080 2314 3130; x_wconf 89' lang='lat' dir='ltr'>adunare</span> <span class='ocrx_word' id='word_1_344' title='bbox 2348 3080 2532 3141; x_wconf 74' lang='lat' dir='ltr'>vellet,</span> <span class='ocrx_word' id='word_1_345' title='bbox 2552 3085 2609 3129; x_wconf 92' lang='lat' dir='ltr'>et</span> <span class='ocrx_word' id='word_1_346' title='bbox 2646 3078 2726 3128; x_wconf 86' lang='lat' dir='ltr'>ita</span> 
     </span>
     <span class='ocr_line' id='line_1_60' title="bbox 1653 3159 2724 3255; baseline -0.006 -41"><span class='ocrx_word' id='word_1_347' title='bbox 1653 3166 1984 3255; x_wconf 68' lang='lat' dir='ltr'>conjungere,</span> <span class='ocrx_word' id='word_1_348' title='bbox 2007 3169 2065 3213; x_wconf 90' lang='lat' dir='ltr'>ut</span> <span class='ocrx_word' id='word_1_349' title='bbox 2087 3163 2229 3212; x_wconf 89' lang='lat' dir='ltr'>nullo</span> <span class='ocrx_word' id='word_1_350' title='bbox 2255 3159 2466 3225; x_wconf 84' lang='lat' dir='ltr'>negotio</span> <span class='ocrx_word' id='word_1_351' title='bbox 2489 3159 2724 3209; x_wconf 86' lang='lat' dir='ltr'>remotis-</span> 
     </span>
     <span class='ocr_line' id='line_1_61' title="bbox 1653 3238 2727 3307; baseline -0.006 -15"><span class='ocrx_word' id='word_1_352' title='bbox 1653 3243 1782 3293; x_wconf 89' lang='lat' dir='ltr'>sima</span> <span class='ocrx_word' id='word_1_353' title='bbox 1804 3256 2030 3307; x_wconf 83' lang='lat' dir='ltr'>quaeque</span> <span class='ocrx_word' id='word_1_354' title='bbox 2047 3240 2200 3291; x_wconf 86' lang='lat' dir='ltr'>facile</span> <span class='ocrx_word' id='word_1_355' title='bbox 2217 3238 2316 3288; x_wconf 88' lang='lat' dir='ltr'>sibi</span> <span class='ocrx_word' id='word_1_356' title='bbox 2339 3241 2727 3300; x_wconf 87' lang='lat' dir='ltr'>succurrerent,</span> 
     </span>
     <span class='ocr_line' id='line_1_62' title="bbox 1651 3314 2723 3371; baseline -0.006 -2"><span class='ocrx_word' id='word_1_357' title='bbox 1651 3326 1708 3370; x_wconf 92' lang='lat' dir='ltr'>et</span> <span class='ocrx_word' id='word_1_358' title='bbox 1758 3320 1973 3370; x_wconf 89' lang='lat' dir='ltr'>coirent.</span> <span class='ocrx_word' id='word_1_359' title='bbox 2071 3319 2202 3371; x_wconf 81' lang='lat' dir='ltr'>Quae</span> <span class='ocrx_word' id='word_1_360' title='bbox 2247 3314 2544 3365; x_wconf 87' lang='lat' dir='ltr'>emendatio</span> <span class='ocrx_word' id='word_1_361' title='bbox 2581 3314 2723 3364; x_wconf 89' lang='lat' dir='ltr'>orbis</span> 
     </span>
     <span class='ocr_line' id='line_1_63' title="bbox 1651 3390 2725 3463; baseline -0.007 -16"><span class='ocrx_word' id='word_1_362' title='bbox 1651 3403 1859 3447; x_wconf 89' lang='lat' dir='ltr'>tentata</span> <span class='ocrx_word' id='word_1_363' title='bbox 1877 3396 2134 3463; x_wconf 87' lang='lat' dir='ltr'>quondam</span> <span class='ocrx_word' id='word_1_364' title='bbox 2158 3392 2481 3459; x_wconf 86' lang='lat' dir='ltr'>principibus</span> <span class='ocrx_word' id='word_1_365' title='bbox 2504 3390 2725 3456; x_wconf 86' lang='lat' dir='ltr'>magnis.</span> 
     </span>
     <span class='ocr_line' id='line_1_64' title="bbox 1651 3474 1893 3524; baseline -0.008 0"><span class='ocrx_word' id='word_1_366' title='bbox 1651 3474 1893 3524; x_wconf 75' lang='lat' dir='ltr'>Aurelius.</span> 
     </span>
    </p>

    <p class='ocr_par' dir='ltr' id='par_1_22' title="bbox 1648 3548 2724 4067">
     <span class='ocr_line' id='line_1_65' title="bbox 1717 3548 2723 3611; baseline -0.004 -10"><span class='ocrx_word' id='word_1_367' title='bbox 1717 3552 1926 3601; x_wconf 89' lang='lat' dir='ltr'>Meliori</span> <span class='ocrx_word' id='word_1_368' title='bbox 1951 3550 2056 3601; x_wconf 87' lang='lat' dir='ltr'>fide</span> <span class='ocrx_word' id='word_1_369' title='bbox 2076 3555 2131 3599; x_wconf 90' lang='lat' dir='ltr'>et</span> <span class='ocrx_word' id='word_1_370' title='bbox 2153 3548 2264 3599; x_wconf 85' lang='lat' dir='ltr'>fato</span> <span class='ocrx_word' id='word_1_371' title='bbox 2287 3553 2563 3611; x_wconf 86' lang='lat' dir='ltr'>utrumque</span> <span class='ocrx_word' id='word_1_372' title='bbox 2579 3558 2723 3598; x_wconf 80' lang='lat' dir='ltr'>mare</span> 
     </span>
     <span class='ocr_line' id='line_1_66' title="bbox 1653 3622 2726 3694; baseline -0.006 -14"><span class='ocrx_word' id='word_1_373' title='bbox 1653 3630 1927 3694; x_wconf 87' lang='lat' dir='ltr'>conjunxit</span> <span class='ocrx_word' id='word_1_374' title='bbox 1965 3628 2065 3678; x_wconf 83' lang='lat' dir='ltr'>aevi</span> <span class='ocrx_word' id='word_1_375' title='bbox 2104 3625 2267 3677; x_wconf 89' lang='lat' dir='ltr'>nostri</span> <span class='ocrx_word' id='word_1_376' title='bbox 2299 3624 2465 3691; x_wconf 87' lang='lat' dir='ltr'>gloria</span> <span class='ocrx_word' id='word_1_377' title='bbox 2501 3622 2726 3675; x_wconf 76' lang='lat' dir='ltr'>Ludovi·</span> 
     </span>
     <span class='ocr_line' id='line_1_67' title="bbox 1652 3702 2724 3790; baseline -0.005 -34"><span class='ocrx_word' id='word_1_378' title='bbox 1652 3722 1743 3756; x_wconf 89' lang='lat' dir='ltr'>cus</span> <span class='ocrx_word' id='word_1_379' title='bbox 1766 3708 2008 3790; x_wconf 89' lang='lat' dir='ltr'>Magnus,</span> <span class='ocrx_word' id='word_1_380' title='bbox 2029 3705 2282 3770; x_wconf 86' lang='lat' dir='ltr'>perducta</span> <span class='ocrx_word' id='word_1_381' title='bbox 2308 3703 2451 3753; x_wconf 82' lang='lat' dir='ltr'>fossa</span> <span class='ocrx_word' id='word_1_382' title='bbox 2474 3702 2724 3754; x_wconf 85' lang='lat' dir='ltr'>Narbone</span> 
     </span>
     <span class='ocr_line' id='line_1_68' title="bbox 1649 3762 2723 3852; baseline -0.004 -17"><span class='ocrx_word' id='word_1_383' title='bbox 1649 3801 1815 3852; x_wconf 88' lang='lat' dir='ltr'>usque</span> <span class='ocrx_word' id='word_1_384' title='bbox 1828 3762 2125 3836; x_wconf 78' lang='lat' dir='ltr'>Tholosain:</span> <span class='ocrx_word' id='word_1_385' title='bbox 2150 3783 2269 3833; x_wconf 87' lang='lat' dir='ltr'>dein</span> <span class='ocrx_word' id='word_1_386' title='bbox 2286 3783 2554 3833; x_wconf 85' lang='lat' dir='ltr'>Garumna</span> <span class='ocrx_word' id='word_1_387' title='bbox 2573 3796 2723 3831; x_wconf 86' lang='lat' dir='ltr'>amne</span> 
     </span>
     <span class='ocr_line' id='line_1_69' title="bbox 1648 3855 2728 3926; baseline -0.004 -15"><span class='ocrx_word' id='word_1_388' title='bbox 1648 3876 1811 3912; x_wconf 83' lang='lat' dir='ltr'>naves</span> <span class='ocrx_word' id='word_1_389' title='bbox 1851 3861 2202 3926; x_wconf 84' lang='lat' dir='ltr'>Burdegalum</span> <span class='ocrx_word' id='word_1_390' title='bbox 2247 3865 2305 3909; x_wconf 91' lang='lat' dir='ltr'>et</span> <span class='ocrx_word' id='word_1_391' title='bbox 2347 3859 2401 3907; x_wconf 91' lang='lat' dir='ltr'>in</span> <span class='ocrx_word' id='word_1_392' title='bbox 2447 3855 2728 3908; x_wconf 89' lang='lat' dir='ltr'>Oceanum</span> 
     </span>
     <span class='ocr_line' id='line_1_70' title="bbox 1650 3935 2723 4004; baseline -0.004 -16"><span class='ocrx_word' id='word_1_393' title='bbox 1650 3937 1924 3989; x_wconf 82' lang='lat' dir='ltr'>feruntur:</span> <span class='ocrx_word' id='word_1_394' title='bbox 1975 3939 2131 4004; x_wconf 89' lang='lat' dir='ltr'>idque</span> <span class='ocrx_word' id='word_1_395' title='bbox 2163 3938 2304 3988; x_wconf 86' lang='lat' dir='ltr'>inter</span> <span class='ocrx_word' id='word_1_396' title='bbox 2327 3936 2423 3986; x_wconf 82' lang='lat' dir='ltr'>aevi</span> <span class='ocrx_word' id='word_1_397' title='bbox 2445 3935 2611 3985; x_wconf 87' lang='lat' dir='ltr'>nostri</span> <span class='ocrx_word' id='word_1_398' title='bbox 2632 3935 2723 3986; x_wconf 89' lang='lat' dir='ltr'>mi-</span> 
     </span>
     <span class='ocr_line' id='line_1_71' title="bbox 1649 4016 1844 4067; baseline 0.01 -2"><span class='ocrx_word' id='word_1_399' title='bbox 1649 4016 1844 4067; x_wconf 83' lang='lat' dir='ltr'>racula.</span> 
     </span>
    </p>

    <p class='ocr_par' dir='ltr' id='par_1_23' title="bbox 1654 4090 2724 4235">
     <span class='ocr_line' id='line_1_72' title="bbox 1714 4090 2724 4158; baseline -0.003 -15"><span class='ocrx_word' id='word_1_400' title='bbox 1714 4100 1749 4126; x_wconf 79' lang='lat'>&#39;¹</span> <span class='ocrx_word' id='word_1_401' title='bbox 1791 4093 1952 4144; x_wconf 77' lang='lat' dir='ltr'>AElias</span> <span class='ocrx_word' id='word_1_402' title='bbox 1988 4092 2220 4158; x_wconf 84' lang='lat' dir='ltr'>Gracilis]</span> <span class='ocrx_word' id='word_1_403' title='bbox 2282 4093 2330 4141; x_wconf 87' lang='grc' dir='ltr'><strong>Ε</strong></span> <span class='ocrx_word' id='word_1_404' title='bbox 2361 4090 2528 4155; x_wconf 90' lang='lat' dir='ltr'>libris,</span> <span class='ocrx_word' id='word_1_405' title='bbox 2564 4090 2724 4141; x_wconf 75' lang='lat' dir='ltr'>AElius</span> 
     </span>
     <span class='ocr_line' id='line_1_73' title="bbox 1654 4170 2198 4235; baseline -0.004 -14"><span class='ocrx_word' id='word_1_406' title='bbox 1654 4170 1914 4221; x_wconf 70' lang='lat' dir='ltr'>Gracchus.</span> <span class='ocrx_word' id='word_1_407' title='bbox 1975 4170 2198 4235; x_wconf 81' lang='lat' dir='ltr'>Lipsius.</span> 
     </span>
    </p>

    <p class='ocr_par' dir='ltr' id='par_1_24' title="bbox 1654 4198 2719 4391">
     <span class='ocr_line' id='line_1_74' title="bbox 1715 4198 2719 4311; baseline -0.005 -11"><span class='ocrx_word' id='word_1_408' title='bbox 1715 4254 1743 4282; x_wconf 85' lang='lat'>¹</span> <span class='ocrx_word' id='word_1_409' title='bbox 1776 4246 2016 4311; x_wconf 74' lang='lat' dir='ltr'>Belgicoe]</span> <span class='ocrx_word' id='word_1_410' title='bbox 2080 4245 2314 4310; x_wconf 79' lang='lat' dir='ltr'>Belgica,</span> <span class='ocrx_word' id='word_1_411' title='bbox 2353 4244 2494 4309; x_wconf 83' lang='lat' dir='ltr'>regio</span> <span class='ocrx_word' id='word_1_412' title='bbox 2533 4198 2719 4296; x_wconf 66' lang='lat' dir='ltr'>Gallias</span> 
     </span>
     <span class='ocr_line' id='line_1_75' title="bbox 1654 4320 2720 4391; baseline -0.007 -12"><span class='ocrx_word' id='word_1_413' title='bbox 1654 4326 1885 4379; x_wconf 71' lang='lat' dir='ltr'>Comatae</span> <span class='ocrx_word' id='word_1_414' title='bbox 1911 4324 1979 4376; x_wconf 86' lang='lat' dir='ltr'>ad</span> <span class='ocrx_word' id='word_1_415' title='bbox 1999 4322 2427 4391; x_wconf 85' lang='lat' dir='ltr'>septentrionem,</span> <span class='ocrx_word' id='word_1_416' title='bbox 2456 4329 2514 4375; x_wconf 87' lang='lat' dir='ltr'>et</span> <span class='ocrx_word' id='word_1_417' title='bbox 2548 4321 2617 4372; x_wconf 89' lang='lat' dir='ltr'>ad</span> <span class='ocrx_word' id='word_1_418' title='bbox 2648 4320 2720 4373; x_wconf 92' lang='lat' dir='ltr'>O·</span> 
     </span>
    </p>
   </div>
  </div>
 </body>
</html>
