3063 4952
538 380 717 470 1540·
890 497 895 504 Β

537 572 675 644 na:
694 559 970 649 insignis
994 555 1311 640 foemina,
1337 560 1635 637 Plautio,
1669 560 1785 645 qui
1828 573 2039 625 ovans
2080 561 2155 624 se
2199 557 2302 624 de*
2323 557 2759 627 Rammius-9

538 667 786 772 retulit,
813 672 1047 750 nupta,
1076 684 1159 731 ac
1186 664 1732 747 ‘superstitionis
1775 667 2064 728 externae
2084 660 2103 686 ’
2130 669 2296 741 rea,e
2336 664 2556 784 mariti
2575 659 2757 788 juffiff

1263 419 1331 467 ο.
1375 416 1747 469 connisum
1795 405 2054 464 'mem
2437 413 2754 486 [amm-i.-

538 829 725 883 nautii
728 834 838 897 ‚qui
866 835 925 883 de
943 832 1200 883 Britannis
1221 846 1364 882 ovans
1380 847 1622 895 regressus
1644 835 1733 890 est,
1755 846 1811 879 ac
1827 829 2020 879 rituum
2048 834 2381 879 externorum
2405 795 2645 890 accusata,
2662 820 2759 881 viri

541 898 743 950 arbitrio
761 898 928 949 relicta
945 903 1032 949 est.
1098 899 1169 948 Et
1189 898 1415 948 Plautius
1428 897 1624 961 antiquo
1645 911 1772 946 more
1788 894 2035 958 judicavit
2063 896 2123 944 de
2171 894 2275 943 uita
2306 898 2357 943 et
2385 894 2559 944 honore
2584 893 2756 980 weris

1469 1024 1500 1044 O

1739 1022 1829 1046 ee?

539 1101 725 1163 visum.
783 1108 1102 1163 Oberlin.-—2
1135 1110 1223 1163 Ita
1253 1111 1373 1163 libri
1405 1125 1584 1163 omnes
1618 1108 1768 1161 editi.
1835 1106 1899 1157 In
1921 1106 2051 1158 Μαι.
2075 1103 2229 1156 Harl.
2253 1102 2407 1155 Bodl.
2430 1104 2547 1158 Jes.
2565 1102 2754 1178 Cneff.

1536 1243 1750 1317 Nom:

539 1375 746 1427 Tacitus
770 1374 836 1427 de
855 1375 1078 1441 libertis,
1104 1359 1217 1443 qui‘
1219 1379 1332 1444 jam
1354 1379 1604 1430 libertate
1684 1393 1802 1428 men
1842 1392 1982 1443 pars,
2005 1391 2123 1443 quae
2158 1376 2469 1443 supplicium
2504 1375 2756 1427 decerne-

543 1459 702 1506 autea
725 1452 909 1503 donati
931 1461 1176 1517 erent,et
1199 1456 1313 1519 jam
1343 1456 1606 1517 suistatus

539 1529 713 1581 securi
731 1536 902 1595 erant,
938 1545 1034 1580 nec
1069 1532 1208 1580 inter
1239 1547 1414 1582 servos
1445 1532 1606 1596 agita-

540 1605 685 1658 bant.

603 1685 720 1735 Nec
742 1685 853 1734 ulla
875 1684 1005 1733 ratio
1024 1684 1147 1742 fuit,
1171 1699 1264 1733 eur
1281 1685 1526 1735 saevireut
1549 1684 1604 1733 in

540 1767 848 1825 patronum3
893 1760 1047 1811 immo
1086 1762 1216 1812 ratio
1251 1760 1351 1811 fuit
1381 1762 1493 1811 illos
1516 1761 1605 1810 de-

539 1833 808 1899 fendendi,
828 1845 883 1886 et
908 1852 999 1901 pro
1015 1837 1115 1886 illis
1138 1837 1383 1901 praesumi
1404 1836 1603 1899 debuit,

539 1925 737 1962 amasse
774 1918 830 1961 et
863 1911 1157 1963 defendisse
1195 1918 1468 1975 patronum
1510 1927 1604 1975 pro

541 1988 710 2049 virili3
744 1994 800 2037 et
834 1988 1039 2038 saevitia
1058 1988 1112 2037 in
1135 2001 1225 2037 eos
1248 1986 1397 2035 nimis
1420 2001 1605 2050 prove·

539 2065 770 2130 heretur,
791 2064 835 2113 si
866 2064 1018 2114 simul
1051 2063 1211 2113 occisi
1231 2062 1436 2125 ἴοι-επις
1471 2071 1533 2113 ut
1552 2071 1609 2114 et

542 2141 692 2193 Nero
715 2142 1107 2193 demonstravit.

610 2217 711 2275 Qui
743 2222 1021 2268 testamento
1057 2218 1352 2282 manumissi]
1389 2218 1526 2270 Quia
1549 2217 1608 2266 li-

540 2294 739 2358 bertas,
761 2309 914 2359 quam
936 2294 1274 2360 impatienter
1306 2296 1607 2359 sperabant,

539 2371 619 2422 sic
669 2371 794 2421 data
838 2378 1169 2433 testamento,
1212 2371 1606 2420 incitamentum

539 2446 644 2503 fuit
663 2448 808 2501 necis
831 2448 884 2499 in
905 2456 1195 2513 patronum.
1257 2449 1314 2500 Si
1339 2447 1606 2510 mansisset,

440 2556 447 2563 ·
539 2524 775 2591 intellige
796 2526 863 2576 de
885 2526 1200 2577 habitatione
1218 2527 1481 2576 continua.

606 2603 725 2654 Etsi
784 2609 1101 2653 commearet
1153 2616 1353 2663 servus,
1392 2608 1448 2650 et
1486 2616 1606 2665 per-

539 2686 810 2732 noctasset
833 2685 1032 2729 tantum
1051 2679 1175 2742 ruri,
1197 2678 1393 2728 crimen
1414 2677 1605 2727 habere

543 2756 739 2821 potuit,
756 2761 817 2805 ut
843 2761 899 2805 et
933 2755 1114 2805 ceteri.
1183 2756 1305 2804 Non
1332 2755 1468 2803 enim
1504 2769 1606 2803 nno

542 2832 829 2898 eodemque
845 2831 952 2894 die,
985 2838 1075 2881 aut
1095 2831 1277 2881 eadem
1299 2837 1450 2881 nocte
1473 2837 1607 2881 stru-

542 2916 701 2959 untur
767 2914 1279 2974 perpetranturque
1303 2908 1429 2958 talia
1479 2906 1607 2958 faci·

543 2999 689 3035 nora.

608 3062 714 3113 Sub
736 3064 891 3112 eodem
910 3062 1055 3126 tecto]
1111 3062 1201 3112 Sic
1221 3059 1357 3110 infra
1376 3060 1466 3112 lib.
1488 3072 1609 3113 xrv.

540 3141 625 3190 42.
663 3139 678 3167 ‘
705 3139 948 3190 Ceterum
988 3150 1108 3192 eum
1143 3145 1324 3189 vetere
1362 3152 1429 3188 ex
1467 3153 1610 3188 more

540 3212 797 3267 familiam
849 3228 1071 3276 omnem,
1123 3228 1238 3278 quae
1286 3212 1383 3263 sub
1427 3214 1612 3263 eodem

542 3298 689 3343 tecto
746 3288 1132 3352 mansitaverat,
1175 3290 1243 3339 ad
1294 3289 1611 3354 supplicium

543 3367 629 3432 agi
663 3373 954 3432 oporteret,
984 3381 1240 3416 concursu
1275 3364 1462 3430 plebis,
1494 3380 1609 3429 quae

542 3450 625 3496 tot
647 3445 882 3495 innoxios
909 3443 1235 3508 protegebat,
1257 3455 1419 3508 usque
1441 3441 1509 3491 ad
1531 3455 1610 3490 se-

542 3523 791 3576 din'onem
809 3528 1021 3573 ventum
1041 3521 1156 3573 est.'

607 3599 683 3650 At
703 3599 911 3650 Cassius
935 3600 985 3648 in
1006 3605 1191 3649 senatu
1211 3605 1424 3648 strenue
1440 3596 1612 3645 horta-

544 3681 634 3727 tur
655 3677 846 3726 Patres
878 3675 943 3724 ad
978 3674 1336 3724 executionem
1369 3673 1611 3722 Senatus-

547 3754 772 3805 consulti
799 3771 811 3803 ε
853 3754 870 3782 ‘
898 3752 1067 3814 Nam,'
1098 3753 1284 3816 inquit,
1310 3753 1326 3779 ‘
1348 3750 1504 3800 habet
1524 3750 1613 3799 ali·

540 3829 668 3896 quid
690 3844 758 3879 ex
781 3828 955 3893 iniquo
990 3842 1139 3876 omne
1170 3841 1410 3891 magnum
1438 3838 1610 3874 exem-

542 3907 707 3972 plum,
729 3906 868 3972 quod
904 3911 1084 3955 eontra
1120 3903 1346 3977 singulos
1383 3901 1611 3951 utilitate

543 3983 752 4049 publica
773 3980 1112 4045 rependitur‚'
1134 3983 1233 4030 «Sec.

610 4057 790 4111 Infra:
814 4061 830 4087 ‘
857 4059 1090 4107 Dissonae
1133 4071 1288 4106 voces
1329 4055 1611 4120 responde-

544 4133 696 4196 bant,
713 4148 1001 4197 numerum,
1017 4138 1108 4183 aut
1130 4137 1363 4192 aetatem,
1385 4138 1475 4181 aut
1497 4147 1612 4180 sex-

541 4225 653 4274 um,
694 4225 759 4260 ac
797 4210 1133 4276 plurimorum
1168 4206 1430 4257 indubiam
1469 4207 1612 4257 inno-

547 4287 774 4340 centiam
805 4286 1173 4338 miserantium.
1223 4283 1516 4335 Praevaluit
1536 4291 1611 4334 ta·

1688 1455 2063 1594 bas-Pomponia
2088 1528 2338 1592 Graecinoe]
2406 1528 2561 1579 Soror
2581 1526 2755 1578 filiave

1684 1607 1958 1672 Pomponii
2006 1607 2254 1671 Graecini,
2297 1607 2384 1671 qui
2430 1606 2612 1657 consul
2655 1606 2752 1655 sub
2831 1619 2849 1636 ·

1685 1682 1944 1748 Augusto,
1976 1691 2033 1734 et
2074 1684 2139 1733 ad
2162 1698 2316 1749 quem
2349 1682 2537 1747 Elegia
2572 1680 2757 1732 ovidii

1687 1772 1765 1808 ιν.
1791 1760 1857 1809 de
1882 1760 2069 1810 Ponto.
2116 1760 2328 1823 Lipsius.

1752 1834 2003 1898 Groecina]
2037 1836 2198 1884 Forte
2222 1841 2340 1885 orta
2359 1848 2426 1883 ex
2444 1834 2609 1898 stirpe
2621 1786 2756 1887 Julii

1686 1911 1936 1975 Graecini,
1972 1912 2039 1961 de
2077 1926 2180 1975 quo
2221 1913 2426 1961 Seneca
2463 1909 2530 1959 de
2566 1907 2756 1960 Benef-

1684 1989 1700 2016 ‘
1727 1988 1947 2037 Utamur
1968 1986 2203 2038 Graecini
2226 1986 2356 2038 sulii
2376 1986 2639 2049 exemplo,
2653 1984 2756 2035 viri

1686 2064 1901 2127 egregii,
1939 2079 2093 2129 quem
2128 2065 2189 2114 C.
2226 2064 2402 2114 Caesar
2442 2062 2655 2125 occidit,
2686 2063 2757 2114 ob

1684 2144 1782 2193 hoc
1804 2159 1977 2206 unum,
1987 2142 2120 2208 quod
2145 2143 2326 2191 melior
2346 2142 2427 2191 vir
2447 2147 2565 2191 erat
2599 2155 2755 2207 quam
2799 2185 2820 2192 A„

1686 2232 1797 2268 esse
1816 2219 2057 2284 cuiquam
2081 2225 2305 2281 tyranno
2328 2218 2635 2281 expediret!

1755 2297 1875 2346 Fuit
1891 2303 1948 2346 et
1963 2297 2215 2345 Groecinus
2227 2296 2354 2345 Laco
2376 2289 2664 2358 praefectus
2682 2294 2761 2345 vi·

1688 2374 1843 2437 gilum
1869 2373 1965 2422 sub
1987 2373 2213 2435 Tiberio,
2239 2378 2295 2421 et
2316 2386 2420 2435 quo
2444 2372 2511 2421 ad
2527 2371 2755 2423 subver-

1688 2449 1902 2498 tendum
1913 2449 2161 2513 Sejanum
2181 2462 2300 2497 usus
2321 2454 2402 2501 est
2431 2448 2757 2512 Caprearum

1686 2524 1979 2577 habitator:
2016 2526 2104 2590 qui
2126 2527 2263 2574 Laco
2286 2531 2344 2574 et
2361 2531 2542 2588 postea
2565 2525 2758 2577 Gallie

1690 2601 1921 2666 praefuit,
1976 2607 2031 2650 et
2075 2601 2429 2651 consularibus
2481 2600 2760 2657 honoribus

1688 2686 1900 2729 ornatus
1921 2679 2015 2728 sub
2047 2676 2286 2742 Claudio,
2304 2683 2439 2727 teste
2470 2676 2656 2744 Dione
2665 2677 2760 2731 lib.

1689 2769 1779 2856 be
1807 2820 2108 2884 Britanniis]
2138 2818 2275 2871 Vide
2293 2782 2441 2870 notas
2458 2831 2537 2871 ιι.
2560 2823 2612 2870 3.
2659 2809 2760 2872 'Til-

1686 2900 1928 2950 lemonius.

1693 3012 1696 3019 -
1751 2983 1774 3010 c
1807 2977 2171 3041 Superstitionis
2191 2981 2402 3026 externa*
2425 2977 2531 3041 rea]
2584 2956 2759 3026 Chris·

1689 3053 1913 3105 tianismi
1936 3055 2093 3105 credo
2114 3060 2404 3105 accusatam
2435 3055 2566 3104 hane
2580 3051 2758 3105 *foenu-

1689 3145 1826 3193 nam,
1844 3130 1974 3192 sive,
1994 3137 2055 3180 ut
2088 3137 2195 3180 tum
2232 3129 2644 3194 confundebant,
2661 3129 2760 3183 Ju.‘

1690 3206 1886 3256 daismi.
1955 3206 2076 3256 Non
2096 3221 2219 3270 ergo
2240 3205 2644 3271 superstitionis,
2662 3206 2759 3256 sed

1667 3282 1968 3347 religionis.
2033 3282 2149 3331 Etsi
2177 3282 2414 3331 universe
2450 3280 2641 3347 fateor,
2669 3296 2759 3359 ge·

1686 3373 1784 3408 nus
1807 3359 1904 3409 hoe
1920 3359 1984 3408 ad
2009 3357 2259 3422 θρησκείαν
2281 3365 2336 3408 et
2359 3359 2562 3408 inanem
2587 3366 2761 3414 exter-

1689 3450 1914 3501 numque
1932 3436 2125 3484 cultum
2148 3435 2300 3483 nimis
2322 3449 2568 3498 pronum..

1689 3548 1690 3551 η
1752 3512 1943 3563 Strabo
1965 3513 2060 3562 lib.
2084 3526 2183 3562 vn.
2209 3513 2428 3576 pulchre
2450 3514 2507 3561 et
2528 3526 2597 3562 ex
2628 3512 2760 3566 Veri

1690 3589 1850 3653 adyto
1878 3606 1890 3639 ι
1926 3589 2349 3653 ‘Superstitionis
2404 3595 2647 3646 auctores
2681 3595 2762 3655 et

1691 3668 1850 3717 duces
1867 3682 1978 3717 esse
1998 3665 2441 3728 foeminas,omnes
2454 3667 2757 3730 opinantur.

1690 3744 1782 3792 Eae
1826 3744 1962 3792 enim
1996 3757 2119 3792 vero
2145 3743 2280 3793 viros
2315 3742 2543 3792 invitant
2573 3742 2640 3792 ad
2674 3758 2759 3793 sn-

1690 3834 1974 3884 pervacuos
1997 3821 2279 3886 nimiosque
2308 3821 2543 3870 Deorum
2566 3821 2762 3884 cultus,

1690 3904 1746 3947 et
1777 3897 1889 3947 dies
1922 3896 2109 3960 festos,
2133 3905 2190 3946 et
2229 3897 2613 3947 venerationes.
2680 3897 2760 3948 At

1685 3986 1809 4023 raro
1831 3971 2067 4036 profecto
2084 3973 2160 4022 vir
2177 3972 2369 4024 coelebs
2392 3978 2449 4023 et
2464 3971 2566 4023 sibi
2576 3972 2760 4053 vivens

1689 4047 1984 4098 invenietur
2005 4042 2159 4098 talis!
2198 4049 2406 4113 Lipsius.

1756 4126 2011 4190 Eoetmoe]
2075 4127 2237 4189 Puto,
2281 4126 2628 4191 AEgyptiacae,
2666 4111 2759 4179 Ju-

1690 4204 1874 4268 daicae‚
1895 4211 1988 4254 aut
2021 4204 2348 4272 Christianae,
2373 4220 2492 4272 quae
2525 4210 2636 4256 tum
2664 4201 2780 4258 flo->

1685 4296 1807 4337 rere
1828 4283 2012 4348 coepit.
