3063 4952
572 434 745 503 1972

1273 435 1334 496 ο.
1382 443 1579 494 comi
1592 443 1743 492 ann
1786 442 2046 493 *mom

2469 445 2564 512 [Α.
2579 444 2770 499 mals.

566 600 783 665 viente
828 594 1091 681 pelago,
1143 611 1187 657 a
1237 590 1524 656 Formiis
1539 598 1566 624 ⁸
1608 608 1915 654 movere:
1959 593 2029 654 et
2074 588 2267 672 gravi
2307 586 2596 667 Africo,¹‘
2622 587 2770 653 dum

568 698 1090 787 promontorium
1120 695 1391 761 Miseni⁰
1420 711 1737 777 superare
1766 691 2190 771 contendunt,
2223 691 2578 758 Cumanisd
2604 692 2774 758 litto-

569 806 757 871 ribus
785 800 1086 888 impacti,
1108 798 1463 864 triremium
1489 797 1848 883 plerasque
1870 801 1937 861 et
1950 797 2207 862 minora
2231 797 2503 880 navigia
2529 791 2774 881 passim

573 908 952 973 amiserunt.

655 1013 766 1075 47.
814 1008 982 1072 Fine
1033 1008 1184 1073 anni
1229 1007 1583 1091 vulgantur
1626 1003 1989 1089 prodigia:
2042 1002 2535 1068 imminentium
2583 1000 2778 1066 malo-

572 1133 719 1178 rum
748 1112 1001 1177 nuntia.

1089 1110 1220 1176 Vis
1246 1109 1577 1194 fulgurum
1602 1126 1739 1173 non
1765 1106 1933 1172 alias
1966 1102 2286 1171 crebriorf
2328 1108 2398 1170 et
2438 1104 2636 1168 sidus
2676 1122 2780 1168 co·

567 1308 791 1373 procella,
812 1308 987 1358 solvere
1008 1322 1038 1357 a
1063 1306 1302 1365 Formiis,·
1334 1311 1384 1358 et
1416 1307 1640 1357 soeoiente
1660 1304 1829 1367 Africo
1849 1310 2024 1368 vento,
2057 1306 2171 1355 clam
2200 1308 2431 1355 conantur
2467 1304 2781 1354 transmittere

567 1374 937 1450 promontorium
959 1372 1158 1436 Miseni,
1189 1374 1252 1422 ad
1289 1372 1523 1422 Cumanos
1558 1372 1690 1435 ripas
1720 1371 1913 1435 impulsi
1949 1376 2087 1436 atque
2128 1370 2276 1433 allisi,
2311 1370 2576 1420 maximam
2610 1372 2784 1434 partem

575 1438 861 1500 triremium,
885 1443 933 1487 et
953 1438 1156 1487 niinores
1170 1452 1310 1487 noves
1326 1439 1500 1501 possim
1513 1437 1781 1513 perdidere.

643 1503 798 1553 Exitu
817 1503 932 1554 anni
961 1503 1265 1568 publicantur
1295 1508 1498 1568 ostenta,
1528 1501 1804 1566 praenumia
1832 1502 2060 1552 malorum
2098 1500 2487 1565 impendentium.
2560 1495 2786 1549 molestia

1578 1691 1792 1747 No'rAE
1870 1683 1874 1688 ’

578 1809 765 1860 Mirari
790 1813 1015 1860 mentem
1039 1816 1095 1861 et
1128 1812 1397 1863 consilinm
1428 1810 1644 1877 pictoris

578 1904 715 1938 nunc
740 1887 865 1939 satis
887 1886 985 1949 sit3
1021 1902 1190 1954 neque
1212 1888 1347 1940 forte
1379 1895 1494 1939 tota
1525 1903 1644 1953 por-

580 1965 716 2014 ticus
735 1961 934 2021 Ποικίλη
955 1969 1103 2015 tanto
1142 1965 1415 2030 proposito
1437 1964 1645 2028 capien-

581 2041 648 2090 do
671 2040 911 2089 sufficiat.

646 2118 780 2167 Pars
822 2115 991 2180 plebis
1030 2116 1255 2182 integra,
1296 2117 1537 2179 honesta,
1593 2122 1648 2167 et

582 2207 699 2259 quae
738 2208 864 2257 opes
899 2199 956 2244 et
991 2195 1230 2245 honestas
1264 2193 1543 2245 affinitates
1564 2193 1650 2244 ha-

581 2272 692 2332 bet,
730 2285 807 2319 res
846 2285 993 2319 novas
1022 2270 1211 2320 metuit
1254 2277 1545 2335 pavetque:
1594 2276 1650 2319 at

586 2345 794 2397 sordida
817 2346 987 2411 plebs,
1009 2362 1188 2411 egena,
1212 2353 1267 2397 et
1288 2344 1499 2411 flagitiis
1537 2361 1650 2396 cor-

583 2431 759 2490 rupta,
795 2439 880 2474 res
915 2439 1074 2474 novas
1107 2424 1275 2490 cupit,
1314 2424 1461 2490 quasi
1488 2421 1652 2473 fortu-

583 2518 703 2553 nam
722 2507 1107 2553 commutatur».
1127 2519 1140 2554 z
1177 2517 1280 2568 qua
1304 2517 1396 2567 spe
1420 2502 1654 2553 lactatur

583 2581 768 2645 vulgus
791 2586 845 2628 et
868 2578 1083 2643 fallitur.

649 2664 673 2689 ⁸
697 2655 927 2719 Formiis]
963 2654 1202 2719 Formiae,
1222 2654 1363 2706 Urbs
1382 2653 1653 2706 Aurunco-

586 2748 697 2784 rum
720 2734 1028 2798 populorum
1051 2733 1101 2783 in
1124 2733 1276 2782 Latio
1294 2731 1581 2797 provincia,
1597 2740 1656 2784 et

585 2811 654 2860 ad
677 2825 818 2860 mare
852 2811 1205 2874 Tyrrhenum:
1243 2808 1394 2859 hodie
1428 2823 1529 2859 non
1565 2824 1654 2859 ex-

589 2895 685 2937 tat.
751 2887 893 2936 Situs
929 2893 1012 2936 est
1041 2901 1205 2952 prope
1230 2888 1368 2936 Mola
1405 2886 1656 2952 oppidum

587 2964 872 3028 provinciae
893 2965 941 3013 Τ
944 2979 1075 3014 errae
1096 2964 1312 3014 Laboris
1331 2962 1397 3013 ad
1416 2962 1656 3015 occiden-

587 3045 696 3090 tem
719 3046 774 3089 et
797 3039 1083 3102 meridiem,
1104 3040 1157 3088 in
1187 3041 1368 3106 Regno
1391 3040 1656 3109 Neapoli-

589 3123 729 3166 tano.
798 3116 1113 3166 Tillemonius.

653 3191 677 3226 b
696 3192 889 3256 Africo]
922 3191 1147 3259 Africus,
1163 3202 1348 3246 ventus
1367 3195 1443 3245 sic
1463 3196 1655 3261 dictus„

591 3270 717 3336 quia
736 3269 801 3320 ab
826 3268 1010 3322 Africa
1033 3273 1215 3336 spirat,
1251 3273 1389 3323 inter
1410 3272 1658 3324 Austrum

589 3353 646 3396 et
669 3347 968 3397 Favonium.
1036 3348 1212 3398 Hodie
1251 3354 1428 3399 nautae
1452 3350 1657 3401 Oceani

591 3432 780 3475 vocant
800 3425 1111 3483 Sud-Ouest;
1150 3432 1206 3476 et
1239 3425 1292 3474 in
1325 3426 1455 3475 mari
1490 3427 1660 3477 Medi-

591 3506 834 3550 terraueo
858 3501 1048 3551 dieitur
1065 3501 1300 3566 Gar-bino,
1321 3503 1404 3552 vel
1424 3503 1660 3570 Libeecio,

592 3590 658 3625 ex
681 3576 899 3628 Brietio.
970 3579 1287 3629 Tillemonius.

657 3653 833 3711 c,Dum
849 3656 1220 3742 promontorium
1237 3656 1439 3722 Miseni]
1466 3659 1657 3709 Classis

594 3730 825 3780 Romana
861 3731 913 3781 in
939 3739 1097 3797 portu
1134 3733 1417 3783 Misenensi
1452 3737 1658 3787 ordina-

593 3808 725 3858 riam
763 3810 1038 3860 stationem
1083 3810 1343 3872 habebam
1387 3813 1465 3863 uti
1503 3813 1660 3863 Alex-

594 3887 810 3937 andrina
850 3887 1101 3950 Puteolis,
1135 3893 1194 3937 ut
1229 3889 1418 3939 Strabo
1456 3890 1489 3940 l.
1515 3903 1658 3940 xvu.

591 3963 806 4014 indicat.
873 3963 1291 4013 Promontorium
1329 3966 1429 4014 hoc
1471 3965 1662 4017 infame

594 4038 890 4104 naufragiis,
907 4041 984 4090 uti
1006 4055 1035 4089 e
1050 4041 1250 4090 Seneca
1266 4040 1479 4105 colligas
1493 4037 1662 4106 Epist.

595 4118 679 4163 7⁷.
724 4115 810 4164 ubi
864 4116 930 4165 de
979 4117 1351 4167 Alexandrinis
1402 4117 1621 4168 navibus
1646 4134 1660 4167 ε

593 4188 611 4218 ‘
638 4190 768 4239 Cum
789 4190 1054 4242 intravere
1077 4195 1328 4257 Capreas,
1349 4198 1406 4244 et
1423 4208 1664 4258 promon-

595 4265 805 4329 torium,
827 4282 892 4316 ex
914 4284 1017 4333 quo
1047 4269 1063 4297 ‘
1085 4269 1212 4321 Alta
1232 4271 1525 4334 procelloso
1547 4286 1663 4335 spe·-

597 4341 800 4393 culatur
838 4345 1035 4397 vertice
1078 4346 1288 4413 Pallas,’
1325 4353 1503 4400 cetera
1545 4349 1662 4401 velo

1718 1808 1973 1878 jubentur
2027 1820 2137 1860 esse
2173 1805 2479 1859 contentae.'
2569 1806 2787 1858 Statius:

1727 1888 1744 1915 ‘
1770 1887 1950 1936 Prima
1986 1886 2232 1936 salutavit
2275 1886 2534 1951 Capreas,
2574 1891 2632 1935 et
2671 1896 2792 1933 mar-

1728 1967 1846 2030 gine
1866 1966 2056 2016 dextro
2072 1966 2272 2030 Sparsit
2288 1963 2576 2030 Tyrrhenae
2602 1963 2796 2013 Mareo-

1727 2045 1837 2093 tica
1871 2042 1990 2092 vina
2026 2041 2321 2092 Minervae?
2389 2042 2646 2091 Litabant
2679 2052 2793 2103 ergo

1728 2120 2030 2184 procellosae
2053 2119 2129 2168 illi
2149 2118 2355 2168 Palladi
2379 2124 2583 2181 nautae,
2603 2114 2794 2182 pericu·

1726 2197 1781 2245 lo
1806 2197 1956 2245 maris
1979 2193 2236 2245 defuncti.
2305 2194 2524 2258 Lipsius.

1794 2270 1820 2305 ἃ
1853 2271 2104 2335 Cumanis]
2139 2273 2315 2322 Cumae
2335 2271 2478 2321 Urbs
2500 2268 2791 2335 Campania
2822 2281 2825 2288 ·

1729 2347 2016 2411 provinciae
2050 2348 2116 2397 ad
2153 2363 2297 2397 mare
2317 2348 2682 2413 Tyrrhenum:
2712 2347 2791 2400 ho-

1729 2426 1816 2475 die
1853 2428 2004 2475 Cuma
2038 2426 2176 2476 Urbs
2207 2440 2392 2476 eversa
2423 2427 2608 2475 Terrae
2642 2422 2791 2474 Labo-

1729 2505 1821 2568 ris,
1845 2504 1898 2554 in
1921 2519 2083 2570 regno
2106 2504 2472 2570 Neapolitano.
2512 2505 2752 2554 Tillemon.

1795 2587 1820 2614 ⁶
1855 2582 2115 2646 Prodigia]
2146 2583 2232 2632 Sic
2263 2582 2404 2632 Plin.
2436 2595 2502 2631 11.
2526 2587 2613 2631 13.
2646 2581 2665 2609 ‘
2684 2579 2794 2629 Am-

1731 2673 1825 2708 nes
1849 2666 1988 2708 retro
2008 2657 2171 2709 fluere
2210 2666 2268 2709 et
2297 2665 2483 2708 nostra
2504 2657 2644 2708 vidit
2667 2663 2795 2717 aetas,

1736 2735 1963 2786 Neronis
1980 2735 2231 2801 principis
2247 2735 2392 2785 annis
2409 2735 2690 2800 supremis,
2709 2733 2796 2783 sic·

1735 2811 1872 2862 utin
1897 2810 2052 2861 rebus
2085 2811 2199 2876 ejus
2225 2811 2529 2873 retulimus3
2568 2818 2626 2861 et
2658 2817 2797 2874 prata

1734 2895 1791 2939 et
1833 2890 1964 2940 oleae
2009 2890 2062 2939 in
2106 2889 2397 2940 contrarias
2441 2890 2599 2939 sedes
2643 2895 2798 2938 trans-

1737 2967 1969 3030 gressae.'
2034 2967 2167 3018 Haec
2199 2966 2407 3016 diversa
2428 2981 2461 3015 a
2482 2967 2657 3017 Taciti
2690 2979 2797 3030 pro-

1736 3044 1910 3109 digiis,
1934 3043 2027 3095 sed
2048 3059 2164 3111 quae
2187 3043 2309 3113 visa,
2322 3041 2463 3093 forte
2499 3050 2690 3108 postea
2711 3039 2796 3090 sub

1734 3119 1893 3171 finem
1911 3121 2151 3172 Neronis.

1799 3193 1820 3230 ἴ
1847 3200 1960 3248 Non
1980 3192 2102 3248 alias
2117 3196 2345 3260 crebrior]
2380 3195 2469 3247 Sic
2493 3204 2551 3247 et
2575 3204 2798 3260 tempore

1738 3275 2045 3326 Domitiani.
2097 3274 2245 3324 Suet.
2273 3279 2355 3325 15.
2387 3279 2402 3304 ‘
2429 3272 2704 3324 Continuis
2723 3285 2798 3321 oc·

1739 3357 1796 3402 to
1834 3350 2099 3401 mensibus
2134 3357 2214 3400 tot
2252 3349 2462 3415 fulgura
2499 3349 2662 3412 facta,
2684 3361 2798 3397 nun-

1735 3429 1974 3494 tiataque
1997 3436 2138 3491 sunt,
2156 3435 2215 3478 ut
2236 3430 2634 3493 exclamaverit,
2655 3425 2800 3476 feriat

1737 3521 1889 3571 quem
1902 3506 2015 3570 jam
2035 3505 2212 3556 volet!

1803 3585 1926 3634 Non
1950 3584 2135 3633 mirum
2158 3590 2334 3633 tamen
2368 3590 2470 3645 est,
2490 3584 2679 3634 crebra
2699 3593 2801 3632 esse

1736 3659 1946 3723 fulgura
1990 3659 2044 3708 in
2087 3672 2150 3708 ea
2193 3661 2425 3722 regione,
2466 3660 2611 3725 quia,
2645 3657 2802 3724 inquit

1738 3735 1881 3786 Plin.
1915 3749 1979 3785 11.
2015 3741 2098 3786 62.
2145 3736 2162 3764 ⁴
2185 3737 2438 3786 Mobilior
2477 3737 2571 3786 aer
2609 3736 2801 3786 mitiore

1738 3813 1943 3878 hyeme,
1985 3820 2042 3863 et
2088 3820 2272 3864 aestale
2311 3814 2564 3876 nimbosa,
2609 3824 2802 3876 semper

1740 3890 2116 3953 quodammodo
2160 3898 2363 3950 vernat,
2402 3891 2485 3940 vel
2522 3893 2802 3949 autumnat,

1741 3966 1916 4016 Italiae
1960 3981 2167 4031 quoque
2213 3967 2449 4031 partibus
2496 3967 2578 4028 iis,
2624 3979 2735 4030 quae
2776 3976 2805 4010 a

1741 4041 2106 4105 Septentrione
2129 4041 2457 4092 descendunt
2477 4041 2542 4090 ad
2559 4048 2803 4105 teporem,

1742 4109 1907 4182 qualis
1930 4125 2013 4168 est
2036 4119 2219 4168 Urbis.
2285 4118 2586 4184 Campaniae
2608 4122 2800 4167 tractus

1731 4194 1888 4258 juxta
1907 4196 2092 4261 hyeme
2112 4200 2168 4246 et
2189 4202 2378 4248 aestate
2401 4194 2650 4263 fulgurat,
2672 4188 2798 4262 quod

1744 4286 1849 4324 non
1870 4273 1923 4324 in
1942 4273 2043 4324 alio
2067 4272 2211 4325 situ?
