3063 4952
1141 222 1160 247 l

300 437 360 497 J.
388 436 585 501 aas]
1012 429 1433 487 Annaeum
1484 432 1633 485 ms.
1680 433 1815 485 ιν.

2335 419 2512 499 1859

300 585 376 646 to
429 575 780 654 insidenS,‘³
822 579 934 642 et⁹
975 577 1323 659 proximus
1351 578 1658 663 'quisque
1701 576 2008 663 Regem¹⁰
2062 582 2134 648 vi
2183 602 2504 669 equorum

299 689 706 766 perrupere,t
738 679 896 764 quia
920 699 1142 744 rumor
1183 681 1570 759 incesserat,
1603 686 1623 715 ‘
1648 687 1921 765 pontem
1963 703 2301 749 cessurum
2328 689 2509 764 oneri

302 781 464 853 dolo
508 773 1012 846 fabricantium?
1100 781 1234 846 Sed
1281 784 1399 867 qui
1442 784 1695 866 ingredi
1724 787 1873 849 ausi
1902 792 2077 865 sunt,
2105 787 2401 854 validum
2443 794 2511 861 et

301 882 562 956 fidum¹¹
597 878 1002 949 intellexere.
1575 922 1582 928 ·
2487 934 2492 941 ·

391 974 505 1052 16.
549 985 857 1069 Ceterum
885 987 1180 1053 obsessis
1208 984 1375 1053 adeo
1406 990 1944 1076 suppeditavisse
1976 1011 2116 1056 rem
2158 991 2513 1060 frumenta-

302 1202 610 1252 transmisere
640 1217 823 1250 amnem
856 1200 1131 1266 Arsaniam,
1166 1203 1281 1266 quia
1298 1204 1627 1269 percrebuerat
1658 1192 1815 1269 fama,
1837 1209 2045 1268 pontem
2068 1210 2217 1255 taneae
2236 1206 2359 1256 moli
2379 1194 2523 1259 haud

305 1281 487 1331 parem
510 1266 638 1327 fore,
658 1265 841 1315 fraude
864 1266 1281 1320 architectorum.
1348 1270 1442 1318 Sed
1475 1271 1556 1334 qui
1578 1272 1788 1319 incedere
1802 1270 1907 1319 ausi
1926 1276 2053 1335 sunt,
2092 1279 2303 1335 pontem
2334 1278 2514 1323 certum

289 1332 586 1398 firmumque
604 1332 791 1393 experti
811 1336 938 1383 sunt.
2446 1355 2452 1359 -

378 1398 600 1446 Ceterum
635 1401 918 1460 compertum
960 1401 1047 1461 est,
1089 1398 1204 1447 adeo
1239 1398 1524 1461 superfuisse
1558 1414 1790 1455 annonam
1830 1404 1877 1449 et
1909 1400 2065 1463 copias
2097 1398 2427 1467 circumsessis,
2458 1407 2515 1452 ut

1236 1554 1590 1575 OOOOOOOOOO

304 1650 361 1699 in
380 1649 735 1713 elephanta—9
764 1649 1036 1699 Brotierus
1061 1650 1201 1700 delet
1221 1656 1425 1700 et.--10'
1452 1651 1539 1700 Ita
1562 1653 1687 1701 Mss.
1707 1653 1844 1703 Flor.
1866 1653 1998 1717 Reg.
2013 1652 2189 1704 Guelf.
2207 1651 2336 1716 Agr.
2362 1651 2516 1702 Harl.

305 1714 462 1764 Bodl.
478 1715 590 1766 Jes.
615 1714 769 1764 Corb.
789 1722 844 1764 et
866 1715 1306 1779 editioprinceps.
1332 1717 1727 1778 Puteolanus,et
1747 1722 1993 1781 proximus
2011 1719 2198 1782 quisque
2212 1718 2336 1780 regi.
2372 1717 2515 1766 Male

303 1778 532 1840 addidit,
554 1784 619 1829 et.
684 1779 997 1830 Accusativo
1020 1788 1193 1830 autem
1214 1787 1436 1831 utuntur
1471 1783 1657 1845 optimi
1690 1784 1969 1846 scriptores
1994 1785 2184 1845 Caesar,
2208 1783 2383 1832 Livius
2405 1782 2518 1832 alii.-

305 1860 410 1910 que
456 1845 682 1907 plurimi,
717 1852 775 1895 ut
817 1845 1045 1907 accipies
1085 1861 1115 1894 a
1154 1846 1207 1897 J.
1232 1846 1372 1903 Frid.
1413 1847 1681 1897 Gronovio
1726 1848 1790 1896 ad
1815 1848 2036 1908 Livium,
2060 1852 2291 1898 v1u.32.
2317 1863 2348 1896 a
2387 1848 2518 1896 Bur·
2553 1886 2566 1891 -

305 1924 496 1958 manno
519 1909 583 1957 ad
609 1909 999 1973 Quintilianum,
1014 1924 1136 1960 v111.
1152 1915 1201 1961 6.
1234 1927 1286 1975 p.
1309 1916 1424 1961 515.
1457 1913 1672 1961 Brotier.
1741 1913 1945 1977 Lipsius
1970 1915 2230 1977 sagaciter
2250 1914 2331 1962 hic
2351 1912 2517 1976 suspi-

306 1980 459 2023 catur
497 1973 563 2023 de
605 1972 813 2023 defectu
835 1990 847 2023 ι
893 1990 1012 2023 nam
1054 1976 1193 2025 Flor.
1227 1977 1469 2040 elephanto
1505 1977 1716 2026 insidens
1751 1979 2001 2042 proximus
2042 1980 2233 2043 quisque
2260 1992 2418 2040 regem
2450 1977 2518 2028 υἱ.

305 2039 489 2088 Meus:
517 2038 773 2101 elephantis
795 2039 1001 2088 insidens
1019 2041 1265 2103 proximus
1282 2042 1472 2105 quisque
1491 2057 1653 2103 regem
1668 2043 1733 2091 υἱ.
1799 2044 1952 2092 Unde
1973 2044 2221 2093 Nicolaus
2242 2041 2516 2092 Heinsiusz

306 2104 571 2168 elephantis
585 2103 840 2153 insidentes
860 2105 1101 2167 proximus
1119 2108 1306 2169 quisque
1321 2121 1482 2167 regem
1502 2112 1550 2156 et
1568 2108 1617 2156 vi
1641 2123 1859 2170 equorum
1873 2123 2141 2172 perrupere.
2185 2109 2336 2160 Quod
2353 2107 2516 2168 magis

307 2168 518 2221 accedit
560 2167 973 2232 adscripturum
1012 2171 1208 2220 calamo
1250 2178 1576 2221 exaratorum
1622 2187 1775 2235 quam
1816 2173 2113 2236 Lipsianum
2136 2190 2149 2223 ε
2189 2177 2236 2222 et
2277 2171 2520 2235 proximus

306 2233 506 2296 quisque
522 2233 647 2295 regi,
664 2233 750 2282 alii
767 2234 815 2282 vi
833 2249 1053 2297 equorum
1071 2251 1123 2299 p.
1157 2236 1541 2301 Ryckins.——ll
1576 2236 1662 2285 Sic
1687 2237 1790 2285 Ms.
1817 2237 1973 2286 Corb.
2000 2237 2162 2288 editio
2186 2238 2429 2302 princeps
2462 2241 2518 2293 et

308 2297 649 2349 recentiores.
715 2299 779 2349 In
799 2299 927 2350 Mss.
943 2300 1096 2353 Bodl.
1112 2299 1224 2352 Jes.
1249 2299 1425 2351 Guelf.
1449 2308 1503 2352 et
1525 2300 1869 2364 Puteolanus,
1887 2301 2109 2367 firmum.

1316 2476 1529 2536 NO'PAE.

308 2614 454 2682 luitur
508 2617 641 2681 ipse,
697 2633 942 2683 proceres
999 2624 1056 2670 et
1106 2620 1378 2684 purpurati

310 2692 459 2757 equis
491 2694 769 2758 insideant,
802 2702 858 2746 et
891 2712 1007 2746 cum
1031 2711 1163 2761 equo
1194 2697 1282 2746 ille
1302 2696 1376 2745 in-

312 2769 475 2831 sidet,
499 2771 767 2834 pedestres
793 2773 959 2836 ipsum
982 2775 1314 2824 comitentur.

376 2852 398 2878 ¹’
432 2846 615 2909 Regem
635 2849 684 2897 vi
706 2864 927 2913 equorum
943 2849 1220 2914 perrupere]
1255 2850 1381 2899 Vul-

311 2937 380 2986 go
424 2924 547 2986 regi.
613 2925 708 2974 Vir
756 2927 1098 2991 doetissimuS‚
1135 2927 1381 2990 proximus

311 2998 503 3062 quisque
517 2999 644 3062 regi,
669 3001 754 3050 alii
776 3003 825 3052 vi
847 3018 1088 3066 equorum,
1113 3002 1249 3065 quod
1273 3003 1382 3068 qni-

308 3073 455 3138 dem,
498 3076 684 3126 Tacito
721 3092 825 3127 non
867 3078 1096 3139 volente,
1140 3083 1387 3142 mutasse,

311 3158 624 3216 argumento
665 3162 784 3204 sunt
825 3155 1134 3219 sequentia:
1170 3156 1267 3204 Sed
1303 3157 1382 3219 qui

312 3227 507 3290 ingredi
529 3229 634 3278 ausi
665 3236 794 3282 sunt.
861 3231 939 3281 Ut
960 3233 1030 3284 sit
1052 3247 1260 3284 sensusz
1286 3235 1384 3283 Re-

315 3317 453 3366 gem,
477 3310 533 3352 et
569 3305 655 3368 qui
691 3306 832 3356 circa
872 3314 1040 3371 erant,
1058 3308 1190 3358 vado
1215 3314 1380 3356 trans-

308 3378 439 3446 isse,
501 3379 636 3443 quod
671 3386 862 3443 pontem
899 3385 1002 3433 dolo
1032 3383 1384 3443 fabricantium

313 3472 549 3507 cessurum
572 3460 704 3508 oneri
744 3461 1037 3524 putabant:
1073 3461 1223 3510 aliam
1260 3461 1385 3510 mul·

313 3533 593 3586 titudinem
619 3541 848 3586 tentasse
866 3538 994 3594 illud
1014 3539 1134 3604 iter,
1150 3544 1205 3587 et
1227 3536 1385 3587 fidum

312 3625 597 3675 reperisse.

380 3688 693 3753 Quanquam
719 3690 857 3739 enim
880 3689 988 3740 Dio
1012 3689 1225 3756 scribat,
1254 3691 1383 3741 Par·

315 3764 435 3812 thos
461 3770 622 3827 ponte
657 3764 758 3815 isto
780 3781 882 3815 non
907 3781 1041 3830 usos,
1072 3781 1176 3815 non
1212 3755 1381 3831 proin-

314 3840 384 3889 de
407 3854 621 3889 necesse
647 3849 747 3902 est,
773 3850 829 3891 ut
853 3842 988 3891 idem
1011 3843 1168 3892 etiam
1191 3849 1384 3893 noster.

382 3914 525 3966 Quin
550 3920 605 3963 et
627 3918 889 3966 conciliari
913 3920 1131 3981 possint,
1153 3918 1195 3967 si
1221 3919 1384 3981 dicas,

314 3990 543 4041 Dionem
599 3992 816 4043 sensisse
865 3994 929 4043 de
982 3995 1128 4059 Rege
1184 4001 1241 4044 et
1295 3994 1384 4060 qui

316 4069 545 4135 proximi
590 4069 699 4132 regi
737 4076 908 4135 erant,
962 4073 1104 4121 nullo
1140 4064 1385 4136 respectu

319 4146 637 4211 promiscuae
660 4147 1006 4198 multitudinis
1027 4148 1225 4199 habito.
1285 4150 1387 4198 Ta·

314 4216 481 4273 'citum
505 4230 682 4273 autem
715 4231 962 4274 accurate
997 4225 1310 4286 distinxisse,
1335 4231 1392 4280 et

325 4314 427 4366 qua
472 4299 662 4366 cuique
717 4300 821 4351 iter
862 4299 1042 4365 fuerit,
1085 4301 1388 4366 explicasse.

1460 2618 1833 2678 Freinshemius.

1524 2697 1630 2748 Hie
1664 2695 1938 2760 distinguit
1963 2694 2177 2744 Tacitus
2205 2692 2424 2757 Regem,
2466 2699 2523 2743 et

1457 2773 1667 2823 modum
1691 2788 1780 2823 seu
1804 2771 2032 2837 speciem
2066 2770 2201 2819 illius
2232 2768 2525 2831 incedendi,

1461 2867 1492 2900 a
1513 2851 1811 2915 purpuratis
1829 2857 1882 2900 et
1897 2848 2097 2908 aulicis,
2113 2847 2188 2897 ita
2206 2853 2265 2896 ut
2286 2847 2397 2910 ipse
2421 2847 2525 2894 ele·

1461 2929 1655 2992 phanto
1689 2927 2040 2987 inveheretur,
2075 2923 2163 2973 alii
2197 2936 2442 2987 proceres
2475 2936 2526 2970 e·

1463 3004 1596 3069 quis.
1663 3004 1781 3054 Nec
1820 3002 1919 3052 hoc
1952 3002 2064 3066 ipso
2093 2998 2367 3063 distinguit
2406 3013 2525 3061 pur-

1461 3088 1674 3145 puratos
1691 3097 1720 3130 a
1739 3082 1897 3143 vulgo⁴
1909 3078 2140 3143 praecise,
2159 3083 2213 3125 et
2231 3078 2361 3148 licet
2380 3076 2527 3139 equis

1461 3159 1550 3208 isti
1591 3160 1860 3221 vehantur,
1880 3172 1982 3206 non
2023 3155 2217 3217 excipit
2240 3155 2366 3202 alios
2396 3152 2527 3201 Par-

1462 3233 1595 3296 thos,
1611 3234 1862 3282 incessum
1883 3237 2083 3280 tantum
2104 3229 2235 3291 regis
2258 3235 2311 3276 et
2333 3239 2525 3276 ceterae

1462 3310 1591 3357 aulae
1618 3306 1863 3357 comitum
1890 3320 1997 3368 prae
2022 3302 2183 3353 oculis
2202 3302 2400 3350 habuit.

1528 3384 1660 3445 Regi
1697 3382 1769 3443 vi]
1825 3380 1978 3445 Legit
2011 3378 2232 3442 Lipsius,
2264 3382 2310 3426 et
2348 3377 2437 3427 alii
2479 3377 2528 3426 ti

1465 3475 1705 3522 equorum,
1723 3458 1866 3523 quasi
1890 3455 2151 3520 proximus
2176 3454 2392 3518 quisque
2416 3454 2528 3518 regi

1467 3537 1626 3586 etiam
1671 3536 1947 3599 elephanto
1993 3532 2263 3592 insideret,
2311 3538 2371 3581 ut
2413 3532 2530 3580 Rex

1384 3651 1389 3656 .
1463 3612 1600 3677 ipse,
1636 3611 1723 3659 alii
1757 3611 1807 3658 in
1832 3608 1977 3675 equis
2021 3607 2258 3672 expediti
2296 3619 2532 3671 permea-

1462 3695 1583 3738 rent
1594 3686 1824 3748 fluvium,
1849 3694 1903 3734 et
1925 3684 2114 3750 probat
2138 3699 2203 3732 ex
2227 3684 2420 3733 Dione.

1525 3764 1629 3816 See]
1660 3765 1767 3814 Dio
1785 3764 1980 3813 diserte
2015 3763 2161 3824 dicit,
2202 3776 2377 3825 regem
2412 3775 2531 3811 vec-

1463 3851 1573 3893 tum
1595 3843 1893 3906 elephanto,
1914 3848 1972 3891 et
2002 3840 2128 3890 alios
2165 3847 2223 3887 ut
2264 3844 2532 3901 venerant,

1464 3934 1670 3983 nempe,
1683 3919 1822 3968 haud
1846 3918 2001 3967 dubie
2023 3918 2073 3965 in
2093 3916 2267 3980 equis:
2295 3921 2351 3964 et
2373 3929 2531 3964 vanus

1464 3996 1591 4054 Die,
1642 4002 1699 4045 ut
1743 4002 1797 4044 et
1841 3993 2099 4043 correctio
2142 3991 2325 4055 Lipsii.
2394 3992 2530 4040 Nam

1461 4074 1709 4137 proximus
1724 4072 1917 4135 quisque
1937 4069 2041 4132 regi
2058 4070 2106 4117 vi
2128 4082 2345 4132 equorum
2363 4082 2532 4131 perru-

1461 4164 1575 4212 pere
1608 4162 1806 4197 amnem
1840 4145 2133 4205 Arsaniam,
2158 4143 2246 4191 alii
2280 4158 2373 4206 per
2408 4157 2532 4206 pon·

1468 4231 1577 4274 tem
1613 4210 1869 4274 incessere
1904 4222 2060 4270 etiam
2092 4220 2144 4269 in
2187 4218 2347 4284 equis,
2380 4233 2532 4284 quem

1470 4299 1667 4351 firmum
1688 4299 1889 4365 experti
1904 4304 2041 4349 sunt.
2158 4293 2168 4306 ’
