3063 4952
2368 420 2544 489 1847-

332 587 638 658 ceretur,⁵
661 578 687 617 ⁶
715 580 830 664 qui
857 579 1233 645 attulissent
1260 579 1568 656 salutem,
1599 584 1666 643 et
1695 580 1811 662 qui
1842 579 2264 664 accepissent
2279 581 2332 645 'l’
2405 580 2543 648 His

288 739 291 742 ,
333 689 542 767 atque
570 685 818 747 talibus
861 684 928 746 in
978 701 1321 747 commune
1351 681 1638 760 alacreS,
1668 680 1770 767 (et
1797 691 2003 761 erant,
2049 703 2220 766 quos
2249 685 2545 767 pericula

329 786 606 852 flatrum
662 792 779 851 aut
831 786 1350 870 propinquorum
1410 786 1700 869 propriis
1761 787 2047 851 stimulis
2100 788 2539 868 incenderent)

333 891 724 954 continuum
753 887 892 954 diu⁶
920 894 1253 971 noctuque
1283 888 1403 952 iter
1432 890 1893 972 properabant.

421 991 530 1057 13.
577 991 807 1076 quue
855 993 1164 1057 intentius
1196 990 1566 1074 Vologeses
1612 1012 1905 1074 premere
1949 995 2313 1073 obsessoS,c
2341 993 2541 1060 modo

328 1095 582 1159 vallum
612 1097 967 1178 legionum,
991 1086 1192 1161 modo
1216 1092 1615 1173 castellum‚‘¹
1646 1116 1778 1178 quo
1809 1097 2093 1160 imbellis
2126 1104 2292 1161 aetas
2324 1098 2543 1163 defen-

331 1196 633 1276 debatur,
665 1207 1093 1283 appugnare‚¹
1115 1207 1138 1235 ⁶
1165 1199 1443 1283 propius
1476 1200 1813 1278 incedenS,
1836 1220 2039 1282 quam
2069 1220 2215 1264 mos
2246 1201 2540 1281 Parthis»,

333 1298 390 1365 si
443 1319 528 1364 ea
578 1303 938 1366 temeritate
984 1302 1241 1367 hostem
1292 1304 1358 1365 in
1406 1303 1712 1384 praelium
1763 1303 2047 1381 eliceret,
2137 1303 2233 1368 At
2281 1305 2378 1368 illi
2422 1305 2543 1370 vix

332 1404 786 1475 contuberniis
817 1406 1138 1471 extracti:
1183 1424 1307 1470 nec
1338 1400 1543 1469 aliud‘
1566 1424 1767 1488 quam
1811 1406 2214 1470 munimenta
2245 1427 2542 1492 propug-

327 440 605 507 ,πασῃ
954 424 963 433 “
1055 431 1472 483 ΛΝΝΑωυΜ
1530 432 1677 482 mn.
1726 432 1860 484 xv.

327 1615 545 1650 coronam
567 1603 765 1653 civicam
787 1605 1065 1654 obtineret.
1123 1604 1221 1653 His
1236 1609 1376 1668 atque
1395 1601 1631 1653 similibus
1648 1605 1909 1666 promiscue
1927 1604 2138 1667 incitati,
2160 1604 2232 1670 (et
2251 1611 2404 1669 eruut,
2427 1621 2544 1670 quos

304 1680 309 1685 ·
330 1665 574 1728 privatim
599 1671 873 1719 discrimina
883 1670 1100 1731 fratrum
1120 1676 1204 1719 aut
1222 1670 1547 1732 proximorum
1573 1671 1785 1733 propriis
1804 1669 2056 1734 affectibus
2073 1668 2352 1734 incitarent)
2378 1686 2543 1736 perpe·

294 1764 317 1775 ,
330 1736 466 1781 tuum
481 1731 580 1781 iter
598 1736 700 1782 dies
716 1741 957 1798 noctesque
977 1735 1311 1785 accelerabunt.

398 1796 600 1861 Ideoque
634 1801 792 1850 acrius
829 1803 1006 1851 instare
1051 1802 1298 1861 Vologeses
1335 1799 1546 1864 obsessis,
1569 1800 1808 1850 interdum
1843 1801 2066 1852 lacessere
2100 1805 2257 1851 costra
2290 1799 2545 1863 leg-ioum,

326 1860 569 1912 interdum
591 1880 762 1928 urcem,
778 1882 868 1930 qua
888 1865 1092 1916 imbellis
1106 1871 1224 1916 oetus
1239 1866 1502 1929 tegebatur,
1530 1868 1727 1930 propius
1740 1868 2001 1928 succedens,
2022 1883 2159 1930 quam
2180 1867 2358 1915 Parthi
2377 1868 2545 1930 solent,

328 1925 373 1974 si
395 1941 449 1975 eu
472 1931 695 1980 audentia
717 1931 896 1981 hostem
917 1934 978 1981 ad
999 1936 1232 1982 certamen
1248 1933 1509 1995 pelliceret.
1569 1936 1637 1981 At
1660 1931 1834 1980 illicia:
1856 1932 2075 1982 tentoriis
2096 1933 2271 1995 educti,
2288 1946 2369 1980 nec
2391 1932 2542 1994 uliud,

1257 2068 1612 2089 “OOOOOOOOOO

326 2151 418 2201 Ita
445 2150 578 2200 Mss.
602 2151 750 2201 Harl.
774 2153 925 2203 Bodl.
946 2153 1059 2205 JeS.
1075 2152 1231 2203 Corb.
1258 2160 1312 2203 et
1346 2159 1549 2203 veteres
1574 2152 1845 2203 editiones.
1913 2155 2171 2219 Corrupte
2194 2154 2244 2203 in
2269 2155 2372 2203 Ms.
2409 2154 2541 2219 Reg.

322 2231 416 2280 per
435 2231 594 2266 eorum
614 2232 855 2267 numerum
875 2218 1259 2282 adipiscerentur.
1323 2220 1386 2268 In
1409 2220 1510 2268 Ms.
1536 2219 1677 2268 Flor.
1696 2219 2012 2281 apisceretur.-
2045 2220 2179 2269 unde
2203 2218 2400 2268 frustra
2424 2220 2545 2283 Lip-

327 2282 435 2330 sius
473 2282 847 2333 Freinshemius
872 2284 1062 2348 aliique
1081 2289 1310 2343 tentant,
1329 2285 1634 2345 aspiceretur.
1702 2285 1896 2332 Locum
1918 2285 2056 2334 hune
2074 2285 2417 2334 obscur-avere
2439 2298 2545 2333 ma-

326 2347 408 2407 gis
449 2362 602 2410 qnam
625 2347 955 2399 illustravere
977 2348 1175 2425 eruditi
1208 2349 1437 2413 Ryckius
1475 2354 1531 2398 et
1569 2348 1839 2398 Ernestus.
1873 2349 2189 2399 Brotier.—6
2224 2350 2355 2399 Mss.
2392 2349 2541 2399 Harl.

326 2411 1161 2544 Βῖἀιὲἰΐεθῧοίἒὶξεῗιέῒέῗῖἓηὲἦῒξ.
1181 2479 1245 2529 In
1268 2480 1396 2529 Mss.
1419 2476 1546 2544 Agr.
1572 2479 1730 2541 Corb.
1751 2486 1806 2530 et
1822 2479 2052 2531 editione
2073 2480 2403 2546 principe,ad
2419 2495 2545 2546 pug-

1332 2612 1546 2664 No'rAE

392 2715 419 2742 ⁸
450 2708 641 2760 Servati
675 2710 817 2777 civis]
863 2712 948 2763 Sic
988 2713 1125 2764 Plin.
1168 2726 1311 2764 xxn.
1348 2718 1396 2764 4.
1477 2713 1696 2765 habetur
1730 2729 1776 2764 c.
1814 2717 1894 2762 10.
1926 2702 2172 2776 '‘Conj'ux
2196 2726 2256 2761 ac
2281 2710 2416 2768 filius
2435 2726 2546 2761 cas-

321 2787 339 2812 ‘
358 2787 416 2837 Si
452 2788 637 2839 civicae
671 2791 832 2841 honos
872 2807 974 2843 uno
1016 2793 1207 2858 aliquo,
1229 2808 1290 2843 ac
1313 2794 1399 2842 vel
1477 2790 1718 2856 tello,cui
1734 2788 2069 2841 Arsamosata
2085 2803 2273 2839 nomen
2288 2796 2389 2854 est,
2402 2787 2546 2839 abdi-

322 2865 613 2932 humillimo
638 2867 752 2917 cive
767 2876 993 2933 servato,
1017 2872 1298 2934 praeclarus
1320 2885 1397 2919 sa·
1479 2866 1555 2932 ti,'
1571 2871 1670 2919 &c-

1544 2953 1564 2978 Ε
1609 2943 1923 3011 Appugnare]
1973 2943 2281 3009 Appugnore,
2321 2958 2422 2993 non
2463 2959 2544 3008 op-

1471 3039 1703 3088 pugnare.
1771 3023 1932 3074 Nulla
1977 3022 2170 3087 quippe
2212 3019 2418 3069 Parthis
2459 3034 2545 3070 co-

1475 3101 1643 3151 minus
1686 3100 1905 3150 audacia
1943 3099 2008 3148 ad
2045 3098 2374 3162 exequendas
2409 3096 2547 3146 obsi·

324 2957 523 3009 cerque
547 2945 787 3010 habetur,
808 2948 896 3012 qui
922 2948 1133 2999 tandem
1152 2948 1397 3000 aestimari

324 3019 490 3072 debet
525 3023 674 3072 unius
701 3024 899 3075 virtute
933 3035 1168 3077 servatus
1193 3027 1395 3076 univer-

328 3113 417 3147 sus
439 3101 700 3151 exercitus
716 3102 748 3149 ?’

388 3174 412 3209 ὗ
443 3178 772 3243 Apisceretur]
808 3180 915 3232 Alii
948 3181 1398 3247 leguntfflspicere.
1476 3177 1676 3227 diones.
1744 3175 1994 3226 Attamen
2028 3175 2193 3226 acrius
2239 3182 2348 3225 tum
2388 3175 2546 3225 insta-

322 3258 423 3316 tur,
457 3254 670 3306 frustra.
737 3257 872 3306 Nam
901 3273 995 3324 par
1036 3266 1119 3309 est
1157 3274 1396 3309 numerus

324 3346 524 3395 eorum,
551 3348 758 3399 nempe,
785 3335 871 3400 qui
914 3337 1071 3386 decus
1111 3342 1168 3385 et
1204 3336 1398 3385 servati

321 3409 448 3460 civis
472 3426 716 3462 coronam
736 3413 1112 3478 adipiscuntur,
1137 3419 1191 3463 et
1225 3413 1398 3462 obses·

320 3486 391 3536 sis
438 3487 660 3537 salutem
711 3488 955 3555 afferunt,
1012 3505 1128 3540 cum
1182 3505 1398 3542 numero

320 3563 533 3614 illorum
557 3566 765 3630 civium,
797 3567 884 3632 qui
909 3573 1201 3632 servantur,
1232 3575 1288 3617 et
1320 3582 1397 3617 sa·

321 3642 489 3696 lutem
514 3643 796 3708 accipiunt,
810 3646 937 3710 ,qnia
955 3661 1146 3711 nempe
1166 3645 1396 3710 legiones

321 3718 575 3770 Romanae
596 3736 611 3781 ;
643 3722 869 3786 legiones
888 3725 1146 3774 Romanas
1165 3724 1397 3775 obsessas

323 3802 542 3845 servant
576 3797 672 3848 hoc
695 3813 838 3850 casu.

354 3915 361 3918 .
387 3880 411 3907 ⁰
471 3874 715 3939 Obsessos]
772 3877 1029 3942 Intelligit
1072 3880 1304 3943 legiones
1341 3880 1395 3928 in

321 3951 461 4001 vallo
485 3966 578 4000 suo
595 3952 849 4017 obsessas,
871 3969 989 4003 nam
1012 3956 1245 4019 Tacitus,
1260 3958 1393 4006 modo

320 4030 500 4085 vallum
516 4028 756 4090 legionum
767 4046 788 4089 ,-
821 4039 876 4079 et
900 4044 1112 4080 uxorem
1129 4030 1392 4097 filiumque

322 4105 471 4156 ducis
495 4120 612 4155 cum
646 4107 835 4156 ceteris
858 4105 1082 4157 foeminis
1112 4124 1173 4158 ac
1196 4110 1389 4173 pueris,

321 4183 414 4251 qui
437 4185 658 4235 castello
678 4185 1010 4240 Arsamosata
1025 4188 1188 4239 clausi
1205 4205 1261 4238 se
1279 4196 1391 4239 tue·

321 4258 533 4312 bantur.

1475 3253 1605 3304 bant
1626 3253 1812 3304 Parthi
1833 3268 1986 3319 quam
2026 3268 2122 3316 pro
2147 3267 2305 3302 more.
2357 3251 2545 3317 Itaque

1474 3345 1581 3380 non
1619 3345 1827 3395 prorsus
1870 3319 2105 3392 improbo
2149 3343 2328 3378 vocem
2370 3344 2570 3410 oppane--

1477 3422 1610 3456 nare.

1545 3481 1564 3516 f
1591 3485 1695 3534 Nec
1710 3483 1864 3547 aliud]
1900 3484 2039 3536 Quia
2070 3497 2257 3547 nempe
2296 3498 2325 3533 e
2360 3482 2546 3533 castris

1478 3577 1754 3627 erumpere
1774 3562 2019 3612 adversus
2041 3563 2216 3612 hostes
2233 3562 2549 3625 debuerunt,

1478 3648 1533 3691 et
1575 3657 1671 3707 pro
1710 3639 2039 3691 munimentis
2082 3639 2373 3702 decertare,
2413 3653 2547 3702 prae-

1477 3719 1656 3769 sertim
1681 3717 1928 3769 adversus
1964 3718 2206 3781 Parthos,
2230 3718 2319 3782 qui
2343 3716 2393 3766 in
2415 3715 2548 3765 obsi-

1478 3796 1651 3846 dendo
1674 3795 1786 3847 fere
1816 3797 2071 3860 imbelles,
2113 3796 2317 3860 sagittis
2339 3801 2546 3844 tantum

1477 3881 1800 3939 appugnant‚
1825 3876 1985 3924 veluti
2009 3873 2204 3925 cursim
2243 3880 2295 3922 et
2329 3873 2548 3921 circum-

1477 3952 1742 4002 volitando
1782 3955 1833 4001 in
1873 3937 2041 4017 equisJ
2060 3951 2150 4001 sed
2175 3949 2417 4000 obstabat
2441 3962 2546 3997 me·

1475 4036 1559 4079 tus
1584 4036 1638 4079 et
1659 4029 1882 4092 ignavia.

1538 4108 1756 4172 Egregie
1789 4108 1907 4156 olim
1945 4104 2239 4168 Ventidius,
2276 4117 2391 4152 cum
2428 4116 2543 4152 cas·

1471 4191 1571 4256 tris
1599 4191 1748 4239 Rom.
1771 4195 2132 4253 appugnarent
2162 4185 2367 4249 Parthi,
2410 4186 2546 4236 duce

1473 4268 1697 4333 Pacoro,
1735 4267 1907 4317 subita
1942 4265 2216 4329 eruptione
2252 4262 2415 4328 facta,
2453 4278 2544 4313 eos

388 4336 415 4371 ‘¹
449 4340 739 4414 Castellum]
765 4341 1026 4409 Intelligit
1063 4344 1201 4410 quod
1234 4360 1394 4411 supra
1456 4346 1758 4401 debellavit.
1778 4341 2196 4411 profligavitque,
2217 4344 2422 4396 Pacoro
2461 4342 2541 4408 ip·
