3063 4952
2368 422 2543 496 1393·

337 576 520 666 aequo
572 574 956 668 pollebant:
1034 582 1287 649 Burrus
1335 583 1733 650 militaribus
1784 586 1997 651 curis·
2054 590 2123 652 et
2192 590 2539 656 severitate

340 431 389 493 sl
411 434 466 492 c,
485 440 611 505 5η
1002 430 1419 489 Amanum
1454 412 1616 487 ΜΒ.
1663 434 1839 490 xiii.

328 765 696 832 ritatis‚dioersa
716 769 915 830 ratione,
933 774 1106 821 tamen
1124 771 1322 837 perinde
1342 773 1494 823 ambo
1515 771 1734 823 valebant
1751 789 1769 821 .-
1801 772 2024 824 Burrum
2044 772 2251 825 militari
2270 772 2539 841 disciplina,

1245 938 1605 959 WO‘O‘mO

328 1060 430 1118 nus,
450 1059 500 1104 et
533 1056 644 1119 pari
668 1052 720 1105 in
743 1057 965 1108 societate
998 1060 1313 1124 potentiaque.
1380 1057 1704 1108 Boxhornius
1725 1058 1924 1123 optime
1946 1064 2105 1125 atque
2146 1075 2213 1109 ex
2248 1073 2345 1109 usu
2366 1060 2538 1111 Taciti

328 1134 413 1184 pro
430 1136 604 1184 parum
629 1123 707 1170 vel
731 1123 839 1183 pari
861 1126 1158 1175 emendavit
1176 1141 1352 1175 rarum.
1418 1125 1598 1174 Voluit
1617 1140 1823 1189 quoque
1843 1126 2086 1188 potentem,
2113 1125 2265 1190 idque
2296 1126 2534 1177 omnibus

326 1186 611 1249 probatum.
680 1188 834 1237 Forte
860 1198 1030 1239 tamen
1052 1191 1330 1255 scripserat
1352 1190 1566 1240 Tacitus
1590 1192 1810 1253 societate
1831 1195 1877 1238 et
1897 1192 2112 1253 potentia
2128 1207 2144 1239 .·
2178 1205 2296 1240 rara
2320 1191 2454 1240 enim
2477 1192 2533 1240 in

327 1256 536 1316 utraque
573 1253 869 1303 concordia.
936 1254 1228 1307 Infeliciter
1254 1257 1474 1318 Lipsius,
1496 1254 1628 1318 poris
1663 1256 1714 1303 in
1748 1256 1971 1305 societate
2004 1257 2244 1318 potentiae.
2302 1256 2536 1309 Brotier.

325 1314 453 1366 Ante
473 1317 566 1366 hic
590 1318 874 1369 edebatur:
927 1327 977 1370 et
1008 1323 1119 1385 pari
1153 1323 1204 1371 in
1237 1322 1461 1372 societate
1491 1323 1719 1384 potentia
1739 1337 1784 1370 c.
1824 1336 1890 1369 ex
1915 1322 2256 1385 castigatione
2284 1321 2536 1384 Rhenani,

322 1395 429 1431 cum
452 1390 580 1432 ante
601 1398 720 1432 eum
743 1401 755 1434 ε
790 1390 839 1433 et
871 1388 981 1449 pari
1000 1387 1051 1437 in
1071 1388 1295 1437 societate
1331 1387 1629 1451 potentiaque
1651 1402 1693 1435 c.
1761 1386 1864 1435 Sed
1888 1401 2003 1436 cum
2024 1387 2076 1435 in
2103 1385 2203 1436 Ms.
2228 1387 2366 1436 Flor.
2392 1388 2535 1452 lega·

323 1453 433 1496 tur:
468 1456 522 1499 et
561 1465 727 1512 porum
747 1450 801 1499 in
821 1453 1039 1504 societate
1072 1453 1284 1518 potentia
1304 1460 1351 1503 et
1373 1468 1415 1502 c.
1466 1453 1517 1500 in
1547 1453 1675 1515 Reg.
1701 1457 1756 1501 et
1789 1467 1934 1501 meo:
1974 1457 2021 1501 et
2049 1467 2219 1516 parum
2237 1452 2288 1501 in
2309 1453 2536 1503 societate

320 1516 363 1562 et
379 1515 598 1577 potentia
619 1532 660 1564 c.
694 1530 794 1565 non
821 1518 1021 1581 dubito,
1043 1521 1165 1583 quin
1201 1534 1325 1568 vera
1357 1519 1616 1579 scriptura
1638 1517 1726 1580 sit,
1747 1516 1856 1566 visa
1877 1516 2078 1581 pridem
2104 1517 2429 1569 Boxbornioz
2467 1523 2536 1581 et,

318 1593 472 1629 rorum
496 1581 555 1629 in
574 1582 797 1631 societate
812 1584 1055 1647 potentie,
1075 1586 1333 1635 concordes.
1397 1584 1542 1634 Solet
1565 1582 1702 1631 enim
1726 1582 1801 1631 ita
1822 1582 1919 1631 hoc
1941 1582 2272 1643 interserere,
2293 1590 2352 1634 ut
2385 1596 2426 1632 ι.
2449 1585 2534 1633 ⁸9.

320 1653 369 1692 et
407 1651 487 1695 56.
551 1660 629 1695 vr.
670 1651 750 1696 10.
840 1649 994 1697 Hanc
1037 1650 1451 1700 emendationem
1496 1648 1852 1712 probaverunt
1889 1648 2141 1697 Nicolaus
2185 1647 2434 1699 Heinsius
2478 1653 2536 1698 et

320 1709 365 1760 J.
386 1711 443 1761 F.
466 1712 785 1762 Gronovius.
830 1715 1061 1779 Ryckius.
1127 1716 1419 1767 Gronovius
1441 1713 1597 1764 habet
1616 1719 1665 1763 et
1690 1714 1803 1779 pori
1820 1714 1873 1763 in
1901 1714 2141 1764 societate.

1318 1896 1531 1952 NOTAE

320 2038 443 2098 cum,
479 2033 591 2084 uisi
626 2043 862 2088 moneret
896 2037 1062 2089 codex
1099 2039 1232 2091 Flor.
1298 2039 1387 2089 Ita

317 2110 414 2175 ille,
446 2118 497 2163 et
548 2128 720 2177 parum
742 2115 793 2165 in
831 2118 1055 2167 societate
1088 2117 1302 2182 potentia
1336 2122 1415 2169 et.

645 2192 795 2242 Unde
815 2191 971 2244 facile
994 2202 1050 2245 et
1078 2194 1385 2258 elegantius,
1426 2219 1435 2228 ·

315 2183 577 2240 concordes.

317 2263 406 2314 nisi
427 2265 609 2332 fallor,
630 2270 961 2334 rescripseris
980 2288 994 2333 ;
1030 2276 1078 2321 et
1097 2272 1314 2336 (rarum,
1334 2271 1387 2320 in

314 2344 536 2394 wcietate
587 2347 852 2412 potentio.)
908 2351 1171 2399 concordes.
1251 2348 1388 2397 Box-

314 2419 542 2473 homins,

369 2501 649 2566 Feliciter,
689 2510 748 2552 ut
786 2509 934 2568 puto.
999 2505 1086 2556 Sic
1108 2505 1323 2556 Tacitus
1347 2519 1387 2557 1.

310 2576 438 2630 Ann.
473 2583 488 2609 ‘
522 2581 602 2631 ‘Ni
649 2580 893 2646 aquilifer
933 2583 1240 2648 Calpurnius
1281 2583 1385 2633 vim

312 2659 602 2707 extremam
625 2659 891 2724 arcuisset,
912 2659 1107 2726 (rarum
1133 2662 1289 2711 etiam
1310 2661 1386 2710 in-

309 2741 382 2784 ter
423 2732 642 2800 hostes)
692 2737 889 2800 legatus
931 2738 1122 2804 Populi
1166 2738 1385 2804 Romani

311 2811 563 2864 Romanis·
585 2815 634 2862 in
659 2814 845 2864 castris
868 2816 1116 2880 sauguine
1141 2831 1231 2865 suo
1256 2816 1387 2865 alta·

308 2889 380 2938 ria
411 2893 600 2941 Deum
636 2892 1154 2943 commaculavisset.’
1215 2894 1383 2943 Item:

308 2968 478 3019 ‘Nam
500 2968 714 3036 (rarum
751 2969 828 3018 illi
864 2966 1021 3035 coelo)
1055 2968 1294 3020 siccitate
1330 2975 1386 3046 et

309 3046 547 3097 mnibus
570 3045 807 3112 modicis,
821 3046 1129 3098 inoffensum
1150 3049 1250 3098 iter
1269 3063 1393 3113 pro·-

309 3124 628 3187 peraverat.’

368 3202 486 3252 Lib.
509 3218 592 3253 vr.
619 3201 636 3229 ‘
661 3203 770 3253 Per
790 3203 925 3252 idem
950 3210 1154 3266 tempus
1176 3203 1236 3253 L.
1257 3203 1383 3252 Piso

307 3271 554 3331 Pontifex
576 3283 777 3346 (rarum
803 3281 855 3332 in
880 3288 1027 3332 tanta
1049 3279 1383 3347 claritudine)

306 3356 412 3409 fato
435 3360 607 3410 obiit.’
678 3360 907 3416 Gronov..

368 3436 637 3503 Quicquid
663 3437 861 3502 dicant,
882 3444 1091 3489 maneat
1113 3438 1384 3488 inviolatus

306 3510 543 3563 Tacitus.
637 3514 849 3577 Quippe
895 3514 937 3563 si
972 3515 1070 3564 hoc
1107 3516 1250 3578 licet,
1272 3515 1382 3579 jam

307 3603 405 3639 non
428 3598 749 3654 agnoscetur
769 3592 977 3641 Tacitus
1000 3591 1051 3639 in
1076 3592 1284 3641 Tacito.

366 3667 495 3717 Pari
533 3669 585 3717 in
617 3668 846 3717 societate
881 3668 1133 3732 potentiae]
1201 3668 1380 3718 Bene:

306 3744 377 3794 sic
418 3746 640 3810 scripsit
671 3746 908 3810 Tacitus,
931 3746 1028 3795 nisi
1064 3746 1187 3795 mihi
1223 3760 1383 3811 oppo-

301 3827 459 3871 natur
496 3823 606 3872 Ms.
674 3822 979 3887 Intelligere
1020 3831 1188 3887 potes,
1224 3824 1278 3872 in
1313 3839 1384 3872 so-

303 3898 478 3948 cietate
510 3901 648 3962 paris
673 3900 903 3963 potentioe
921 3901 1165 3949 concordes
1187 3898 1383 3962 fuisse3

303 3982 359 4025 et
381 3976 507 4041 quia
535 3991 627 4039 par
654 3977 909 4039 potentia,
929 3977 1004 4025 sic
1029 3985 1085 4026 et
1110 3993 1201 4042 par
1226 3978 1386 4027 socie-

300 4057 382 4101 tas
404 4051 514 4101 fuit
535 4069 550 4101 ε
587 4053 817 4118 alioquin
841 4054 928 4102 ubi
950 4053 1114 4117 impar
1131 4053 1386 4119 potentia,

299 4126 374 4177 ibi
417 4128 587 4177 etiam
627 4129 898 4192 inaequalis
938 4130 1162 4180 societas
1205 4128 1384 4180 fuerit.

300 4203 482 4269 Igitur
505 4219 604 4268 par
625 4206 849 4255 societas
867 4206 1055 4256 Burrhi
1079 4215 1134 4257 et
1152 4208 1386 4271 Senecae,

300 4293 397 4344 par
422 4289 480 4332 et
505 4283 775 4344 potentia;
813 4283 905 4332 sed
930 4291 1102 4334 tamen
1136 4287 1152 4314 ‘
1178 4286 1385 4337 diversa

305 4364 420 4409 arte
445 4374 520 4407 ex
544 4374 692 4424 aequo
716 4360 1000 4424 pollebant,
1038 4363 1274 4414 Burrhus
1296 4364 1388 4413 mi-

438 4441 630 4505 Delph.
650 4447 700 4493 et
730 4443 844 4494 Var.
864 4443 993 4497 Clas.

1336 4447 1491 4500 Tacit.

1468 2035 1709 2087 litai-ibus
1733 2028 1892 2099 curis,
1915 2039 2014 2087 &c.
2078 2036 2281 2088 Seneca
2303 2050 2537 2105 praecep·

1468 2114 1536 2164 tis
1560 2112 1905 2178 eloquentiae?

1533 2192 1602 2239 Et
1624 2190 1802 2250 miror,
1823 2188 1960 2255 quod
1995 2189 2309 2254 interpretes
2331 2190 2544 2256 elegen-¹

1468 2273 1576 2316 tem
1609 2265 1905 2315 antithesim
1928 2265 2048 2315 hinc
2074 2266 2260 2316 tollere
2283 2267 2539 2332 cogitent,

1462 2343 1574 2408 pari
1606 2343 1659 2392 iu
1696 2343 1936 2408 societate,
1956 2345 2039 2405 irc.
2076 2345 2262 2394 diverso
2298 2351 2420 2409 orte,
2453 2349 2545 2411 &scr

1465 2435 1582 2472 cum
1623 2428 1678 2470 et
1715 2421 1815 2470 alia
1850 2421 2029 2471 similis
2068 2423 2242 2471 statim
2277 2429 2538 2487 occurrat,

1466 2501 1693 2551 Buri-hus
1713 2499 2002 2549 militaribus
2036 2500 2164 2549 curis
2202 2504 2249 2549 et
2289 2501 2546 2550 severitate

1463 2593 1647 2628 morum
1657 2593 1677 2636 ,-
1710 2577 1887 2626 Seneca
1907 2576 2159 2641 praeceptis
2180 2577 2468 2643 eloquentia»,
2491 2582 2542 2628 et

1463 2656 1688 2706 comitate
1708 2655 1917 2705 honesta.

1528 2740 1554 2766 ¹¹
1610 2734 1802 2783 Burrus
1855 2729 2143 2781 militaribus
2194 2729 2347 2794 curis]
2415 2731 2538 2781 Non

1465 2811 1707 2876 praecise,
1731 2809 1870 2875 quod
1910 2817 2049 2859 artes
2089 2808 2303 2859 bellicas
2327 2808 2542 2860 doceret

1467 2888 1751 2951 Neronem,
1789 2894 1849 2938 ut
1885 2888 2087 2937 Seneca
2125 2887 2307 2937 literas
2341 2892 2396 2937 et
2438 2887 2542 2937 elo-

1465 2968 1725 3033 quentiam
1746 2985 1760 3029 ;
1788 2969 1976 3018 nullam
1996 2968 2130 3017 enim
2150 2967 2541 3032 expeditionem

1462 3059 1561 3111 per
1592 3061 1647 3095 se
1683 3047 1916 3110 suscepit
1950 3046 2114 3096 Nero.
2181 3043 2283 3094 Sed
2308 3045 2400 3107 sic,
2421 3044 2543 3109 quia

1462 3134 1714 3189 expertus
1735 3126 1934 3176 militiae
1961 3131 2016 3175 et
2037 3139 2225 3191 magna
2254 3124 2381 3175 belli
2402 3123 2542 3175 fama

1462 3203 1716 3253 Burrlius.

1484 3287 1491 3293 '
1523 3272 1632 3332 'Sed
1660 3281 1779 3347 quia
1796 3279 2112 3346 praetoriano
2129 3278 2279 3329 militi
2296 3284 2542 3344 praeerat,

1464 3366 1519 3410 et
1565 3360 1686 3425 quia
1725 3360 1939 3410 consilio
1980 3356 2374 3414 administrandi
2413 3356 2544 3406 belli¹

1463 3428 1801 3502 praesidebat.
1900 3436 2086 3500 Sicque
2134 3431 2356 3497 regebat
2388 3432 2539 3496 juva·

1460 3513 1658 3578 batque
1683 3514 1944 3563 Neronem
1963 3511 2249 3561 militaribus
2267 3509 2397 3560 curis
2420 3524 2542 3560 con·

1464 3591 1710 3657 siliisque.

1531 3670 1652 3719 Nou
1677 3668 1854 3741 etiam,⁸
1878 3665 2014 3734 quod
2045 3664 2328 3748 praefectus
2350 3671 2544 3731 praeto·

1466 3746 1561 3810 rie,
1584 3745 1767 3794 castris
1792 3752 1846 3795 et
1867 3745 2159 3809 legionibus
2181 3759 2294 3808 ,per
2331 3743 2540 3809 provin-

1466 3824 1575 3874 cias
1614 3822 1883 3886 dispositis
1921 3822 2236 3886 imperaret:
2292 3835 2409 3886 quae
2451 3834 2542 3884 po-

1467 3905 1629 3949 testas
1670 3906 1858 3963 postea
1901 3897 2002 3949 fuit
2047 3912 2207 3963 penes
2261 3895 2541 3962 praefectos

1465 3985 1621 4042 praet.
1661 3976 1753 4024 sed
1792 3983 1900 4026 tum
1924 3977 2020 4027 sub
2045 3976 2223 4041 primis
2250 3969 2556 4025 Caesaribus'

1448 4069 1531 4108 „ea
1552 4059 1787 4128 potestas
1811 4054 2077 4118 incognita
2100 4061 2154 4102 et
2174 4051 2425 4102 inaudita.
2469 4051 2542 4101 Et

1465 4132 1581 4197 quis
1609 4132 1834 4195 prudens
1860 4132 1987 4181 talia
2005 4138 2250 4195 tantaque
2268 4129 2543 4180 mandaret

1464 4210 1628 4274 equiti
1657 4209 1925 4259 Romano?
1959 4209 2042 4258 An
2067 4222 2225 4271 eques
2247 4209 2397 4256 Rom.
2422 4220 2544 4256 con-

1464 4289 1720 4340 sularibus
1744 4289 1863 4339 viris
1887 4294 1939 4336 et
1961 4281 2356 4351 proconsulibus
2380 4284 2542 4350 impe-

1464 4366 1588 4416 ret?
1622 4364 1868 4432 praefecti
1889 4363 1963 4413 illi
1986 4368 2235 4428 equestres.

2303 4447 2336 4493 ⁴
2368 4443 2412 4491 Τ
