3063 4952
437 373 613 444 1772
1152 389 1219 438 c.
1266 384 1632 437 comuntur
1680 384 1936 434 'rac1'r1

2327 386 2422 453 [A.
2446 386 2519 437 U.
2544 389 2662 435 sm.

441 538 723 607 ditaea4¹
770 538 857 602 ab
908 556 989 601 eo
1029 555 1301 600 munera
1343 533 1701 616 PrincipiS,
1738 536 1807 596 et
1835 528 2418 613 adipiscendorum
2448 530 2663 606 hono-

439 666 582 710 rum
603 643 719 728 jus
739 642 776 707 :⁹
819 662 970 725 quae
1003 659 1212 704 causa
1233 638 1487 702 Neroni
1517 638 1647 701 fuit
1674 633 2084 719 suscipiendi
2109 632 2354 718 judicii
2378 639 2468 696 :⁵²
2499 651 2658 695 con-

441 749 825 829 victumque
854 743 1285 809 Veientonem
1316 741 1517 804 Italia
1549 738 1823 823 depulit,
1853 744 1921 800 et
1947 737 2152 801 libros
2181 736 2374 799 exuri
2395 729 2666 818 jussit,b

445 930 536 989 riS,
552 930 705 993 etjus
729 923 1122 979 obtinendarum
1148 927 1454 989 dignitatum
1477 945 1489 976 :
1511 925 1739 990 qundfuit
1758 924 1811 973 in
1832 939 1994 985 causa,
2011 937 2096 970 cur
2115 920 2333 984 princeps
2330 918 2578 993 judicium
2590 932 2671 965 ca·
2705 920 2713 929 '

440 1000 647 1058 pecseret
661 1012 678 1044 .·
723 1001 1094 1059 compertumque
1112 995 1276 1043 delicti
1304 994 1603 1043 Veientonem
1625 991 1775 1040 Italia
1805 991 1957 1052 ejme,
1990 993 2039 1037 et
2062 986 2211 1047 jussit
2245 983 2455 1034 cremari
2498 983 2669 1043 ltbros,

1358 1124 1363 1129 “
1371 1121 1636 1139 ‘OO‘OO‘OO
1644 1119 1730 1138 ‘O‘

447 1221 601 1267 men;
652 1221 823 1255 rarum
859 1207 1115 1255 Taliorum
1155 1212 1245 1254 aut
1265 1204 1564 1254 Tailiorum.
1630 1203 1944 1252 Brona—4
1978 1198 2200 1252 Quidam
2228 1197 2356 1246 MsS.
2378 1195 2633 1244 vendicata
2656 1211 2671 1242 .-

444 1273 598 1322 male.
635 1274 925 1323 Emesa—5
963 1269 1141 1321 Gueif.
1171 1272 1267 1321 Ms.
1296 1270 1484 1320 indicii.

1454 1403 1500 1451 N
1506 1400 1670 1451 OTAE

514 1510 535 1534 ¹
562 1502 851 1566 -Vendituta]
918 1502 1164 1563 vertunt,
1188 1490 1401 1550 vendita
1426 1516 1516 1549 seu

451 1582 780 1642 venundata3
823 1588 967 1645 puto,
989 1581 1153 1630 instar
1173 1594 1368 1641 eorum,
1390 1593 1516 1644 quos

452 1650 593 1704 fumo
646 1658 882 1706 enecavit
939 1657 1237 1706 Alexander
1279 1658 1519 1718 Severus,

454 1732 590 1796 quod
628 1731 821 1782 fumum
863 1735 992 1782 aulae
1024 1734 1393 1791 vendidissent,
1427 1747 1517 1781 seu

455 1809 829 1860 venditassent.
926 1811 1080 1872 Sunt,
1148 1810 1237 1875 qui
1298 1811 1519 1873 gratiam

452 1886 750 1950 principum
791 1888 867 1936 sic
902 1886 1186 1949 venditant,
1222 1886 1308 1951 qui
1349 1894 1519 1935 tamen

456 1963 682 2025 pretinm
705 1978 882 2012 verum
904 1964 1223 2028 solidumque
1259 1964 1522 2026 accipiunt

459 2052 553 2102 pro
577 2037 718 2088 fumo
758 2056 880 2089 suo:
939 2049 1065 2103 puto
1104 2042 1174 2090 sic
1211 2056 1265 2089 se
1305 2041 1524 2104 gessisse

1599 1498 1785 1549 bieno:
1820 1499 1836 1526 ‘
1858 1498 1921 1547 In
1955 1497 2091 1545 hunc
2116 1493 2338 1558 primum
2367 1488 2676 1552 excogitata

1599 1584 1680 1625 est
1715 1590 1850 1624 nova
1874 1588 2044 1638 poena.
2110 1568 2372 1620 Effectum
2408 1573 2492 1615 est
2533 1565 2671 1613 enim

1599 1667 1695 1716 per
1716 1651 1970 1710 inimicos,
1995 1655 2052 1697 ut
2089 1661 2267 1695 omnes
2302 1644 2418 1708 ejus
2455 1642 2575 1691 libri
2599 1641 2675 1689 in-

1600 1729 1966 1778 cenderentur.
2048 1726 2150 1773 Res
2185 1736 2320 1771 nova
2355 1726 2413 1768 et
2451 1719 2678 1779 insueta,

1599 1805 1854 1869 supplicia
1877 1802 1943 1852 de
1966 1800 2151 1851 studiis
2173 1797 2328 1847 sumi.
2392 1797 2546 1844 Bono
2567 1797 2681 1843 her·

1602 1886 1718 1934 cuie
1742 1883 1973 1947 publico,
1994 1881 2096 1928 ista
2115 1878 2167 1927 in
2202 1890 2381 1940 poenas
2410 1873 2680 1939 ingeniosa

1602 1961 1885 2011 crudelitas
1924 1964 2020 2006 est.
2086 1953 2225 2004 Quid
2264 1951 2402 2000 euim
2440 1947 2679 1998 futurum

1601 2039 1718 2098 suit,
1738 2039 1782 2087 si
1805 2038 2065 2102 ingenium
2091 2030 2357 2083 Ciceronis
2396 2025 2682 2077 triumviris

456 2116 731 2179 hominem,
753 2118 836 2182 qui
874 2118 959 2165 hic
982 2117 1312 2178 redarguitur
1332 2132 1361 2164 a
1386 2108 1525 2180 prin-

460 2191 598 2257 cipe,
622 2194 943 2243 convincitur
963 2203 1018 2243 et
1041 2195 1270 2258 punitur.

528 2270 643 2319 Nec
665 2279 813 2334 puto,
843 2271 1050 2320 sibimet
1072 2285 1336 2333 arrogasse
1361 2270 1525 2334 ipsum

462 2347 550 2396 illa
594 2362 805 2397 munera
843 2350 1032 2414 jusque
1079 2349 1527 2412 adipiscendarum

462 2415 772 2489 dignitatum
794 2443 807 2475 :
863 2426 1106 2492 quicquid
1130 2426 1216 2490 sit,
1241 2425 1528 2475 venditavit

462 2504 676 2566 gratiam
716 2504 976 2568 principis,
1010 2506 1090 2553 vel
1131 2512 1371 2568 tauquam
1408 2503 1526 2552 sibi·

463 2588 571 2630 met
593 2580 721 2645 ipse,
746 2581 825 2631 vel
849 2583 957 2630 aliis
976 2583 1136 2630 etiam
1160 2582 1384 2630 tribuere
1411 2597 1525 2644 pos-

459 2665 576 2707 set:
613 2656 751 2708 forte
771 2666 968 2720 tantum
985 2660 1219 2722 jactarat
1239 2674 1302 2706 ea
1318 2673 1529 2708 munera

465 2734 734 2797 principis,
759 2735 902 2798 quasi
927 2736 1001 2783 sui
1029 2734 1233 2783 arbitrii
1257 2742 1452 2794 essent,
1473 2733 1526 2782 id

466 2816 569 2870 est,
606 2812 810 2859 venalia
849 2825 912 2859 ea
954 2808 1226 2873 offerebat,
1265 2818 1322 2860 et
1360 2811 1528 2873 pretio

466 2887 774 2949 exponebat.

531 2972 555 2996 ²
609 2954 907 3026 Suscipiendi
937 2963 1139 3027 judicii]
1214 2965 1331 3014 Nou
1375 2963 1531 3029 quod,

471 3037 672 3102 opinor,
710 3039 821 3101 ipse
859 3040 1001 3087 litem
1043 3040 1389 3102 dijudicaret3
1440 3040 1531 3089 sed

469 3114 592 3180 quia
608 3131 701 3164 sua
720 3130 799 3165 res
814 3116 998 3180 partim
1012 3118 1279 3179 agebatur,
1294 3119 1409 3168 ideo
1421 3133 1530 3166 sese

471 3191 749 3242 immiscuit
774 3193 852 3242 liti
878 3194 1038 3252 Nero,
1070 3195 1363 3257 sategitque
1390 3194 1530 3257 judi·

471 3267 627 3331 cii,ut
648 3269 736 3318 ille
760 3266 887 3318 fumi
910 3270 1061 3320 aulici
1082 3270 1375 3319 venditator
1398 3272 1531 3318 dam·

471 3351 682 3394 naretur
705 3362 717 3394 ε
756 3348 906 3394 aliter
929 3361 1031 3394 non
1056 3347 1348 3409 sategisset,
1373 3346 1438 3395 de
1460 3346 1533 3394 in-

464 3421 621 3485 juriis
677 3431 883 3488 patrum
925 3423 1060 3474 forte
1104 3440 1207 3473 non
1260 3424 1535 3473 admodum

474 3495 654 3548 anxius
696 3503 855 3550 Nero.
932 3502 1070 3551 O'tim
1111 3502 1371 3564 Augustus
1406 3510 1536 3551 teste

474 3575 691 3625 Suetou.
730 3584 811 3626 55.
845 3579 859 3604 ‘
886 3578 949 3626 Id
988 3581 1141 3627 modo
1181 3580 1384 3628 censuit
1420 3594 1539 3641 cog·

475 3651 789 3706 noscendum
835 3655 1048 3717 posthac
1076 3655 1138 3703 de
1166 3656 1229 3704 iis
1265 3655 1353 3719 qui
1391 3654 1540 3702 libel·

477 3727 557 3776 los
580 3735 670 3776 aut
694 3730 924 3778 carmina
961 3732 1024 3778 ad
1063 3730 1324 3780 infamiam
1371 3731 1543 3793 cujus·

477 3803 617 3869 piam
641 3804 735 3853 sub
758 3805 924 3853 alieno
964 3807 1169 3855 nomine
1207 3805 1401 3855 edant.'
1471 3808 1541 3855 Et

477 3880 618 3943 apud
643 3881 930 3929 Domitian.
954 3882 1099 3931 Suet.
1124 3887 1171 3932 8.
1203 3885 1218 3909 ‘
1241 3882 1448 3946 Scripta
1467 3881 1543 3930 fa·

478 3949 622 4006 mosa
640 3961 892 4023 vulgoque
909 3961 1068 4018 edita,
1087 3960 1271 4023 quibus
1296 3961 1543 4021 primores

480 4034 578 4084 viri
611 4050 672 4086 ac
704 4035 910 4085 foeminu
946 4038 1278 4095 notabantur,
1302 4036 1546 4100 abolevit,

482 4124 582 4171 non
606 4114 716 4161 siue
739 4125 1003 4163 auctorum
1034 4113 1348 4176 ignominia!

547 4187 572 4221 ὓ
603 4190 773 4239 Libros
794 4194 1111 4256 esur-ijitssit]
1175 4194 1373 4241 Seneca
1396 4202 1547 4255 pater

484 4265 538 4316 in
576 4268 825 4338 prooemio
858 4270 946 4319 lib.
967 4282 1022 4319 x.
1061 4269 1311 4319 Controv.
1347 4267 1414 4318 de
1451 4268 1550 4317 La·

1603 2116 1845 2165 libuisset
1888 2109 2251 2177 proscribere?
2300 2108 2436 2156 Sunt
2458 2105 2549 2153 Dii
2589 2103 2684 2151 im·

1603 2194 1847 2243 mortales
1869 2191 1996 2240 lenti
2020 2188 2252 2253 quidem,
2287 2185 2383 2234 sed
2415 2183 2550 2233 certi
2574 2181 2685 2229 vin·

1592 2271 1748 2320 -dices
1780 2268 1985 2332 generis
2022 2264 2248 2323 humani,
2272 2271 2327 2312 et
2367 2275 2559 2324 magna
2597 2273 2687 2307 ex·

1606 2350 1777 2413 empta
1818 2349 1869 2396 in
1914 2352 2074 2411 caput
2118 2342 2501 2393 invenientium
2542 2352 2689 2401 rege·

1606 2433 1748 2487 runt,
1765 2432 1824 2474 ut
1836 2423 2124 2489 justissima
2143 2418 2376 2485 patiendi
2392 2414 2686 2481 vice‚quod

1608 2506 1823 2570 quisque
1846 2503 2016 2552 alieno
2054 2498 2378 2563 excogitavit
2411 2494 2688 2563 supplicio,

1608 2596 1747 2645 s-aepe
1771 2580 2003 2643 excipiat
2025 2592 2135 2627 suo.
2202 2576 2335 2627 Quae
2362 2589 2454 2622 vos
2478 2572 2690 2620 demen-

1610 2658 1794 2707 tissimi
1830 2658 2058 2706 homines
2096 2661 2246 2718 tanta
2270 2651 2520 2702 vecordia
2545 2648 2693 2713 agit?

1612 2751 1793 2799 parum
1817 2734 2065 2783 videlicet
2101 2731 2154 2779 iu
2195 2744 2373 2794 poeuas
2410 2735 2554 2776 notae
2581 2740 2693 2775 cru·

1611 2813 1837 2862 delitatis
1873 2813 1991 2861 est?
2048 2807 2357 2873 conquiritis
2390 2806 2444 2853 in
2488 2809 2699 2853 vosmet

1610 2890 1749 2953 ipsos
1788 2904 1946 2948 nova,
1986 2888 2173 2951 quibus
2214 2885 2464 2949 pereatis.
2539 2883 2615 2931 Et
2650 2881 2694 2930 si

1614 2966 1740 3031 quid
1764 2966 1830 3015 ab
1863 2966 2002 3013 omni
2025 2964 2284 3027 patientia
2307 2976 2483 3012 rerum
2509 2967 2700 3009 natura

1613 3042 1879 3102 subduxit,
1899 3042 2036 3089 sicut
2058 3040 2342 3102 ingenium,
2368 3037 2701 3086 memoriam-

1616 3133 1716 3182 que
1741 3116 1977 3174 nominiS,
1993 3115 2242 3164 invenitis
2260 3113 2703 3179 quemadmodum

1615 3197 1913 3262 perducatis
1954 3195 2021 3244 ad
2059 3196 2277 3244 eandem
2313 3209 2423 3242 rem
2462 3192 2702 3257 corporis

1617 3275 1767 3332 mala.
1840 3275 2028 3322 Pacem
2052 3273 2243 3320 studiis
2267 3262 2514 3333 subdere,
2549 3279 2609 3321 et
2651 3270 2707 3320 in

1616 3359 1947 3401 monumenta
2002 3350 2394 3412 disciplinarum
2466 3347 2707 3396 animad-

1617 3437 1847 3488 vertere,
1887 3437 2095 3491 quanta,
2137 3435 2193 3476 et
2235 3441 2387 3489 quam
2434 3440 2540 3475 non
2580 3440 2708 3474 con-

1620 3513 1766 3554 tenta
1790 3514 1934 3553 certa
1956 3504 2175 3552 man-ria
2197 3502 2414 3551 saevitiae
2437 3502 2560 3551 est?
2610 3501 2708 3550 Dii

1619 3578 1978 3643 melius,quod
2020 3594 2085 3627 eo
2124 3579 2319 3627 sarculo
2350 3579 2449 3627 ista
2474 3578 2711 3640 ingenio·

1621 3670 1735 3704 rum
1771 3656 2028 3719 supplicia
2062 3661 2361 3717 coeperunt,
2385 3669 2490 3718 quo
2531 3662 2592 3704 et
2632 3654 2711 3703 in-

1622 3734 1773 3795 genia
1812 3732 2094 3781 desierunt.
2173 3729 2315 3796 Ejus,
2351 3732 2440 3795 qui
2479 3732 2621 3780 hanc
2655 3731 2711 3780 in

1623 3810 1819 3872 scripta
1858 3810 2076 3858 Labieni
2115 3810 2432 3858 sententiam
2474 3807 2713 3869 dixerat,

1623 3894 1804 3950 postea
1846 3887 2069 3934 viventis
2113 3886 2280 3933 adhuc
2321 3886 2523 3947 scripta
2566 3900 2713 3934 com-

1621 3961 1777 4012 busta
1798 3970 1948 4022 sun-t:
1992 3962 2102 4025 jam
2139 3976 2242 4009 non
2279 3962 2414 4009 maio
2440 3962 2714 4024 exemplo,

1624 4038 1743 4102 quia
1765 4038 1891 4086 suo!

1676 4116 1901 4177 Scripsi-i
1914 4124 1966 4165 at
1982 4116 2238 4164 Labienus
2250 4115 2716 4179 historiam,quam

1627 4191 1836 4254 publice
1858 4192 2114 4239 recitabat
2135 4207 2150 4250 ;
2201 4192 2278 4238 ita
2301 4197 2477 4239 tamen
2503 4198 2567 4239 ut
2591 4204 2713 4253 par-

1628 4273 1734 4316 tem
1781 4268 2144 4334 convolveret,
2177 4268 2456 4334 legendam
2503 4273 2715 4342 nutum
