3063 4952
553 554 898 637 victimis,‘
955 552 1299 619 sublatum
1356 552 1616 637 eapite²
1675 551 2003 619 diadema
2059 554 2345 639 imagini,
2368 557 2725 642 ⁴=s›11l›j‹‚÷eit;
2747 566 2769 594 ⁸

553 659 814 743 magnis
859 657 1038 743 apud
1086 656 1394 722 cunctos‘
1444 659 1814 722 animorum
1858 657 2187 738 motibus3
2246 678 2420 744 quos
2468 662 2767 744 augebat

549 761 752 826 insita
778 759 992 825 adhuc
1039 758 1259 825 oculis
1298 760 1713 825 exercituum
1748 759 2213 825 Romanorum
2255 761 2476 828 caedes
2505 770 2619 828 aut
2642 764 2767 827 ob-

555 862 750 927 sidio.
840 866 862 896 ‘
890 860 985 926 At
1028 882 1206 927 nunc
1253 882 1481 928 versos
1528 881 1768 929 casus:
1814 863 2057 926 iturum
2083 861 2429 928 Tiridaten
2467 865 2767 930 ostentui

548 966 875 1049 gentibu8‚
907 971 1156 1049 quanto
1182 966 1403 1030 minus
1432 985 1637 1050 quam
1668 965 2005 1048 captivum
2023 963 2077 1027 ‘l’

634 1069 744 1133 30.
788 1067 1070 1133 Addidit
1115 1068 1345 1149 gloriae
1396 1066 1688 1133 Corbulo
1737 1068 2122 1133 comitatem
2169 1069 2578 1153 epulasque.
2558 1078 2621 1107 '¹
2701 1074 2772 1137 et

1255 409 1320 458 c.
1361 407 1728 463 οοιικιιιιι
1773 405 2029 459 notri
2448 414 2775 480 [Autan.

546 1235 733 1296 insigne
768 1237 953 1298 regiam
990 1236 1193 1298 maginni
1217 1234 1464 1284 ιιιὸιιιιιίἐε
1515 1233 1709 1296 magnis
1743 1234 1871 1296 apud
1908 1247 2065 1281 omnes
2100 1232 2385 1284 animm-m
2399 1233 2622 1297 motibus,
2652 1250 2773 1299 quos

545 1300 856 1351 intendebat
843 1316 956 1364 ipsa
976 1316 1079 1365 qua
1097 1301 1249 1350 adhuc
1282 1299 1617 1350 obversabatur
1652 1299 1800 1349 oculis
1828 1299 1981 1346 clades
2012 1302 2098 1347 aut
2134 1298 2312 1347 obsidio
2352 1299 2592 1360 legionum
2616 1300 2767 1350 Rom.

546 1364 622 1415 At
644 1380 781 1415 nunc
805 1373 1054 1415 mutatam
1078 1363 1368 1415 fortunam:
1404 1366 1599 1415 iturum
1620 1363 1915 1447 Tiridatem
1940 1364 2243 1426 spectaculo
2262 1363 2580 1428 nationibus,
2608 1379 2769 1429 quam

548 1445 714 1508 prope
735 1431 787 1480 in
811 1431 1003 1495 captivi
1024 1431 1247 1494 speciem
1272 1431 1291 1478 ?

610 1495 847 1557 adjunxit
864 1497 1063 1546 Corbulo
1083 1497 1241 1546 decori
1256 1495 1525 1545 comitatem
1545 1499 1595 1544 et
1613 1492 1908 1544 oenviviwn:
1928 1497 1977 1542 et
1989 1496 2183 1557 petente
2195 1493 2411 1544 Tiridate
2428 1508 2626 1559 eorum,
2644 1494 2767 1561 qu‘ae

1467 1629 1824 1650 OOO‘mOOON

923 1722 956 1767 2
991 1717 1119 1767 Mus.
1141 1716 1290 1767 Harl.
1313 1714 1469 1767 Bodl.
1490 1715 1606 1767 Jes.
1625 1719 1682 1764 et
1700 1713 1960 1764 editiones
1979 1718 2206 1778 veteres,
2225 1713 2393 1778 capiti.

1537 1859 1695 1912 NO'l
1691 1859 1760 1909 Ε

1688 1974 1974 2023 honorem
1960 1989 2012 2023 ιιι
2029 1972 2338 2039 principem,
2359 1988 2391 2023 a
2416 1986 2519 2040 quo
2544 1981 2768 2041 regnum

1690 2028 1955 2116 acciperet
1975 2049 2255 2100 Tiridates.

609 1981 627 2006 ¹
653 1974 802 2024 Coetis
813 1989 874 2024 ex
885 1990 1011 2024 more
1019 1975 1250 2039 victimis]
1265 1977 1397 2027 Eum
1414 1992 1609 2027 morem

540 2057 826 2114 suggerunt
847 2050 1159 2101 Claudianus
1179 2042 1214 2103 1.'
1230 2067 1268 2103 1.
1285 2053 1351 2103 de
1370 2053 1610 2104 laudibus

536 2128 705 2177 stilic.
740 2127 756 2156 ‘
779 2128 1131 2193 penetralibus
1149 2129 1319 2193 ignem
1336 2130 1608 2180 Sacratum

543 2219 766 2268 rapuere
827 2204 1020 2269 adytis,
1099 2206 1302 2272 rituque
1351 2207 1608 2271 juvencos

503 2288 512 2297 '⁴
542 2280 788 2331 Chaldaeo
832 2289 1064 2331 stravere
1109 2283 1288 2348 Magi:
1355 2298 1448 2332 rex
1494 2284 1607 2347 ipse

521 2352 816 2407 micantem
855 2358 1082 2409 Inclinat
1123 2359 1326 2410 dextra·
1352 2367 1607 2426 pateram,

537 2440 846 2501 secretaque
864 2436 982 2485 Beli
1004 2438 1074 2487 Et
1099 2453 1231 2503 vaga
1257 2444 1481 2490 testatur
1503 2441 1608 2490 vol·

537 2519 745 2561 ventem
786 2512 957 2562 sidera
996 2514 1245 2564 Mithram
1265 2514 1298 2566 :'
1349 2517 1419 2566 Et
1457 2517 1607 2568 Sido·

535 2586 652 2635 nius
705 2586 1034 2652 Panegyrico
1083 2591 1305 2642 Leonis:
1372 2592 1389 2621 ‘
1435 2594 1606 2658 Magis

533 2662 747 2726 juratur
773 2662 837 2713 ab
860 2664 961 2714 illis
995 2666 1140 2730 Ignis
1173 2675 1227 2717 et
1258 2667 1399 2718 unda
1419 2671 1600 2719 Deus:

535 2752 634 2787 nec
658 2752 758 2787 non
783 2745 901 2788 rata
929 2748 1087 2804 pacta
1115 2742 1309 2794 futura.
1378 2745 1484 2795 Hic
1509 2746 1605 2796 Di-

534 2830 627 2864 vos
653 2820 879 2865 testatur
901 2831 1041 2868 avos.
1077 2819 1350 2871 Chaldaeus
1374 2821 1426 2871 in
1449 2822 1603 2887 extis,

499 2895 505 2906 ⁴
537 2890 854 2942 Pontificum
895 2893 961 2943 de
1000 2910 1164 2960 more,
1209 2913 1371 2948 senex
1411 2915 1605 2950 arcana

538 2968 745 3032 peregit
769 2970 1073 3019 Murmura!

601 3043 793 3093 Strabo
824 3046 980 3094 etiam
1008 3048 1202 3112 aliquid
1233 3049 1299 3100 de
1328 3051 1432 3102 ritu
1455 3053 1603 3104 victi·

537 3135 646 3170 mas
670 3121 1001 3174 immolandi:
1038 3127 1054 3153 ‘
1079 3126 1184 3175 Ubi
1210 3137 1384 3178 autem
1405 3146 1604 3195 magus,

537 3198 624 3263 qui
644 3212 847 3248 sacrum
884 3202 1105 3266 peragit,
1137 3218 1318 3254 carnes
1340 3206 1394 3255 in
1425 3213 1621 3271 partes·

533 3273 739 3337 tribuit,
779 3290 871 3325 sua
891 3278 1106 3343 quisque
1142 3289 1360 3346 accepta
1382 3282 1598 3348 abeunt,

538 3350 657 3399 Diis
711 3345 838 3401 nihil
893 3353 1271 3419 impartientes.
1356 3358 1599 3410 Animam

536 3427 675 3476 enim
699 3428 860 3478 solam
881 3430 1062 3481 hostiae
1082 3435 1256 3485 Deum
1278 3436 1412 3485 velle
1436 3438 1600 3501 aiunt,

530 3501 659 3550 nihil
677 3510 960 3566 praeterea:
995 3514 1166 3558 tamen
1181 3512 1376 3561 omenti
1394 3520 1599 3576 partem

534 3579 758 3642 aliquam
781 3581 1019 3645 exiguam
1054 3582 1274 3636 flammae
1310 3587 1597 3651 imponunt,

534 3660 595 3705 ut
619 3655 826 3720 quidam
850 3659 1105 3710 tradunt.’
1173 3663 1350 3714 Docte
1386 3680 1508 3729 ergo
1530 3665 1597 3715 de

535 3738 747 3781 omento
781 3731 1015 3784 Catullus
1054 3736 1301 3790 inseruitz
1350 3742 1367 3768 ‘
1392 3741 1599 3791 Gnatus

536 3814 593 3857 ut
617 3815 838 3873 accepto
862 3818 1144 3863 veneretur
1166 3817 1392 3866 carmine
1418 3819 1600 3882 Divos,

535 3883 889 3935 Omeutumin
922 3884 1129 3938 flamma
1161 3891 1351 3955 pingue
1381 3893 1597 3958 liquefa-

534 3960 712 4010 ciens?
778 3962 990 4026 Lipsius.

600 4029 763 4089 Caesae
797 4040 1018 4092 victimae
1051 4042 1103 4093 in
1136 4042 1350 4110 foedere,
1382 4061 1484 4096 non
1515 4062 1595 4097 so-

511 4116 639 4165 'lum
665 4133 695 4166 a
730 4117 899 4182 Magis
934 4127 989 4169 et
1009 4121 1239 4184 Parthis,
1270 4125 1362 4174 sed
1382 4125 1542 4174 etiam
1565 4140 1597 4174 a

535 4192 801 4243 Romanis.
867 4194 939 4245 Et
954 4198 1124 4247 omnia
1139 4205 1399 4251 transacta
1416 4206 1597 4266 putem

487 4283 497 4292 ’
533 4265 591 4358 iu
606 4267 896 4337 principiis,
933 4278 991 4323 et
1008 4275 1192 4325 castris
1211 4276 1481 4366 Romanis,
1501 4290 1596 4342 per

1758 2128 1908 2177 C'aesis
1930 2143 1991 2177 ex
2014 2144 2140 2178 more
2163 2125 2394 2190 victimis]
2424 2125 2514 2176 Sic
2549 2130 2770 2180 111.4'6.

1688 2204 1754 2254 de
1792 2201 2125 2255 Rhadamisto
2158 2204 2337 2267 Ibero,
2375 2208 2432 2253 et
2467 2205 2618 2269 Rege
2661 2204 2769 2254 Ar·

1686 2281 1871 2330 meniae
1894 2280 2236 2331 Mithridatez
2278 2280 2294 2307 ‘
2319 2280 2481 2330 Simul
2505 2282 2557 2330 in
2582 2281 2767 2347 lucum

1687 2360 2033 2425 propinquum
2058 2359 2236 2422 trahit,
2256 2359 2523 2423 provisum
2548 2358 2662 2410 illie
2683 2375 2766 2410 sa·

1687 2436 1958 2504 crificium,
1981 2438 2291 2503 imperatum
2314 2435 2606 2487 dictitans.'
2678 2435 2781 2492 In·v

1689 2516 1888 2580 tellige,
1925 2522 1972 2565 et
2007 2517 2320 2580 imperatum.-
2366 2514 2765 2578 conjunctiones

1687 2593 1885 2644 omittit
1902 2593 2132 2644 Tacitus.
2198 2594 2412 2644 Nullum
2446 2591 2619 2642 foedus
2643 2591 2764 2646 sine

1675 2670 2036 2735 jurejurando,
2089 2686 2188 2720 nec
2232 2668 2593 2733 jusjurandum
2647 2668 2765 2719 sine

1685 2745 1913 2796 victimis
1954 2754 2048 2795 aut
2090 2744 2374 2808 sacrificiis,
2417 2757 2516 2794 nec
2565 2745 2766 2796 sacrifi·

1685 2821 1821 2871 cium
1841 2822 1953 2871 sine
1975 2821 2215 2872 convivio
2237 2818 2604 2886 peragebatur.

1747 2906 1766 2930 ⁸
1810 2898 2061 2963 Subjecit]
2102 2897 2256 2948 Anno
2300 2899 2481 2947 Romae
2524 2896 2761 2948 conditae

1682 2978 1796 3026 816.
1817 2980 1879 3024 ut
1898 2989 2053 3040 supra
2069 2990 2117 3027 c.
2139 2979 2221 3026 22.
2291 2973 2613 3024 Tillemonias.
2702 2971 2707 2984 ‘

1743 3053 1760 3085 ³
1790 3054 1934 3117 Apud
1954 3052 2165 3115 cunctos]
2199 3054 2455 3102 Romanos
2481 3066 2675 3115 nempe
2702 3058 2759 3103 et

1679 3123 1921 3178 Parthos.
1987 3125 2071 3177 Ad
2092 3135 2341 3193 utrosque
2356 3128 2616 3192 spectavit
2642 3128 2660 3156 ‘
2682 3127 2761 3177 in-

1681 3201 1784 3251 sita
1802 3202 1971 3254 adhuc
1996 3206 2160 3255 oculis
2179 3205 2441 3268 legionum
2464 3203 2640 3254 caedes
2664 3212 2763 3255 aut

1678 3280 1879 3330 obsidio
1897 3281 1931 3342 ;'
1960 3282 1979 3309 ‘
2000 3283 2074 3333 At
2091 3298 2225 3333 nnnc
2245 3277 2417 3332 versos
2434 3296 2619 3331 casus:
2655 3283 2761 3332 itu-

1679 3371 1794 3406 rum
1836 3357 2119 3408 Tiridatem
2165 3356 2411 3420 ostentui,
2414 3356 2428 3380 '
2495 3362 2551 3406 et
2609 3357 2761 3422 quasi

1680 3434 1964 3498 captivum,
2002 3435 2058 3483 id
2098 3435 2163 3485 ad
2205 3436 2468 3485 Romanos
2508 3439 2759 3499 spectat3

1680 3517 1739 3561 et
1758 3517 1879 3561 sunt
1901 3518 2073 3561 motus
2097 3513 2319 3577 laetitiae,
2352 3513 2439 3578 qui
2463 3513 2517 3561 in
2542 3511 2642 3562 illis
2666 3526 2758 3562 au·

1679 3592 1887 3650 gentur.

1741 3663 2083 3713 ”Comitatem
2098 3664 2369 3729 epulasque]
2402 3662 2622 3729 Adjecit
2635 3678 2760 3715 con·

1676 3739 1869 3789 virium
1893 3740 2139 3803 Corbulo,
2161 3755 2263 3790 non
2283 3755 2347 3789 ex
2368 3742 2620 3792 comitate
2639 3748 2761 3791 tan·

1679 3823 1807 3880 tum,
1820 3816 1912 3866 sed
1928 3818 2053 3883 quia
2069 3818 2213 3867 velut
2231 3830 2446 3868 necesse
2465 3815 2585 3869 fuit.
2629 3818 2756 3868 Non

1677 3893 1814 3943 enirn
1845 3892 2014 3943 foedus
2047 3894 2156 3943 sine
2193 3893 2449 3943 sacrificio
2484 3893 2616 3956 fere,
2652 3907 2755 3942 nec

1675 3969 1841 4021 foedus
1861 3977 1953 4020 aut
1983 3969 2291 4021 sacrificium
2327 3972 2439 4020 sine
2474 3970 2752 4021 convivio.
2734 3985 2752 3999 ·

1676 4047 1814 4114 quod
1847 4053 1996 4112 patet
2025 4061 2092 4097 ex
2123 4047 2202 4097 his
2236 4045 2403 4098 infra.
2438 4048 2457 4075 ‘
2478 4048 2749 4098 structam

1678 4134 1801 4177 ante
1823 4127 2071 4192 augurale
2092 4141 2256 4192 aram,
2290 4127 2503 4210 subdita
2524 4125 2641 4178 face
2662 4125 2757 4176 a'c·

1677 4201 1872 4256 cendi.’
