3063 4952
492 406 663 493 '1⁷0⁰

1204 431 1293 481 G.;
1318 428 1685 479 connatam
1707 444 1712 457 ·
1733 416 1991 480 ‘moiri

2367 439 2464 504 [Α.
2486 439 2557 492 υ.
2586 434 2712 494 au:

489 577 686 663 quasi
722 577 867 664 jaun
922 575 1203 663 depulso
1257 576 1563 655 Nerone,=
1578 576 1885 661 quisnam
1928 579 2345 662 deligeretur,
2365 618 2372 629 ‹
2395 582 2704 666 anquire-

486 682 654 757 bant
674 689 716 747 :³
763 687 830 746 et
848 682 1166 749 ,omnium
1205 695 1318 745 ore
1340 679 1701 745 Rubellius
1721 680 2562 762 ,Plautus-celebrabaturst
2592 686 2704 751 cui

486 785 827 865 nobilitas,
851 804 972 870 per
1003 782 1322 862 matrem,t
1348 803 1437 848 ex
1461 781 1508 847 J
1515 784 1648 847 ulia
1681 784 1961 850 familia.

2051 784 2217 869 Ipse
2264 787 2517 869 placita
2562 807 2707 853 ma·

481 886 704 973 joi-um
732 890 1018 967 eoleba't,
1039 887 1289 952 habitu-
1304 904 1558 965 severo,
1577 892 1775 953 casta
1799 893 1868 952 et
1897 899 2153 954 secreta
2172 888 2708 979 domm-quanto·

485 1103 646 1140 rerum
677 1089 943 1155 potiretur.-
973 1093 1023 1139 et
1058 1093 1331 1139 cunctorum
1350 1054 1459 1137 voce
1488 1104 1547 1138 uc
1568 1087 1712 1149 sama
1745 1087 2057 1138 extollebatur
2093 1087 2340 1139 Rubellius
2368 1089 2604 1151 Plautus,
2623 1089 2711 1139 αἱ
2811 1139 2818 1145 ,

487 1156 723 1211 claritudo
757 1169 845 1219 per
862 1159 1057 1206 matrem
1083 1169 1145 1203 ex
1164 1155 1301 1203 Jatia
1318 1158 1480 1214 genle.
1548 1154 1658 1218 Ipse
1696 1168 1850 1204 mom
1878 1154 2099 1217 antiquos
2129 1152 2466 1230 emulabatur,
2491 1155 2634 1203 uuus
2653 1158 2711 1203 et

486 1224 665 1287 ornatu
691 1220 875 1285 mnis,
895 1225 1059 1272 sancta
1095 1224 1143 1270 et
1180 1225 1360 1269 acerem
1385 1217 1605 1282 familia,
1626 1225 1675 1268 et
1696 1224 1868 1283 quanto
1888 1218 2553 1284 formidine-secretioripse,
2572 1222 2713 1269 tanto

1417 1338 1648 1359 OOOOONO
1656 1337 1772 1358 ‘00‘

488 1425 649 1476 e-Ms.
669 1425 810 1476 Flor.
898 1425 964 1476 In
1003 1425 1132 1475 Μαι.
1175 1426 1307 1487 Reg.
1343 1422 1473 1487 Agr.
1497 1430 1553 1473 et
1595 1423 1827 1474 editione
1876 1422 2134 1488 principe,
2148 1423 2502 1489 perquirebant.
2574 1424 2717 1476 Mss-

489 1490 639 1544 Harl.
658 1492 809 1543 Bodl.
828 1491 863 1545 J
867 1505 939 1541 es.
954 1498 1009 1542 et
1032 1491 1371 1554 Puteolanus,
1387 1488 1704 1555 inquirebant.
1742 1489 2069 1540 Brotier.-4
2092 1489 2180 1539 lta
2194 1490 2435 1540 Muretus
2452 1498 2511 1540 et
2530 1503 2717 1542 recen-

1480 1652 1694 1706 NOTAE

485 1772 568 1820 46.
603 1754 625 1825 ‘s
642 1768 911 1834 Praesagia
937 1770 1114 1823 mortis
1135 1771 1248 1836 ejus
1282 1771 1552 1837 praecipua
1629 1741 1905 1820 Suetonius
1927 1770 2124 1835 scribit,
2146 1770 2162 1799 ⁸
2185 1770 2387 1820 duabus
2424 1770 2721 1835 conjurati-

484 1844 728 1905 fuerunt:
755 1856 964 1898 exortus
978 1851 1183 1901 crinitae
1198 1852 1383 1914 stellae,
1397 1866 1549 1916 quam
1630 1850 1809 1900 onibus
1830 1850 2170 1914 pervulgatis,
2187 1865 2403 1916 quarum
2430 1850 2578 1914 prior
2600 1866 2720 1915 ma-

485 1931 737 1979 cometem
759 1925 982 1975 vocant?
1017 1927 1087 1977 Et
1108 1927 1235 1977 Ner.
1254 1931 1335 1980 36.
1359 1928 1552 1978 ‘Stella

484 2000 693 2064 crinita,
711 2009 826 2067 quae.
850 2004 1057 2053 summis
1083 2004 1430 2068 potestatibus
1447 2005 1553 2053 exi-

487 2076 618 2135 tium
652 2079 963 2142 portendere
1000 2082 1150 2144 vulgo
1184 2089 1421 2145 putatur,
1457 2097 1553 2146 per

487 2155 759 2207 eontinuas
791 2164 972 2208 noctes
995 2160 1114 2209 oriri
1139 2166 1388 2223 coeperat.
1444 2158 1551 2216 An-

488 2232 604 2281 xius
628 2248 691 2283 ea
713 2248 788 2296 re,
812 2243 870 2283 ut
891 2249 954 2282 ex
979 2236 1166 2285 Babilo
1192 2236 1450 2299 astrologo
1475 2236 1553 2283 di-

484 2307 635 2370 dicit,
653 2311 820 2360 solere
844 2326 994 2375 reges
1020 2313 1145 2362 talia
1169 2318 1378 2361 ostenta
1400 2311 1549 2360 caede

485 2380 658 2451 aliqua
680 2386 870 2437 illustri
895 2389 1124 2452 expiare,
1146 2395 1303 2452 atque
1328 2403 1359 2437 a
1382 2393 1549 2461 semet

485 2462 539 2514 in
562 2465 740 2529 capita
770 2482 1040 2531 procerum
1077 2467 1364 2532 depellere,
1404 2465 1549 2523 nobi·

486 2540 676 2592 lissimo
700 2544 889 2609 cuique
912 2546 1129 2594 exitium
1153 2542 1474 2606 destina—vit)

553 2621 623 2670 Et
647 2621 828 2673 Claud.
851 2626 934 2674 29.
967 2621 1057 2672 ubi
1079 2622 1146 2672 de
1187 2621 1374 2678 tabulis
1412 2620 1554 2674 dotis

486 2695 799 2756 Messallinae
823 2713 940 2754 cum
964 2698 1107 2761 Silio,
1137 2713 1262 2764 quas
1295 2697 1408 2761 ipse
1430 2711 1553 2752 con·

488 2770 745 2835 signavit:
778 2773 794 2800 ‘
820 2773 1076 2828 Inductus
1101 2774 1247 2839 quasi
1271 2773 1336 2823 de
1379 2772 1555 2821 indus-

488 2846 590 2896 tria
653 2843 1037 2910 simularentur,
1092 2849 1158 2898 ad
1213 2847 1553 2898 avertendum

487 2911 1031 2991 transferendumque*
1073 2919 1357 2990 periculum
1409 2924 1551 2989 quod

486 2997 756 3050 imminere
801 3003 899 3065 ipsi
938 3018 1033 3068 per
1073 3002 1310 3070 quaedam
1342 3007 1551 3058 ostenta

486 3075 928 3138 portenderetur!
947 3135 954 3142 ‚

554 3149 629 3202 At
673 3168 739 3203 ex
786 3155 960 3204 Plinio
999 3156 1134 3206 idem
1186 3162 1416 3205 cometes
1461 3155 1550 3221 qui

491 3227 631 3279 circa
669 3229 824 3282 finem
845 3233 1049 3282 Claudii
1074 3233 1228 3293 visus,
1261 3232 1401 3282 idem
1439 3240 1550 3284 toto

486 3303 783 3371 principatu
803 3309 1028 3360 Neronis
1049 3309 1226 3372 fulsit;
1260 3323 1357 3361 nec
1375 3318 1549 3362 tamen

486 3386 613 3432 tuuc
650 3385 793 3447 Nero
814 3385 868 3440 in
893 3387 1070 3451 capita
1094 3402 1364 3451 procerum
1390 3388 1551 3453 depu-

487 3457 565 3509 lit.
634 3461 793 3513 Certe
819 3466 1000 3527 pbstea
1022 3465 1261 3528 prorupit
1283 3466 1336 3516 in
1356 3466 1549 3534 caedes,

487 3548 676 3599 nempe
712 3539 915 3588 sublata
948 3548 1129 3604 matre,
1149 3543 1320 3592 occiso
1345 3543 1550 3592 Britan-

485 3611 624 3674 nico,
647 3619 700 3661 et
723 3616 996 3676 exstinctis
1017 3619 1222 3679 Burrho
1254 3626 1311 3673 et
1332 3619 1551 3684 Seneca,

486 3699 614 3751 quos
639 3692 996 3753 reverebatur,
1017 3682 1328 3759 admotoque
1350 3695 1449 3744 sibi
1465 3696 1550 3744 Ti-

488 3762 698 3826 gellino,
715 3767 799 3830 qni
822 3775 989 3828 metus
1014 3769 1127 3832 ejus
1144 3770 1317 3822 rimari
1335 3771 1515 3837 coepit.

508 3839 513 3846 ’
553 3838 624 3887 Et
646 3839 724 3889 hae
747 3848 869 3890 sunt
896 3840 1086 3892 fabulae
1111 3843 1161 3891 in
1184 3845 1368 3908 vulgus
1391 3844 1551 3909 (it-taz,

487 3904 541 3949 et
575 3917 769 3966 sparsae
815 3906 926 3955 sine
970 3916 1118 3958 certo
1161 3919 1392 3972 auctore,
1424 3926 1550 3974 quas

493 3989 691 4028 summa
736 3982 995 4045 gravitate
1041 3982 1229 4047 judicii
1297 3998 1555 4052 perpetuo

488 4054 693 4177 apt-‚ruit
730 4057 959 4126 Tacitus,
998 4055 1095 4117 ‚a'ut
1132 4059 1418 4112 dubitando
1452 4073 1555 4113 tra-

518 4217 525 4220 ·
557 4204 677 4254 Non
707 4206 960 4272 igitur-‚ut
995 4210 1118 4262 talia
1149 4219 1355 4264 ostenta
1377 4214 1553 4280 depel-

1621 1926 1817 1991 jorque
1858 1918 2131 1977 Pisoniana
2171 1928 2350 1977 Romae
2375 1924 2410 1976 ε’
2448 1927 2724 1993 posterior

1632 2001 1923 2065 Uiniciana,
1948 2005 1962 2030 ⁴
1982 2004 2271 2053 Beneventi
2293 2000 2528 2053 conflata
2547 2009 2723 2075 atque

1631 2079 1843 2128 detecta
1867 2078 1983 2130 est!

1687 2155 1904 2220 Sprevit
1927 2162 1982 2205 et
1996 2156 2205 2207 Tacitus
2228 2157 2447 2207 alteram
2470 2156 2618 2207 illam
2645 2157 2729 2209 fa·

1631 2231 1806 2285 hulam
1850 2232 1915 2280 de
1957 2232 2150 2282 tabulis
2189 2232 2327 2283 dotis
2366 2233 2725 2298 Messalliuae,

1636 2309 1950 2371 consignatis
1983 2324 2014 2358 a
2038 2310 2273 2374 Claudio,
2309 2317 2371 2360 ut
2407 2315 2628 2363 ostenta
2667 2329 2729 2362 a·

1635 2389 1870 2434 verteret
1891 2384 2320 2451 transferretque.
2671 2436 2676 2437 γ

1702 2460 1819 2511 Nec
1842 2468 2010 2512 tamen
2029 2463 2161 2513 hanc
2174 2464 2605 2528 superstitionem
2631 2467 2748 2529 ἀει,

1633 2551 1742 2586 mas
1767 2539 1926 2589 etiam
1950 2554 2086 2590 nune
2106 2541 2291 2591 animis
2314 2543 2643 2608 mortalium,
2665 2554 2727 2596 et

1633 2615 1866 2678 ipsorum
1890 2617 2204 2681 principum.
2273 2620 2344 2670 Et
2365 2635 2537 2685 nuper
2559 2637 2729 2684 acce·

1634 2691 1800 2753 pimus
1839 2693 2207 2757 imperatorem
2247 2695 2518 2758 Indorum,
2553 2714 2729 2765 quem

1634 2768 1790 2831 vulgo
1808 2770 2058 2832 Magnum
2080 2771 2366 2835 Mogolium
2392 2781 2610 2837 vocant,
2627 2792 2728 2840 ex-

1633 2842 1805 2907 piasse
1835 2847 1940 2896 tale
1964 2847 2150 2897 sideris
2173 2856 2435 2910 ostentum
2460 2851 2726 2914 precibus

1623 2919 1948 2990 jejuniisque
1967 2924 2314 2992 contiuui8‚ut
2333 2927 2425 2976 tali
2442 2927 2727 2991 abstineu-

1631 2996 1707 3047 tia
1728 2999 1865 3048 mala
1889 3000 2031 3050 noxii
2055 3010 2284 3052 cometa!
2310 3004 2548 3069 prodigia
2573 3021 2612 3058 a
2635 3022 2732 3068 ca-

1631 3072 1742 3136 pite
1760 3089 1850 3124 suo
1875 3085 2144 3128 averteret
2158 3099 2175 3141 ;
2208 3081 2299 3145 qui
2322 3082 2729 3145 potiustimere

1631 3149 1814 3200 debuit
1839 3153 2117 3216 parricidia
2140 3155 2195 3204 in
2217 3152 2412 3206 fratres
2435 3166 2746 3224 perpetra--

1632 3231 1688 3275 ta
1711 3227 1840 3276 etin
1865 3227 2035 3293 ipsum
2059 3239 2449 3298 patrem,quem
2475 3238 2593 3298 tum
2620 3237 2729 3288 eti-

1630 3315 1711 3354 am
1735 3303 1784 3351 in
1810 3318 1931 3355 arce
1954 3308 2220 3369 captivum
2246 3310 2531 3362 retinebat.
2569 3353 2576 3362 ι

1693 3378 1710 3412 t
1744 3379 1842 3432 per
1862 3382 2087 3446 matrem]
2124 3384 2331 3449 Nempe
2364 3386 2581 3450 Juliam,
2615 3389 2728 3444 fili·

1631 3468 1713 3524 am
1739 3455 1917 3518 Drusi,
1942 3456 2032 3522 qui
2054 3458 2250 3507 Tiberii
2282 3460 2437 3522 tilius,
2469 3469 2528 3511 et
2556 3462 2731 3536 Livil-

1631 3530 1714 3588 lae,
1738 3546 1852 3596 quae
1876 3547 2025 3582 soror
2049 3533 2372 3586 Germanici.
2411 3538 2549 3589 Haec
2569 3540 2730 3592 Julia

1632 3607 1796 3673 primo
1836 3620 2088 3673 nupserat
2111 3613 2332 3678 Neroni,
2354 3617 2725 3671 vetustissimo

1631 3684 1909 3736 liberorum
1938 3688 2275 3753 Germanici3
2313 3700 2498 3757 postea
2515 3696 2730 3765 denup-

1630 3761 1700 3811 sit
1723 3761 1773 3809 in
1799 3764 2004 3814 domum
2033 3767 2266 3818 Rubellii
2291 3771 2505 3822 Blandi.

1697 3840 1836 3889 Hinc
1893 3842 2140 3894 nobilitas
2188 3846 2338 3896 istius
2387 3847 2594 3912 Plauti,
2632 3852 2728 3920 qui

1633 3914 1935 3966 celebratur
1956 3919 2059 3969 hic.
2118 3921 2326 3972 Drusus
2350 3923 2487 3973 filius
2503 3922 2730 3979 ‘Tiberii

1637 3997 1692 4041 et
1715 3992 1999 4057 Vipsaniae,
2024 3998 2231 4062 Livilla,
2250 4008 2417 4051 mater
2441 4002 2597 4055 istius
2625 4005 2730 4058 Ju-

1635 4066 1742 4130 liae,
1762 4068 1868 4118 filia
1901 4070 2002 4121 suit
2031 4074 2194 4123 Drusi
2229 4076 2437 4141 majoris
2469 4086 2527 4130 et
2552 4069 2734 4138 Ant&

1634 4142 1738 4194 niae
1761 4160 1775 4193 z
1812 4145 2042 4198 Antonia
2080 4151 2259 4215 genita
2280 4167 2349 4202 ex
2374 4153 2454 4204 Μ.
2476 4154 2726 4218 Antonio

1635 4226 1693 4282 et
1715 4221 1940 4273 Octavia
1958 4240 2074 4290 quae
2095 4242 2246 4279 soror
2269 4228 2514 4295 Augusti.

487 4279 621 4338 leret
660 4282 819 4350 Nero,
856 4285 1057 4366 occidit
1082 4301 1344 4354 proceres,
1365 4291 1459 4341 sed
1493 4300 1552 4344 ut
1653 4303 1657 4309 ·
