3063 4952
508 411 693 485 1624

510 572 629 640 eni
649 567 940 638 dantur?

1188 424 1261 476 G*-
1304 420 1676 476 connum
1723 420 1982 477 'uerri

2387 427 2479 496 [Α.
2499 427 2573 483 11.
2608 434 2724 483 au.

1008 569 1099 638 Et
1123 569 1335 637 minoe·
1353 569 1630 657 quidem
1653 568 1931 641 hostiles
1958 567 2028 636 in
2053 566 2268 656 ipsos‘
2292 571 2724 642 vertebanw

506 716 627 825 iluae
648 757 925 823 bellocapta
943 764 1083 825 sunt,
1101 758 1417 819 internecione
1434 740 1667 810 deleam.
1732 757 1805 807 Ee
1822 770 1937 809 me
1955 756 2096 807 misce
2112 755 2305 807 hostiles
2323 756 2377 807 ia
2389 755 2521 823 ipsos
2541 755 2720 819 recide·

1433 903 1612 925 mou

1614 902 1790 925 um

505 1002 724 1056 Ernesti.
789 1002 1053 1056 Provocat
1092 1005 1326 1058 Freinsb.
1348 1005 1415 1056 ad
1452 1005 1587 1059 Caes.
1609 1004 1675 1054 B.
1701 1003 1771 1055 G.
1794 1017 1873 1054 vt.
1898 1007 1979 1054 17.
2002 1011 2059 1056 et
2087 1007 2114 1054 1
2141 1003 2275 1055 Sam.
2299 1015 2394 1055 xv.
2416 1006 2468 1052 8.
2472 1006 2604 1054 -12
2636 1001 2728 1059 Sic*

468 1078 474 1083 ·
503 1067 617 1125 Ma.
639 1070 777 1120 Flor.
798 1070 961 1121 editio
1000 1071 1242 1137 princeps
1280 1078 1338 1122 et
1374 1071 1711 1122 recentiores.
1777 1071 1936 1121 Certe
1970 1085 2038 1120 ex
2060 1085 2156 1120 usu
2187 1069 2374 1120 Taciti.
2407 1069 2544 1120 Mss.
2569 1069 2725 1123 Harl.

505 1133 662 1188 Bodl.
692 1134 804 1189 Jes.
844 1142 903 1187 et
940 1137 1282 1204 Puteolanus,
1298 1137 1622 1190 vertebantur
1656 1134 1883 1187 Brotier.
1951 1134 2085 1188 Cod.
2120 1135 2262 1188 Flor.
2286 1150 2319 1185 a
2340 1147 2498 1187 manu
2531 1135 2720 1201 prima,

1498 1269 1549 1322 N
1556 1268 1722 1322 01*AE

514 1386 517 1389 '
566 1382 640 1434 Et
659 1382 754 1435 lib.
779 1395 903 1439 nv.
926 1385 992 1437 de
1012 1386 1181 1439 Paulo
1201 1387 1373 1441 AEmil.
1427 1387 1446 1417 ‘
1469 1388 1569 1441 Ce-

499 1467 618 1515 tera
638 1467 802 1518 omnis
827 1470 1034 1533 generis
1065 1486 1208 1522 arma
1229 1472 1495 1523 cumulata
1513 1471 1570 1520 in

497 1539 765 1608 ingentem
780 1562 1041 1614 acervum,
1054 1555 1298 1615 precatus
1317 1549 1568 1615 Martem,

494 1618 814 1689 Minervam,
847 1626 1113 1692 Luamque
1142 1633 1363 1679 matrem
1398 1632 1456 1677 et
1480 1640 1568 1677 ee·

495 1703 640 1749 teron
661 1697 828 1764 Deos,
846 1700 1035 1766 quibus
1054 1703 1226 1767 spolia
1245 1704 1468 1754 hostium
1488 1703 1566 1753 di·

497 1790 619 1826 care
648 1778 741 1842 jus
777 1776 960 1845 fasque
984 1785 1084 1842 est,
1117 1781 1231 1845 ipse
1267 1780 1564 1870 Imperator

493 1849 618 1903 face
656 1854 863 1904 subdita
900 1856 1191 1921 succendit,
1234 1857 1422 1907 deiude
1462 1857 1563 1907 cir-

495 1937 818 1984 cumstantes
854 1932 1051 1983 tribuni
1087 1933 1331 1999 militum,
1369 1948 1465 2000 pro
1501 1949 1559 1986 se

493 2007 709 2072 quisque
728 2007 876 2072 ignes
897 2011 1268 2076 conjecerunt!

557 2082 584 2118 ἅ
619 2085 863 2136 Οσοίἀίωιὶ
897 2087 1096 2152 dantur]
1154 2089 1331 2139 Caesar
1363 2088 1459 2140 lib.
1482 2103 1560 2140 vt.

489 2156 620 2215 bell.
642 2161 780 2213 Gall.
834 2164 851 2193 ‘
875 2164 1018 2216 Huic
1051 2164 1264 2234 (Marti)
1286 2181 1404 2216 cum
1426 2181 1561 2233 prae-

486 2238 563 2295 lio
602 2237 851 2292 dimicare
891 2243 1290 2308 constituerunt,
1322 2259 1406 2306 ea,
1438 2259 1559 2310 quae

487 2311 631 2371 bello
656 2318 916 2383 ceperint,
948 2320 1248 2386 plerumque
1273 2320 1558 2383 devovent3

487 2406 606 2458 quae
666 2397 1027 2461 superaverint
1086 2397 1328 2449 animalia
1384 2403 1559 2463 capta,

485 2469 778 2539 immolant,
818 2475 1149 2543 reliquasque
1185 2491 1268 2526 res
1307 2474 1361 2526 iu
1398 2491 1559 2527 unum

484 2547 658 2616 lpeum
679 2550 974 2604 conferunt.
1039 2551 1226 2602 Multis
1256 2552 1309 2602 iu
1333 2552 1559 2604 civitati-

483 2626 584 2679 bus
604 2630 784 2681 harum
807 2643 981 2680 rerum
1010 2635 1304 2680 exstructos
1326 2630 1559 2681 cumulos

480 2704 616 2757 locis
677 2698 993 2758 consecratis
1041 2707 1335 2772 conspicari
1390 2707 1554 2771 licet3

481 2794 656 2847 neque
679 2797 820 2847 saepe
841 2782 1056 2846 accidit,
1080 2788 1138 2833 ut
1155 2785 1398 2849 neglecta
1412 2783 1555 2850 quis-

480 2857 625 2924 piam
643 2858 912 2923 religione,
935 2866 1027 2910 aut
1046 2866 1206 2924 capta
1228 2861 1366 2925 apud
1388 2876 1445 2912 se
1466 2876 1554 2926 ec-

483 2936 708 2999 culture,
743 2942 836 2985 aut
877 2936 1048 3001 posita
1091 2938 1278 2988 tollere
1317 2937 1556 3003 auderet,

482 3013 941 3080 gravissimumque
982 3014 1059 3065 rei
1099 3013 1411 3080 supplicium
1433 3029 1553 3066 cum

480 3091 720 3143 cruciatu
743 3093 1083 3144 constitutum
1105 3091 1224 3144 est!

500 3218 507 3225 .
551 3170 801 3221 Occiaioui
832 3169 1031 3234 dantur]
1083 3167 1317 3235 Reperio
1339 3167 1416 3221 sic
1435 3167 1549 3221 fere

479 3253 785 3313 usurpatum
811 3248 877 3299 ab
910 3246 1146 3299 omnibus
1176 3246 1422 3312 populis:
1474 3249 1550 3301 sie

475 3325 733 3379 Ismelitae
757 3334 914 3391 capta
932 3324 1198 3390 Hiericho,
1232 3325 1248 3353 ‘
1272 3324 1550 3377 interfece-

474 3410 603 3456 runt
632 3404 823 3469 omnia,
844 3419 962 3469 quae
996 3409 1148 3455 erant
1177 3403 1231 3453 in
1266 3419 1351 3469 ea,
1371 3418 1405 3454 a
1433 3403 1549 3456 viro

472 3473 639 3548 iisque
663 3481 731 3531 ad
752 3481 1041 3544 mulierem,
1072 3480 1140 3531 ab
1162 3479 1363 3533 infante
1384 3497 1547 3548 usque

475 3556 546 3609 ad
578 3572 774 3621 senem,
807 3558 967 3609 boves
999 3574 1203 3625 quoque
1233 3565 1293 3611 et
1321 3575 1466 3625 oves,
1488 3567 1548 3612 et

476 3627 670 3698 asinos,
687 3635 740 3683 in
763 3650 854 3686 ore
879 3636 1043 3700 gladii>
1063 3637 1466 3701 percusserunt?

472 3759 497 3780 .-
543 3711 617 3761 Et
636 3712 850 3777 Joseph.
871 3712 962 3764 lib.
986 3728 1025 3764 1.
1047 3714 1170 3765 bell.
1192 3715 1314 3767 Jud.
1336 3731 1384 3766 c.
1406 3719 1454 3767 7.
1475 3716 1542 3767 de

473 3788 699 3858 vespas.
722 3805 839 3841 cum
862 3791 1058 3842 evertit
1081 3791 1311 3843 Gerara:
1359 3792 1375 3820 ‘
1395 3807 1544 3843 ever-

473 3865 542 3918 tit
564 3882 698 3931 eam,
717 3873 774 3919 et
798 3869 1054 3932 percussit
1076 3870 1325 3933 populum
1348 3870 1459 3936 ejus
1486 3871 1543 3922 in

471 3957 564 3997 ore
583 3945 760 4011 gladii,
781 3960 811 3995 a
836 3947 946 3996 viro
969 3960 1134 4011 usque
1169 3946 1236 3996 ad
1256 3945 1543 4014 foeminam,

468 4036 512 4077 ι
526 4025 748 4089 parvulo
773 4038 934 4090 usque
952 4024 1016 4074 ad
1035 4025 1337 4089 lactentem,
1354 4040 1387 4075 a
1407 4026 1543 4078 bove

469 4107 635 4167 usque
657 4100 724 4151 ad
761 4115 931 4167 ovem,
963 4117 996 4151 a
1031 4102 1228 4153 camelo
1269 4118 1432 4171 usque
1466 4105 1535 4155 ad

1645 1378 1928 1451 Romanus,
1948 1397 2139 1450 nempe
2172 1387 2236 1435 ut
2261 1397 2327 1433 ea
2348 1369 2721 1435 saevitiwetss
2765 1382 2767 1386 “

1646 1479 1732 1516 ros
1747 1464 1996 1516 barbaros
2018 1463 2342 1529 rebellesque
2360 1461 2517 1512 latius
2539 1466 2716 1513 exter-

1646 1548 1809 1592 reret.

1715 1619 1902 1669 Cuncta
1921 1612 2050 1669 vieta
2067 1616 2295 1667 accidiam*
2316 1613 2518 1681 damur]
2556 1614 2716 1669 Nune

1647 1694 1786 1745 addo
1839 1695 2009 1745 locum
2064 1694 2287 1746 Caesaris
2333 1694 2472 1746 Gall.
2511 1707 2594 1744 vr.
2637 1696 2724 1749 17.

1645 1773 1851 1825 ‘Marti
1873 1786 1992 1822 cum
2029 1772 2213 1837 praelio
2249 1773 2499 1824 dimicare
2521 1772 2723 1823 consti·

1644 1844 1877 1916 luerunt,
1896 1866 1964 1901 ea
1999 1865 2118 1917 quae
2142 1851 2283 1902 bello
2306 1851 2571 1917 ceperint,
2601 1851 2717 1918 ple·

1639 1943 1860 1994 rumque
1884 1929 2164 1994 devovent,
2182 1943 2297 1995 quae
2328 1929 2718 1994 superaverint,

1637 2004 1881 2055 animalia
1925 2012 2082 2071 capta
2119 2005 2434 2071 immolant3’
2486 2005 2714 2072 (rectius

1638 2082 1924 2147 distinguas
1945 2090 2107 2150 atque
2127 2085 2303 2149 legas.
2356 2085 2585 2137 devovent
2606 2099 2709 2149 φη

1634 2161 1976 2225 superaverint,
1990 2162 2235 2226 animalia,
2254 2161 2361 2241 ἔμ’.)
2394 2161 2605 2227 reliquae
2635 2176 2713 2212 res

1637 2236 1690 2287 ia
1706 2253 1854 2288 unum
1873 2238 2026 2289 locum
2044 2238 2319 2300 conferunt.-
2355 2239 2445 2290 ubi
2467 2245 2709 2291 notatum

1641 2313 1801 2366 etiam
1862 2318 1920 2366 de
1978 2317 2173 2381 reliquis
2214 2316 2369 2383 iebus,
2410 2316 2712 2369 inanimatis

1637 2405 1849 2459 nempe,
1873 2393 2097 2463 devotis.

1704 2467 2013 2522 Hauserunt
2070 2469 2229 2521 ritum
2290 2474 2568 2522 cruentum
2628 2469 2716 2522 isti

1637 2545 1858 2597 Barbari
1894 2562 1961 2598 ex
1982 2548 2277 2599 inconsulta
2296 2546 2594 2598 imitatione
2618 2562 2712 2613 po·

1636 2624 1750 2689 puli
1786 2624 2088 2689 Israelitici,
2133 2624 2225 2691 qui
2268 2623 2546 2690 aliquando
2603 2624 2714 2675 Dei

1623 2701 1775 2768 jussu
1794 2702 1963 2754 omnia
1984 2703 2127 2754 victa
2145 2701 2519 2768 pessumdedit.
2568 2703 2712 2767 Ergo

1632 2779 1863 2831 occidioni
1882 2782 1998 2831 dare
2028 2784 2200 2830 cuncta
2230 2778 2375 2842 victa,
2414 2773 2543 2829 nihil
2567 2777 2708 2829 aliud

1634 2869 1717 2914 est
1738 2878 1891 2930 quam
1915 2861 2041 2924 0³5¹·
2066 2862 2427 2928 Hebraeorum,
2444 2862 2584 2932 quod
2603 2877 2711 2916 non

1633 2940 1873 2993 occidere
1892 2948 2095 2993 tantum
2117 2940 2396 3006 siguificat,
2417 2955 2517 2993 nec
2541 2940 2613 2992 ad
2635 2940 2709 2992 vi·

1633 3033 1698 3071 va
1731 3025 1932 3071 tautum
1970 3018 2218 3084 refertur,
2250 3020 2343 3069 sed
2382 3018 2627 3085 perdere,
2648 3024 2709 3084 ut

1628 3096 1910 3148 inanimata
1933 3095 2093 3148 etiam
2116 3096 2520 3161 complectatur.

1692 3173 1843 3225 Sicut
1873 3178 1922 3224 l.
1946 3173 2083 3225 Sam.
2106 3185 2204 3224 xv.
2236 3176 2286 3224 8.
2319 3172 2529 3223 Samuel
2551 3171 2703 3223 Sauli

1630 3264 1748 3301 cum
1787 3250 1892 3301 suis
1928 3256 2115 3301 contra
2154 3248 2372 3300 Amalec
2412 3250 2467 3299 in
2502 3249 2699 3304 bellum

1630 3328 1841 3379 exeunti
1864 3328 1941 3380 sic
1972 3328 2084 3378 ait?
2130 3326 2381 3380 Occidiom·
2400 3318 2582 3378 dabitis
2604 3341 2702 3379 ont·

1626 3405 1729 3470 nia,
1743 3421 1847 3472 quae
1866 3404 2018 3470 ipsius
2035 3410 2165 3455 sunt.

1691 3482 1801 3533 Ubi
1823 3498 1890 3534 ex
1915 3497 2066 3533 versu
2097 3496 2236 3534 nono
2263 3497 2382 3534 cum
2402 3430 2701 3548 subjicitur,

1624 3560 1919 3625 pepercisse
1940 3559 2148 3610 Saulem
2184 3559 2342 3624 etiam
2374 3557 2602 3622 vestibus,
2623 3558 2700 3609 in·

1625 3637 1842 3688 tellectu
1865 3636 2003 3687 haud
2027 3635 2256 3701 difficile,
2277 3650 2366 3687 eas
2388 3636 2547 3706 etiam
2579 3629 2697 3701 per·

1624 3712 1679 3763 di
1723 3713 1980 3764 debuisse.
2067 3712 2268 3763 Similia
2321 3712 2467 3776 legas
2506 3712 2564 3762 in
2603 3712 2697 3762 lib.

1623 3791 1661 3845 J
1665 3806 1804 3843 osuae
1828 3807 1875 3842 c.
1899 3796 1948 3842 6.
1972 3796 2031 3841 et
2050 3794 2101 3842 7.
2156 3788 2531 3842 Freinshemius.

1690 3869 1899 3934 Cuncta]
1943 3870 2190 3933 vertunt,
2210 3872 2383 3918 cuncta
2418 3868 2696 3933 que-vitam

1620 3945 1869 4006 haberent:
1900 3944 2135 4008 frustra;
2171 3958 2291 3994 nam
2307 3937 2689 3998 ,consecravere

1621 4026 1794 4078 omnia
1816 4025 1955 4076 omni
1994 4023 2168 4085 modo,
2197 4023 2339 4074 viros
2364 4037 2541 4090 equos,
2577 4037 2693 4089 spo·

1618 4103 1705 4172 lia,
1719 4118 1882 4166 arma,
1901 4101 2185 4153 inanimata
2199 4100 2398 4152 omnia.
2438 4104 2543 4156 tum
2569 4114 2692 4151 vere

469 4177 691 4241 uinum,
731 4192 831 4228 nec
866 4179 1145 4246 quicquam
1182 4181 1438 4248 reliquum
1457 4181 1537 4233 fe
1613 4196 1687 4238 «κε
1708 4179 1873 4230 victis.

469 4254 580 4308 &0⁹
610 4255 855 4310 Aurelius.

1679 4259 1806 4308 ‘Ee
1844 4256 1987 4307 mina·
2007 4254 2195 4321 quidem
2226 4254 2420 4306 hostiles
2452 4255 2505 4326 in
2542 4253 2691 4319 ipsos]

535 4332 640 4387 Sed
683 4332 822 4388 forte
858 4333 962 4397 ‚ulto
1000 4335 1218 4392 consilio
1259 4337 1372 4404 egit
1425 4336 1535 4397 dux
1614 4332 1857 4440 Nempe
1842 4348 1897 4386 m
1927 4333 2070 4402 ipsos
2100 4332 2327 4396 hostes,
2313 4346 2367 4383 m
2398 4332 2539 4400 ipsos
2563 4332 2683 4384 Cat·
