3063 4952
324 427 390 491 8.*
407 426 473 485 C.
493 425 606 493 σι]

1038 422 1472 487 'niumm
1520 423 1669 475 mn.
1716 425 1851 478 xv.

2363 413 2539 484 1951

332 567 672 653 Namque,
703 569 727 604 ‘
757 567 846 634 ab
879 567 1034 634 lacu
1065 567 1368 633 Averno⁰
1410 570 1857 651 navigabilem
1907 569 2161 637 fossam
2187 593 2403 659 usque
2451 572 2541 639 ad

325 672 507 738 ostia
556 671 906 737 Tiberina?
964 671 1441 756 depressuro3‚'
1499 672 1956 756 promiserant,
2012 677 2341 760 squalenti
2361 685 2388 715 ²
2431 679 2545 746 lit-

330 777 522 853 tore,‘¹
564 780 680 839 aut
733 794 857 858 per
881 779 1133 839 montes
1172 774 1537 841 adversos.t

1626 775 1865 861 Neque
1898 778 2088 842 enim
2116 779 2296 844 aliud
2322 781 2540 848 humi·

323 957 441 1000 tem
462 952 529 1001 ab
550 952 667 1011 lacu
684 950 894 1002 Averno
916 965 1079 1017 usque
1100 949 1167 999 ad
1191 949 1326 1000 ostia
1343 949 1564 1014 Tiberis,
1585 951 1743 1001 creati
1761 951 1887 1016 ripa,
1904 953 1979 1002 vel
1993 968 2083 1016 per
2096 958 2275 1003 mentes
2294 957 2549 1021 oppositos.

333 1017 501 1082 Neque
520 1017 643 1068 enim
663 1017 786 1067 alius
815 1017 981 1067 humor
1014 1015 1368 1081 suppeditandis
1400 1017 1537 1080 aqrds
1568 1016 1667 1066 bac
1690 1017 1903 1082 regione
1924 1018 2104 1084 obvius,
2126 1034 2267 1085 quma
2286 1022 2546 1087 Pomptina

1256 1168 1287 1189 O
1289 1169 1462 1190 ““““

1464 1169 1614 1189 “O“

319 1268 473 1321 euim
496 1269 786 1337 squalidum
808 1269 1111 1337 aridumque
1135 1270 1302 1336 littus,
1333 1285 1437 1324 non
1460 1284 1586 1320 vero
1621 1283 1836 1335 sequax,
1861 1278 2195 1325 memoratur.
2258 1273 2545 1327 Brutia.-

1345 1420 1565 1472 NOTAE

332 1531 412 1583 liis
427 1531 515 1598 qui
544 1532 742 1598 videre,
757 1533 948 1584 nemini
963 1534 1233 1585 credibilia
1251 1542 1370 1584 sunt
1381 1551 1398 1597 ;

335 1623 369 1657 a
418 1608 633 1672 privatis
703 1611 1057 1675 compluribus
1124 1610 1398 1661 subversos

332 1690 554 1748 montes,
575 1686 739 1736 maria
761 1694 1028 1738 constrata
1047 1690 1189 1738 esse?
1213 1688 1397 1753 quibus

333 1762 455 1813 mihi
480 1760 702 1814 ludibrio
726 1764 971 1815 videntur
993 1764 1154 1815 fuisse
1171 1765 1399 1816 divitiae:

275 1835 280 1841 '
333 1839 528 1905 quippe
567 1850 693 1906 quas
715 1842 929 1892 honeste
962 1842 1155 1892 habere
1185 1842 1397 1906 licebat,

327 1929 427 1979 per
449 1918 821 1980 turpitudinem
846 1918 992 1968 abuti
1013 1917 1399 1982 properabant.’

404 1991 597 2042 Viribus
612 1993 865 2058 principis]
920 1994 1058 2043 Plin.
1083 2008 1285 2044 xxxvr.
1310 1999 1392 2044 13.

331 2068 423 2118 ubi
467 2071 533 2121 de
570 2072 892 2138 Labyrintho
933 2074 1155 2124 Italico:
1202 2075 1218 2102 ‘
1244 2073 1417 2135 Adeo⁴

333 2161 524 2198 vesana
568 2148 830 2200 dementia
884 2152 1131 2216 quaesisse
1162 2152 1395 2214 gloriam,

333 2223 594 2287 impendio
618 2226 744 2276 nulli
767 2226 1058 2291 profuturo.
1126 2227 1397 2279 Praeterea

334 2297 577 2363 fatigasse
621 2303 767 2365 regni
807 2304 963 2367 vires,
995 2309 1055 2353 ut
1092 2304 1396 2353 tamenlaus

332 2376 503 2440 major
525 2377 738 2429 artificis
755 2378 931 2431 esset!

407 2454 599 2506 Viribus
612 2456 847 2521 principis
862 2457 1080 2522 illudere]
1104 2457 1271 2511 Quam
1295 2472 1397 2508 rne-

331 2529 435 2580 lior
471 2538 528 2580 et
560 2532 867 2595 prudentior
885 2534 1231 2598 Vespasianus
1255 2532 1394 2598 apud

331 2606 480 2656 Suet.
497 2612 577 2658 18.
595 2609 610 2636 ‘
629 2609 937 2659 Mechanico
954 2625 1158 2676 quoque
1175 2610 1397 2674 grandes

334 2683 600 2735 columnas
641 2685 829 2748 exigua
854 2686 1089 2750 impensa
1112 2685 1395 2749 perductu-

335 2773 449 2809 rum
496 2760 550 2810 in
590 2761 902 2825 Capitolium
936 2764 1221 2826 pollicenti,
1266 2778 1398 2827 prae·

334 2835 490 2885 mium
528 2851 623 2901 pro
662 2845 953 2889 commento
992 2854 1095 2888 non
1135 2839 1394 2890 mediocre

299 2912 549 2976 ,obtulit,
592 2928 806 2979 operam
855 2916 1073 2980 remisit,
1126 2916 1396 2984 praefatus‚

334 2987 534 3039 sineret
555 3004 612 3039 se
635 2991 961 3056 plebeculam
987 2994 1244 3058 pascere.’

399 3065 523 3116 ‘’Ab
564 3067 669 3117 lacu
699 3069 911 3134 Averno]
968 3072 1166 3121 Plinius
1207 3073 1243 3122 l.
1283 3086 1399 3124 xiv.

331 3142 348 3170 ‘
382 3140 556 3194 Antea
609 3146 836 3196 Caecubo
892 3155 1007 3199 erat
1062 3151 1397 3214 generositas,

297 3275 305 3284 ,
336 3220 472 3284 quod
486 3221 596 3284 jam
614 3222 900 3289 intercidit,
917 3232 974 3276 et
994 3227 1197 3277 incuria
1216 3229 1402 3292 coloni,

333 3296 539 3362 locique
564 3299 832 3363 angustia:
868 3301 1035 3366 magis
1067 3309 1240 3353 tamen
1262 3302 1402 3354 fossa

333 3371 579 3437 Neronis,
599 3391 752 3440 quam
785 3390 815 3425 a
837 3377 1034 3428 Baiano
1056 3380 1170 3428 lacu
1194 3378 1398 3430 Ostiam

333 3463 499 3516 usque
520 3452 864 3517 navigabilem
885 3454 1260 3506 inchoaverat.'
1281 3455 1399 3520 Lip-

334 3540 454 3577 stus.

399 3606 613 3670 Amo]
652 3607 913 3672 Avernus,
934 3610 1077 3661 lacus
1096 3610 1395 3676 Campaniae

335 3683 639 3745 provinciae,
658 3691 713 3734 et
737 3687 1003 3749 proximus
1022 3688 1217 3752 Cumis,
1231 3689 1397 3750 Baiis,

335 3764 392 3807 et
446 3759 715 3811 Puteolis:
780 3764 934 3815 hodie
985 3771 1204 3815 vocatur
1258 3766 1397 3829 Lago

333 3833 574 3885 &Averno
591 3846 645 3886 et
662 3840 714 3887 di
727 3841 1022 3904 stepergole.
1056 3844 1151 3892 Est
1171 3841 1227 3892 in
1245 3849 1396 3907 parte

334 3913 655 3963 meridionali
675 3918 955 3980 provincias
968 3918 1151 3968 Terrae
1165 3919 1404 3984 Laboris,

332 3991 390 4041 in
428 4005 591 4055 regno
635 3993 1004 4058 Neapolitano,
1044 4010 1114 4047 ex
1140 3996 1399 4046 Cluverio.

331 4068 655 4119 numnius.

398 4143 444 4193 A
462 4144 567 4192 lacu
582 4144 792 4207 Averno]
822 4145 1039 4196 Sueten.
1056 4151 1137 4197 31.
1151 4147 1168 4175 ‘
1185 4149 1395 4197 Fossam

337 4218 404 4269 ab
426 4219 637 4270 Averno
657 4220 861 4271 Ostiam
884 4238 1063 4288 usque,
1077 4231 1137 4272 ut
1157 4225 1398 4287 navibus,

320 4283 434 4348 -bec
458 4301 632 4351 tamen
668 4299 801 4350 mari
840 4299 1026 4366 iretur,
1059 4300 1400 4367 longitudinis

1480 1548 1577 1599 per
1614 1540 1823 1585 centum
1861 1533 2133 1599 sexaginta
2171 1533 2350 1598 millia,
2369 1534 2549 1586 latitu-

1479 1611 1633 1674 dinis,
1675 1626 1775 1676 qna
1828 1611 2104 1662 contrarioe
2150 1612 2547 1678 quinqueremes

1480 1695 1852 1739 commearent.
1919 1690 2152 1740 Quorum
2176 1703 2391 1752 operum
2428 1702 2547 1753 per-

1479 1764 1821 1815 ficiendorum
1844 1767 2032 1830 gratia,
2065 1754 2206 1831 quod
2238 1765 2432 1830 ubique
2467 1779 2548 1817 es·

1480 1849 1564 1892 set
1619 1842 1872 1893 custodiae
1923 1843 1978 1892 in
2013 1842 2221 1892 Italiam
2261 1840 2552 1906 deportari,

1479 1920 1636 1969 etiam
1676 1920 1873 1969 scelere
1898 1920 2189 1982 convictos,
2225 1933 2330 1968 non
2354 1917 2451 1969 nisi
2476 1917 2545 1968 ad

1477 2010 1607 2060 opus
1631 1994 1865 2045 damnari
1889 1994 2263 2061 praeceperat.'

1538 2079 1565 2114 Ρ
1603 2074 1757 2137 Usque
1793 2076 1858 2122 ad
1893 2074 2016 2123 ostia
2041 2070 2285 2134 Tiberina]
2319 2071 2440 2122 Non
2480 2083 2545 2121 ea

1471 2149 1615 2213 ostia,
1631 2150 1814 2214 quibus
1836 2150 1891 2198 in
1912 2163 2055 2199 mare
2080 2146 2294 2199 confluit
2308 2148 2514 2198 Tiberis
2534 2164 2551 2211 ς

1472 2226 1607 2276 forte
1629 2225 1820 2276 fossam
1862 2226 1927 2276 ab
1948 2225 2163 2276 Averno
2200 2226 2318 2284 lacu
2340 2226 2441 2275 huc
2465 2239 2548 2276 us-

1476 2316 1579 2367 que
1616 2302 1966 2367 navigabilem
2000 2299 2210 2351 efficere
2236 2300 2420 2363 voluit,
2439 2314 2546 2351 non

1476 2384 1652 2428 tamen
1675 2392 1785 2428 eam
1824 2378 1878 2427 in
1897 2376 2123 2427 Tiberim
2159 2375 2441 2440 deducere,
2481 2390 2551 2427 ne

1476 2456 1882 2508 exundationum
1921 2470 2076 2506 causa
2108 2452 2281 2518 foret3
2317 2460 2550 2505 attamen

1478 2535 1556 2584 sic
1598 2533 1798 2598 pariter
1836 2532 1978 2583 utilis
2024 2532 2078 2582 in
2118 2530 2385 2595 publicum
2432 2544 2548 2580 esse

1477 2610 1653 2674 potnit
1673 2609 1983 2662 commercio
2004 2615 2062 2659 et
2082 2606 2457 2659 commeatibus
2475 2606 2549 2655 in-

1475 2686 1726 2737 vehendis
1747 2694 1803 2737 et
1825 2686 1940 2736 aliis
1971 2685 2156 2735 causis.

1540 2771 1569 2805 ¹1
1589 2762 1833 2826 Squalenti
1870 2761 2055 2823 littore]
2122 2760 2188 2810 Id
2232 2764 2335 2821 est,
2378 2757 2545 2822 arido,

1475 2841 1585 2890 sine
1603 2840 1872 2890 arboribus
1895 2846 1985 2890 aut
2003 2837 2275 2888 frondibus
2316 2844 2407 2887 aut
2428 2837 2545 2886 her·

1476 2916 1574 2977 bis,
1594 2923 1651 2967 et
1669 2932 1734 2968 ne
1752 2917 1873 2968 dum
1892 2932 2043 2984 aqna,
2065 2915 2202 2965 omni
2224 2928 2437 2981 prorsus
2456 2929 2543 2965 ca-

1476 3010 1595 3046 rens
1616 2995 1945 3048 humiditate.
1995 2994 2223 3045 Picheua.
2294 2994 2412 3045 Non
2437 2992 2547 3058 agi-

1480 3079 1566 3122 tur
1595 3072 1678 3122 hic
1701 3072 1768 3121 de
1807 3065 2079 3122 arboribus
2102 3076 2192 3120 aut
2225 3069 2418 3130 herbis,
2454 3068 2549 3134 sed

1479 3148 1547 3198 de
1565 3148 1799 3199 fontibus
1816 3155 1873 3198 et
1894 3147 2072 3197 rivulis
2097 3147 2187 3212 qui
2207 3152 2384 3211 coepta
2396 3145 2552 3209 juva·

1481 3233 1620 3276 rent.

1547 3303 1795 3367 »squalenti
1838 3302 2022 3365 littore]
2100 3301 2260 3363 Puto,
2303 3299 2553 3364 intelligit

1479 3380 1631 3429 littus
1653 3379 1819 3444 ipsum
1844 3380 2019 3441 fossae,
2041 3393 2196 3443 quam
2234 3377 2427 3428 ducere
2460 3390 2551 3426 vo-

1478 3455 1660 3506 lebant
1695 3455 1763 3504 ab
1784 3456 1900 3505 lacu
1918 3454 2123 3520 Averno.
2193 3453 2350 3507 Quod
2383 3453 2551 3518 littus,

1479 3546 1574 3582 sen
1596 3533 1820 3597 spatium
1844 3538 2022 3595 terrae,
2045 3531 2089 3580 si
2113 3530 2306 3595 passim
2329 3529 2551 3580 baberet

1473 3611 1740 3661 humorem
1765 3617 1819 3661 et
1843 3625 2020 3676 aquas,
2037 3610 2233 3661 circum
2259 3608 2548 3661 scaturien-

1478 3692 1581 3748 tes,
1601 3687 1748 3751 longe
1766 3685 1970 3736 facilior
1992 3684 2130 3735 fossa
2146 3684 2303 3745 foret,
2317 3690 2375 3735 et
2396 3697 2552 3748 prop·

1477 3767 1559 3811 ter
1578 3763 1974 3826 propensionem
1994 3777 2028 3811 a
2044 3767 2231 3811 natura
2255 3762 2479 3821 insitam,
2493 3762 2552 3807 et

1481 3835 1606 3900 quia
1646 3836 1748 3886 huc
1794 3837 1971 3885 multae
2012 3834 2337 3886 confluerent
2380 3846 2548 3897 aquae,

1480 3926 1597 3977 quae
1619 3912 1768 3962 simul
1789 3918 2121 3976 congregatae
2158 3922 2437 3976 perennem
2475 3909 2548 3960 al-

1481 4004 1631 4040 veum
1652 3987 1889 4040 facerent
1903 3989 2274 4054 juvarentque.

1547 4068 1678 4119 Cum
1701 4080 1731 4115 e
1766 4071 1947 4115 contra
1988 4063 2265 4128 squallenti
2306 4067 2363 4110 et
2401 4060 2548 4112 arido

1477 4143 1587 4194 solo
1609 4143 1854 4192 damnata
1894 4142 2050 4191 tellus
2089 4141 2454 4190 documentum
2477 4138 2551 4190 sit

1476 4220 1772 4284 pervicacis
1797 4216 2190 4281 resistentisque
2210 4221 2429 4274 natnrae,
2448 4227 2551 4266 nec

1473 4313 1663 4367 aquam
1683 4299 1808 4352 illuc
1830 4299 1969 4349 ultro
1994 4310 2229 4363 vergere,
2248 4309 2348 4348 nec
2366 4294 2551 4347 favere
