3063 4952
359 365 410 417 J.
430 349 631 428 elsa}
660 379 687 392 ·

1053 349 1472 404 ANNALIUM
1523 350 1671 400 Lm.

1718 348 1893 402 xm.
2401 331 2574 400 1529

358 506 556 569 robur
616 499 866 569 atatis*
923 518 1077 565 eum
1138 498 1426 583 primum
1490 499 1946 580 magistratmn
2003 495 2565 581 capessentibus·

356 607 554 692 igitur
601 604 788 672 Nero
838 602 1181 668 Praeturav
1200 610 1224 638 ²
1269 603 1657 687 perfunctos
1704 604 1773 665 et
1813 602 2217 742 experientia
2246 601 2569 686 probatos

358 711 621 794 delegit.
625 718 654 745 ¹

437 814 547 916 30.
594 814 972 879 Damnatus
1000 811 1236 877 iisdem
1268 810 1672 877 Consulibus
1699 812 2091 898 Vipsanius¹
2137 811 2450 922 Laena8,‘
2481 755 2571 873 ob

351 991 419 1034 tes
437 985 758 1048 negligentius
771 984 1088 1061 providerent,
1124 983 1206 1031 sed
1232 985 1421 1031 matura
1441 985 1561 1030 tetus
1580 982 1742 1031 deerat
1763 981 1816 1030 id
1833 981 2043 1045 primum
2076 994 2243 1031 munus
2279 979 2571 1045 suscipienti·
2633 1001 2642 1004 ι

517 1051 689 1113 Itaque
709 1050 839 1099 Nero
862 1050 997 1098 viros
1006 1048 1275 1111 praetorios,
1296 1051 1344 1097 et
1365 1062 1522 1096 rerum
1544 1062 1634 1096 usu
1659 1048 1926 1111 conspicuos
1948 1047 2187 1110 imposuit.

353 1051 449 1101 bus.

423 1116 681 1181 Vipsanius
712 1115 883 1165 Loenas
924 1114 1094 1163 iisdem
1126 1112 1390 1163 consulibus
1416 1114 1614 1179 panim
1637 1119 1739 1176 est,
1773 1112 1908 1177 quod
1942 1112 2226 1161 Sardiniam
2251 1110 2569 1175 provinciam

1279 1223 1636 1243 ‘N‘OmOO‘O

345 1287 580 1352 permisit.
634 1288 842 1338 Ernest.
890 1286 1025 1337 Bud.
1071 1300 1316 1350 quoquea
1347 1291 1395 1336 1.
1419 1300 1488 1335 m.
1534 1284 1762 1335 babebat
1781 1284 2015 1349 promisit.
2052 1284 2289 1336 oberlin.
2291 1287 2388 1333 —2
2422 1283 2568 1334 Libri

351 1355 531 1419 scripti
557 1360 616 1404 et
644 1354 773 1405 editi
790 1353 1094 1417 proefeetura.
1131 1351 1364 1401 Pichena
1386 1357 1440 1400 et
1465 1351 1780 1400 recentiores
1806 1357 1950 1401 recte
1974 1351 2316 1401 emendarunt
2331 1354 2568 1415 proeturo.

350 1419 826 1536 suftffigeinfflus
836 1426 1089 1534 prmaetura
1089 1416 1299 1534 {¹:an3
1313 1416 1852 1546 dbffitluVivaeger
1852 1482 1990 1532 unde
2006 1480 2147 1533 forte
2177 1482 2432 1551 Vipstanus
2452 1480 2574 1553 scri5

350 1550 592 1601 bendum.
644 1551 781 1602 Vide
819 1564 937 1601 xxv.
972 1555 1019 1600 1.
1056 1556 1111 1599 et
1148 1552 1341 1601 ¹1.23.
1394 1548 1629 1614 Ryckius.

1350 1679 1573 1732 NOTAE

352 1801 630 1860 praeturas,
650 1793 1064 1859 adipiscerentur
1102 1795 1273 1848 aerarii
1308 1810 1417 1845 mu-

349 1888 474 1923 nere
539 1872 790 1933 defuncti,
852 1873 994 1938 quod
1040 1877 1268 1923 testatur
1312 1872 1417 1923 Dio

352 1951 387 1999 l.
410 1961 507 2001 ιιι..

411 2027 490 2077 At
513 2026 696 2078 eadem
720 2027 798 2077 vis
820 2027 872 2076 iu
888 2027 1068 2089 verbo,
1095 2026 1336 2090 promisit,
1359 2032 1422 2078 ut

345 2104 411 2153 sit
428 2119 635 2166 seusus,
660 2104 931 2168 promissas
965 2104 1081 2155 illas
1112 2111 1262 2155 extra
1283 2104 1419 2155 ordi·

345 2195 462 2232 nem
504 2186 778 2245 praeturas,
822 2197 947 2246 quas
990 2182 1193 2233 scilicet
1234 2188 1420 2246 postea

347 2258 783 2322 adipiscerentur,
833 2265 990 2324 atque
1046 2258 1252 2310 interim
1306 2267 1419 2309 tan-

346 2350 500 2399 quam
517 2341 773 2399 praetores
804 2336 1058 2402 designati
1084 2337 1414 2388 haberentur.

346 2411 484 2462 Nam
527 2411 571 2460 si
617 2418 732 2476 post
771 2414 939 2474 aerarii
979 2429 1183 2478 munus,
1228 2415 1416 2480 privati

345 2490 735 2555 remansissent,
770 2490 1102 2542 offensionum
1123 2499 1284 2555 metu,
1303 2507 1416 2558 seg·

345 2568 458 2616 nius
479 2568 667 2618 aerario
690 2570 1084 2620 consuluissent.
1117 2570 1349 2621 Pit-hena.

409 2646 580 2696 Extra
614 2645 851 2708 ordinem]
901 2647 968 2697 Id
1006 2654 1104 2709 est,
1146 2655 1269 2698 ante
1294 2654 1416 2698 aeta·

346 2729 474 2786 tem,
514 2737 615 2773 nec
635 2722 774 2774 forte
809 2729 1045 2788 spectata
1077 2724 1293 2789 origine,
1323 2731 1416 2777 aut

252 2820 267 2845 ι
345 2800 458 2849 aliis
481 2799 683 2852 omissis
699 2801 992 2862 honoribus,
1016 2808 1073 2852 et
1090 2801 1209 2851 solis
1239 2800 1416 2853 suffra-

346 2878 441 2942 giis
465 2879 690 2928 Caesaris
712 2881 903 2943 evecti,
933 2880 1009 2931 ita
1033 2887 1092 2930 ut
1114 2886 1289 2931 essent
1307 2897 1416 2931 cun·

340 2955 497 3006 afflati
525 2956 791 3021 principis.
861 2958 999 3008 Nam
1025 2972 1143 3008 cum
1161 2958 1261 3009 hac
1283 2973 1410 3008 cura

344 3030 654 3083 offensiones
688 3034 1034 3097 incurrerent,
1074 3034 1213 3086 forte
1234 3034 1415 3086 suffra—

344 3108 438 3171 giis
460 3109 657 3160 civium
680 3109 902 3162 fuissent
934 3113 1125 3176 rejecti
1146 3119 1201 3164 et
1223 3114 1416 3179 impro-

343 3186 468 3238 bati.
539 3184 683 3237 Hinc
740 3196 893 3239 extra
945 3189 1180 3239 ordinem
1213 3190 1289 3239 eis
1327 3191 1415 3239 ho-

344 3280 498 3317 nores
520 3266 765 3330 promisit
797 3269 992 3330 Caesar,
1014 3274 1084 3317 -ut
1107 3268 1288 3319 statim
1311 3284 1416 3318 ma·-

339 3344 470 3407 joris
519 3344 843 3395 auctoritatis
899 3353 1094 3409 essent,
1142 3354 1198 3396 et
1246 3345 1415 3396 acrius

345 3420 693 3490 invigilarent.

409 3497 575 3546 Extra
597 3496 830 3560 ordinem]
887 3499 1043 3548 Forte
1065 3504 1190 3549 ante
1210 3506 1416 3564 tempus

344 3571 552 3636 legibus
598 3574 984 3637 praescriptum,
1037 3577 1121 3624 vel
1164 3573 1302 3626 forte
1347 3576 1415 3626 de

348 3649 604 3713 praetoriis
637 3651 1200 3714 ornamentis-intelligi
1223 3660 1415 3717 potest,

347 3741 461 3790 quae
502 3733 669 3778 extra
724 3726 957 3779 ordinem
999 3729 1416 3781 concederentur

346 3803 427 3865 iis,
466 3803 556 3868 qui
612 3818 794 3854 veram
848 3814 1133 3870 praeturam
1182 3808 1417 3859 obtinere

348 3881 472 3938 alias
489 3896 593 3931 non
613 3890 846 3946 possent.

411 3960 579 4008 Extra
593 3959 829 4024 ordinem]
854 3961 904 4012 N
910 3976 973 4012 on
1000 3968 1278 4026 expectata
1297 3968 1421 4013 aeta·

348 4041 420 4097 te,
443 4042 537 4086 aut
557 4036 785 4086 annariis
806 4037 1024 4101 legibus,
1054 4039 1165 4090 sine
1201 4039 1420 4105 ambitu,

349 4113 456 4163 siue
479 4121 643 4176 sorte,
684 4115 768 4163 vel
803 4112 1082 4181 suffragiis,
1116 4118 1227 4166 sola
1249 4123 1418 4183 potes-

346 4193 454 4259 tate
500 4188 754 4254 principis
792 4198 848 4241 et
888 4191 1069 4243 favore
1104 4194 1273 4259 ipsius
1292 4195 1419 4246 talia

345 4265 686 4332 obtinebant3
727 4275 787 4320 ut
808 4283 994 4338 nempe
1030 4272 1220 4325 talibus
1253 4274 1412 4326 hono·

1498 1796 1641 1847 ribus
1664 1796 1856 1847 firmati
1880 1797 2141 1862 auctique,
2177 1794 2358 1862 majori
2392 1798 2570 1843 aucto·

1499 1873 1657 1923 ritate
1711 1888 1897 1924 munus
1938 1879 2262 1937 exercerent,
2301 1885 2402 1921 uon
2438 1869 2571 1921 indi-

1501 1956 1687 2015 gentes
1730 1950 1909 2001 favore
1949 1958 2040 2001 aut
2080 1951 2275 2001 ambitu
2308 1947 2570 2013 suffragio·

1500 2043 1635 2092 rum,
1663 2037 1722 2080 ut
1742 2031 1962 2080 honores
1982 2029 2419 2099 adipiscerentur.
2488 2027 2572 2076 ln·

1502 2106 1698 2171 telligit
1749 2107 2014 2171 praecipue
2064 2106 2132 2156 de
2198 2103 2451 2154 aedilitate
2513 2110 2569 2152 et

1499 2194 1748 2251 praetura,
1777 2187 1865 2251 qui
1891 2185 2081 2251 gradus
2106 2184 2171 2233 ad
2195 2198 2445 2234 summum
2468 2181 2571 2232 fas·-

1499 2263 1703 2328 tigium,
1724 2264 2048 2313 consulatum
2080 2276 2285 2326 nempe.

1551 2340 1758 2390 »Robur
1772 2339 1955 2402 etatis]
1976 2341 2182 2403 Nempe
2200 2345 2405 2389 matura
2425 2343 2571 2401 aetas,

1498 2432 1601 2482 qua
1624 2417 1945 2482 experientia
1967 2423 2023 2465 et
2045 2416 2273 2481 cognitio
2296 2428 2467 2465 rerum
2491 2421 2569 2464 at-

1497 2509 1598 2559 que
1620 2493 1944 2557 ingeniorum
1968 2491 2274 2556 aequiritur.
2477 2504 2478 2507 ’

1561 2578 1594 2603 w
1629 2569 1877 2632 Proeturu]
1933 2568 2215 2632 Distingue
2237 2582 2352 2617 cum
2384 2567 2568 2617 Tacito

1493 2649 1631 2699 inter
1642 2647 1892 2713 proetorios
1903 2652 1958 2696 et
1968 2643 2397 2710 proeturafunetos.
2422 2644 2569 2695 Prae·
2599 2656 2602 2661 '

1495 2727 1619 2777 torii
1651 2723 2152 2787 habebantinsiguia
2175 2727 2439 2786 praeturae,
2474 2722 2568 2772 sed

1495 2819 1598 2856 non
1639 2810 1867 2869 praetura
1901 2800 2068 2851 functi
2090 2806 2257 2850 eraut.
2326 2798 2413 2849 Sic
2435 2800 2570 2849 Nar·

1491 2881 1651 2932 cissus
1672 2879 1971 2945 questoriae,
2009 2878 2129 2943 quia
2166 2890 2355 2940 nempe
2387 2876 2570 2926 habuit

1493 2958 1718 3022 insignia
1736 2964 2016 3022 quaesturae
2043 2973 2057 3016 3
2083 2956 2157 3005 sic
2178 2961 2234 3004 et
2257 2954 2425 3004 Pallas
2442 2968 2568 3018 proe·

1493 3037 1662 3098 torius,
1702 3035 1823 3101 quia
1842 3034 2022 3085 habuit
2046 3032 2263 3096 insignia
2289 3039 2567 3096 ρωποι-ες

1495 3119 1684 3164 neuter
1707 3121 1880 3164 tamen
1918 3119 2184 3178 quaestura
2217 3117 2309 3160 aut
2333 3116 2568 3174 praetura

1496 3191 1706 3242 functus
1731 3200 1862 3241 erat.

1561 3277 1586 3302 '⁶
1624 3269 1939 3334 Experientia
1956 3267 2181 3334 probatos
2215 3263 2418 3328 delegit]
2480 3265 2567 3314 Sic

1496 3346 1815 3397 vitatomnia
1848 3361 1963 3410 quae
2007 3343 2216 3394 fuerant
2246 3340 2570 3391 incommoda

1497 3424 1672 3488 regnis
1695 3422 2070 3487 superioribus:
2100 3419 2220 3484 quia
2242 3418 2354 3482 ipse
2376 3417 2571 3480 delegit,

1495 3502 1572 3552 sic
1595 3502 1729 3552 vitat
1748 3499 1995 3562 favorem,
2018 3498 2191 3548 studia
2212 3495 2569 3560 ambitumque

1495 3577 1874 3643 suffragiorum,
1894 3576 2044 3626 simul
2073 3581 2127 3624 et
2147 3578 2335 3637 sortem,
2360 3587 2476 3638 quae
2501 3572 2569 3622 ad

1497 3673 1679 3724 parum
1699 3657 1911 3707 idoneos
1944 3653 2241 3704 deerrabat.

1563 3735 1761 3798 Detegit
1773 3734 1934 3785 etiam
1952 3735 2166 3797 proetura
2183 3728 2475 3794 perfunctos,
2509 3734 2570 3778 ut

1498 3820 1658 3863 aetate
1681 3820 1736 3863 et
1757 3810 2086 3876 experientia
2109 3806 2378 3872 cognitos3
2417 3813 2475 3854 et
2496 3804 2571 3855 sie

1498 3890 1636 3941 vitat
1674 3891 1880 3954 culpam
1920 3886 2145 3948 Claudii,
2172 3884 2260 3949 qui
2285 3889 2571 3948 quaestores

1500 3973 1661 4018 aetate
1674 3968 1909 4032 juniores
1932 3964 1997 4013 ad
2020 3963 2073 4012 id
2098 3975 2279 4011 munus
2305 3966 2572 4012 evexerat.

1567 4043 1785 4108 Delegit]
1849 4041 2101 4104 Princeps
2134 4039 2245 4102 ipse
2278 4036 2474 4100 delegit,
2504 4051 2570 4086 na

1497 4120 1714 4172 ambitui
1735 4117 2095 4183 suffragiorum
2118 4117 2171 4167 in
2189 4121 2382 4187 ‘senatu
2399 4115 2570 4187 locum

1499 4200 1750 4264 aperiret,
1786 4203 1879 4246 aut
1914 4208 1981 4244 ne
2017 4199 2159 4245 sorte
2180 4207 2264 4245 res
2288 4192 2356 4243 ad
2386 4206 2570 4257 parum

1491 4271 1705 4330 idtneos
1724 4273 2017 4327 deveniret.
