3063 4952
441 372 616 444 1400

338 544 341 547 ’
431 535 829 625 temperare,
859 551 1238 619 quanquam
1282 532 1518 613 oratio,
1553 553 1597 598 a
1627 533 1882 600 Seneca
1930 537 2326 621 composita,
2374 543 2655 632 multum

429 635 656 700 ‘cultus
706 636 1082 718 praeferret:
1124 641 1202 702 ut
1258 637 1382 701 fuit
1433 638 1529 702 illi
1588 637 1734 703 viro
1781 639 2111 721 ingenium
2167 655 2549 725 amoenum,⁰
2590 652 2658 712 et

427 738 756 822 ,temporis
829 738 972 822 ejus
994 747 1014 779 ¹
1084 741 1355 805 auribus
1372 749 1402 790 P
1471 741 2073 808 accommodatum.
2232 743 2658 813 Annotabant

429 840 753 920 seniores»,
774 843 1016 926 quibus
1037 843 1329 908 otiosum
1347 850 1373 880 ²
1403 848 1504 908 est
1529 849 1752 908 vetera
1772 849 1836 907 et
1857 846 2215 927 praesentia
2235 850 2653 930 contendere,

430 945 465 1015 ἰ
496 944 778 1027 primum
805 966 893 1010 ex
940 946 1052 1025 iis,
1112 948 1229 1032 qui
1273 938 1491 1013 rerum
1538 948 1730 1033 potiti
1778 954 2023 1028 essent,
2059 949 2389 1015 Neronem
2420 955 2653 1029 alienae

439 1043 775 1112 facundiae
800 1048 1107 1132 eguisse.’
1152 1049 1335 1115 Nam
1356 1051 1664 1116 Dictator
1685 1048 1959 1116 Caesarq
1985 1055 2260 1119 summis
2289 1050 2662 1122 oratoribus

1124 438 1127 443 ,
1154 392 1223 447 G.
1268 390 1634 450 CORNELII
1682 389 1942 457 TAcl'r}
2326 397 2420 464 [A.
2443 400 2512 451 U.
2535 405 2652 461 808.

428 1212 678 1264 abstinere
701 1215 905 1279 potnit;
937 1219 1147 1281 quamvis
1190 1221 1360 1283 oratio,
1368 1219 1588 1281 formata
1620 1237 1651 1271 a
1687 1220 1885 1283 Seneca,
1926 1222 2183 1285 plurimum
2221 1226 2473 1287 elegantiae
2503 1230 2657 1285 osten·

440 1283 599 1328 taret:
654 1285 709 1335 nt
737 1280 845 1341 fuit
887 1283 960 1332 illi
1013 1284 1192 1334 homini
1231 1291 1477 1337 venustum
1518 1293 1568 1337 et
1610 1289 1797 1349 elegans
1839 1289 2101 1351 ingenium,
2142 1294 2191 1338 et
2235 1291 2373 1354 qnod
2406 1292 2535 1341 illius
2565 1292 2657 1341 aevi

432 1344 630 1393 auribus
667 1347 788 1396 mire
823 1349 1046 1411 placeret.
1135 1351 1456 1401 observabant
1495 1359 1611 1402 natu
1660 1354 1954 1416 grandiores,
2007 1355 2173 1417 quibus
2213 1371 2304 1419 per
2356 1356 2506 1406 otium
2548 1357 2659 1406 licet

439 1424 710 1472 comparare
731 1412 958 1462 invicem
976 1415 1222 1476 proeterita
1243 1423 1289 1464 et
1308 1418 1579 1481 praesentia,
1601 1420 1819 1482 primum
1845 1433 1911 1467 ex
1934 1419 2015 1480 iis,
2039 1420 2125 1483 qui
2148 1421 2421 1484 imperium
2453 1421 2658 1471 obtinn-

436 1472 621 1540 issent,
644 1476 907 1528 Neronem
941 1479 1111 1531 alieno
1143 1481 1349 1546 ingenio
1370 1483 1668 1547 indiguisse.
1736 1484 1922 1548 Quippe
1940 1485 2014 1533 D.
2036 1485 2199 1535 Julius
2227 1487 2483 1551 praecipuis
2503 1491 2658 1536 ‹nuto-

1375 1639 1464 1659 0⁴00
1468 1639 1671 1660 „OOC”
1675 1640 1733 1659 OQ

508 1748 542 1793 1
574 1743 660 1794 Ita
683 1743 809 1797 Mss.
830 1747 1005 1799 Vatic.
1027 1752 1154 1798 1863
1194 1755 1251 1799 et
1271 1753 1416 1800 1864.
1451 1749 1593 1801 Flor.
1628 1750 1759 1814 Reg.
1797 1751 1960 1802 editio
2000 1750 2266 1818 princeps,
2301 1751 2419 1804 Jac.
2457 1752 2659 1803 Grono-

441 1808 556 1859 vius
594 1817 651 1860 et
702 1812 1033 1864 recentiores.
1112 1815 1177 1864 In
1213 1815 1549 1869 Mss.Vatic.
1589 1820 1734 1866 1958.
1791 1817 1940 1867 Harl.
1996 1818 2149 1868 Bodl.
2206 1825 2263 1867 et
2316 1819 2661 1878 Puteolanus,

439 1876 667 1938 temporis
706 1876 984 1928 illium—2
1015 1879 1103 1930 Sic
1145 1881 1276 1931 Men.
1320 1881 1492 1932 Vatic.
1542 1885 1687 1932 1958.
1731 1882 1872 1933 Flor.
1921 1882 2075 1933 Harl.
2121 1883 2277 1933 Bodl.
2320 1883 2431 1936 Jes.
2480 1883 2659 1953 Guelt'.

437 1938 777 2004 Puteolanus,
799 1942 1028 1993 Pichena
1049 1951 1106 1995 et
1126 1946 1460 1997 recentiores.
1526 1947 1592 1996 In
1616 1948 1745 1997 Mss.
1772 1947 1947 1998 Vatic.
1996 1953 2119 1998 1863
2160 1954 2216 1998 et
2247 1952 2395 1999 1864.
2431 1948 2561 2012 Reg.
2602 1955 2661 2000 et

441 2002 674 2056 editione
691 2009 949 2074 principe,
967 2011 1135 2074 quibus
1154 2014 1302 2061 otium
1323 2017 1411 2084 est..
1469 2012 1700 2077 Margini
1718 2013 1821 2063 ΜΒ.
1834 2013 2010 2064 Vatic.
2027 2017 2174 2066 1863.
2194 2013 2428 2065 additum
2444 2016 2663 2068 otiosum.

1438 2155 1663 2243 NOTAE

427 2262 688 2323 ,solertem
741 2274 797 2318 et
840 2270 1197 2336 perspicacem
1249 2275 1510 2325 hominem

439 2340 636 2393 tradit:
662 2344 736 2394 sic
757 2346 902 2396 illum
921 2361 1010 2398 ore
1029 2350 1251 2400 Neronis
1267 2351 1508 2413 deriden-

434 2414 562 2469 dum
586 2422 754 2486 palam
777 2424 1012 2475 exhibuit
1034 2427 1250 2480 Seneca.

506 2505 531 2534 ⁰
558 2498 751 2559 Utfm't
772 2501 848 2551 illi
870 2503 973 2553 viro
995 2504 1235 2568 ingenium
1255 2509 1508 2574 amoenum]

442 2572 752 2627 Quintilian.
773 2578 808 2627 l.
831 2592 885 2629 x.
904 2575 1080 2632 In'stit.
1099 2583 1113 2611 ‘
1139 2584 1411 2647 Ingenium
1433 2585 1507 2636 fa·

429 2651 543 2704 cile
589 2660 645 2704 et
688 2656 975 2720 copiosum,
1015 2659 1292 2723 plurimum
1334 2663 1510 2728 studii,

436 2730 719 2780 multarum
764 2748 936 2784 rerum
998 2735 1254 2799 cognitio:
1307 2738 1364 2787 in
1407 2755 1509 2806 qua

430 2812 613 2857 tamen
637 2808 912 2873 aliquando
937 2811 1002 2861 ab
1024 2812 1104 2875 iis,
1125 2814 1307 2878 quibus
1346 2815 1511 2882 inqui-

434 2883 606 2945 ⁹remla
638 2885 875 2949 quaedam
920 2889 1216 2955 mandabat,
1258 2891 1508 2958 deceptus

438 2965 537 3011 est.
619 2963 891 3014 Tractavit
939 2966 1097 3016 etiam
1145 2982 1348 3021 omnem
1397 2972 1510 3023 fere

427 3038 722 3090 ,studiorum
767 3044 1054 3094 materiam.
1121 3047 1260 3098 Nam
1299 3055 1355 3100 et
1395 3053 1509 3101 ora-

428 3115 608 3168 tiones
631 3119 740 3182 ejus
773 3126 828 3171 et
850 3122 1093 3185 poemata
1116 3132 1172 3174 et
1193 3126 1428 3189 epistolae
1453 3136 1510 3181 et

430 3191 630 3260 ,dialogi
650 3195 913 3251 feruntur.
980 3200 1043 3249 In
1067 3202 1400 3269 Philosophia
1424 3222 1512 3271 pa-

428 3284 551 3328 ,rum
568 3271 808 3337 diligari,
823 3277 1060 3341 egregius
1078 3285 1249 3330 tamen
1267 3282 1511 3335 vitiorum

435 3346 722 3402 insectator
758 3351 878 3405 fuit.
920 3356 1134 3418 ,Multae
1159 3358 1213 3408 in
1249 3375 1312 3409 eo
1334 3362 1513 3414 clarae-

391 3430 397 3435 ’
426 3438 541 3489 „qne
581 3431 875 3494 sententiae,
913 3433 1078 3483 multa
1116 3435 1272 3485 etiam
1309 3454 1510 3492 morum

427 3504 607 3567 ,gratia
651 3506 907 3570 legenda;
962 3510 1053 3559 sed
1110 3512 1165 3562 in
1220 3515 1510 3582 eloquendo

433 3587 685 3645 corrupta
707 3583 974 3649 pleraque,
997 3594 1155 3654 atque
1178 3606 1240 3641 eo
1260 3594 1512 3656 pernicio-

370 3702 381 3710 ,
427 3657 662 3722 ¹sissima,
695 3663 832 3726 quod
874 3663 1142 3719 abundant
1180 3669 1415 3722 dulcibus
1437 3674 1512 3723 vi-

432 3735 543 3798 tiis.
610 3739 785 3788 Velles
809 3756 923 3790 eum
947 3758 1041 3794 suo
1067 3747 1274 3810 ingenio
1297 3749 1513 3814 dixisse,

436 3814 610 3868 alieno
642 3818 859 3881 judicio.
927 3823 1062 3879 Nam
1098 3826 1142 3874 si
1179 3827 1354 3893 aliqua
1390 3843 1512 3879 con·

437 3893 717 3955 temsisset,
753 3898 797 3946 si
836 3913 1018 3974 parum
1069 3906 1419 3969 concupisset,
1467 3906 1511 3955 si

435 3982 542 4020 non
564 3972 737 4023 omnia
758 3990 850 4025 sua
873 3986 1116 4044 amasset,
1133 3982 1177 4030 si
1199 3996 1372 4031 rerum
1387 3998 1513 4046 pon·

428 4043 565 4110 ,deta
586 4049 938 4105 minutissimis
961 4058 1235 4109 sententiis
1275 4074 1379 4110 non
1406 4060 1510 4111 fre-

430 4122 633 4190 gisset3
665 4143 921 4182 consensu
952 4135 1129 4197 potins
1171 4136 1514 4197 eruditorum,

432 4216 589 4267 quam
612 4220 893 4272 paucorum
926 4225 1122 4277 amore,
1145 4215 1509 4280 comprobare·

440 4282 566 4332 tur!
660 4319 669 4324 -
774 4307 779 4310 ·

1655 2282 1681 2316 1’
1704 2276 1775 2325 Et
1796 2276 2019 2349 temporis
2036 2276 2133 2340 eius
2152 2278 2370 2344 auribus]
2402 2279 2664 2331 Perstrin-

1590 2366 1716 2416 gere
1781 2353 1989 2403 videtur
2041 2355 2264 2407 Tacitus
2319 2357 2661 2423 eloquentiam

1588 2429 1824 2496 Senecae,
1845 2446 1997 2497 quani
2022 2432 2134 2498 ipse
2155 2439 2442 2499 repererat,
2464 2439 2519 2483 et
2544 2448 2660 2499 quae

1590 2523 1652 2558 eo
1676 2524 1789 2559 aevo
1825 2510 2089 2575 placebat,
2114 2528 2320 2577 nempe,
2357 2512 2474 2577 quia
2495 2528 2662 2574 nova3

1575 2586 1718 2652 dicet
1731 2586 1843 2637 haec
1861 2587 2229 2653 degenerasset
2247 2590 2313 2641 ab
2330 2604 2443 2641 aevo
2459 2589 2666 2655 Augus·

1590 2664 1651 2728 ti,
1695 2670 1751 2714 et
1795 2681 1912 2731 quae
1956 2664 2097 2716 forte
2136 2682 2238 2717 non
2279 2674 2389 2718 tam
2419 2667 2664 2733 placebat

1588 2759 1709 2793 mox
1729 2761 1840 2795 aevo
1860 2748 2065 2811 Trajani
2082 2764 2173 2798 seu
2188 2749 2382 2799 Taciti.

1658 2824 1827 2874 Quam
1844 2830 1898 2873 et
1921 2824 2221 2893 facundiam
2245 2826 2483 2875 irriserat
2504 2825 2659 2875 Caius

1589 2897 1896 2964 imperator,
1919 2901 2070 2966 cujus
2096 2902 2302 2952 turbata
2333 2916 2478 2951 mens
2503 2915 2662 2967 quam

1591 2974 1779 3041 doque,
1811 2991 1916 3026 non
1941 2984 2114 3027 tamen
2136 2978 2398 3042 ingenium
2432 2984 2526 3029 aut
2557 2978 2663 3040 elo-

1592 3053 1855 3117 quentiam
1872 3068 2081 3117 prorsus
2100 3055 2430 3118 turbaverat3
2452 3055 2508 3105 in
2519 3054 2662 3120 ‚quod

1592 3131 1752 3181 etiam
1776 3147 1937 3196 genus
1976 3133 2284 3198 eloquentiae
2307 3131 2663 3186 Quintilianus

1592 3214 1650 3257 et
1668 3209 1755 3258 alii
1778 3209 1972 3259 acriter
1988 3210 2181 3268 invecti
2206 3215 2343 3260 sunt.

1658 3293 1683 3328 ‘¹
1706 3287 1937 3336 Dictator
1955 3286 2142 3350 (ζα-ων]
2174 3288 2255 3336 De
2274 3301 2374 3352 quo
2390 3287 2536 3337 Suet.
2551 3285 2664 3337 Jul.

1591 3371 1673 3417 55.
1715 3368 1731 3396 ⁸
1759 3367 2070 3433 Eloquentia
2108 3366 2426 3431 militarique
2472 3381 2529 3415 re
2570 3371 2664 3415 ant

1592 3444 1818 3509 aeqnavit
1861 3443 2402 3508 praestantissimorum
2426 3444 2663 3507 gloriam,

1592 3530 1684 3571 aut
1706 3523 1949 3572 excessit.
2002 3523 2136 3571 Post
2154 3524 2539 3573 accusationem
2555 3523 2663 3572 Do-

1592 3599 1818 3661 labellae‚
1855 3598 1993 3648 haud
2032 3598 2189 3649 dubie
2220 3597 2540 3664 principibus
2573 3612 2665 3662 pa-

1596 3678 1755 3728 tronis
1774 3683 2141 3727 annumeratus
2164 3684 2265 3727 est.
2332 3676 2498 3730 Certe.
2517 3676 2664 3726 Cice-

1593 3771 1652 3805 ro
1690 3757 1754 3804 ad
1794 3756 2021 3805 Brutum
2066 3761 2305 3805 oratores
2339 3767 2666 3815 enumerans,

1587 3838 1750 3897 >negat
1794 3847 1851 3882 se
1908 3831 2087 3882 videre
2132 3832 2216 3881 cui
2256 3832 2434 3881 Caesar
2472 3830 2665 3881 debeat

1594 3909 1812 3960 cedere:
1832 3908 2009 3974 aitque
2028 3924 2146 3958 eum
2165 3910 2479 3972 elegantem,
2496 3908 2668 3970 splen·

1593 3986 1769 4036 didam
1791 3981 2013 4051 quoque,
2033 4001 2096 4036 ac
2130 3986 2289 4036 etiam
2310 3984 2666 4049 »magnificam

1593 4078 1653 4114 ac
1673 4079 1973 4128 generosam
1992 4063 2215 4128 quodam
2234 4062 2389 4116 modo
2409 4061 2665 4116 rationem

1579 4141 1799 4196 ⁵dicendi
1828 4148 2041 4192 tenere:
2076 4145 2135 4189 ct
2163 4140 2229 4189 ad
2255 4139 2550 4190 Cornelium
2575 4154 2665 4194 na-

1592 4224 1770 4283 potem
1792 4217 1859 4267 de
1882 4216 2068 4268 eodem
2088 4214 2164 4265 ita
2200 4215 2446 4280 scripsit:
2484 4216 2665 4270 Quia?

1478 4335 1491 4354 2
1578 4303 1855 4354 ,oratorum
1883 4309 2048 4368 ,quem
2077 4293 2200 4345 huic
2235 4297 2526 4362 antepones
2579 4306 2662 4350 eo-
