3063 4952
502 412 675 485 1850

1224 427 1286 472 c.
1332 425 1697 475 commui
1743 425 1998 475 ‘morri

2402 430 2495 496 [A.
2513 433 2582 484 υ.
2600 436 2711 482 sm.

1508 594 1724 645 NOTAE

502 723 567 759 nu
586 722 648 758 ac
686 708 1000 760 Numantina.
1078 707 1245 759 -Nunc
1279 722 1406 772 ergo
1430 724 1568 757 com·

504 795 695 851 parant
720 803 805 836 eas
828 803 945 837 cum
986 788 1278 849 ignominia,
1312 803 1428 852 quae
1467 787 1566 837 sibi

504 865 772 914 immineat
796 881 827 914 a
850 864 1077 922 Parthis,
1101 873 1156 915 et
1188 869 1316 915 lianc
1348 867 1574 929 elevant,

505 940 584 990 usi
609 949 912 1003 argumento
939 957 969 989 a
993 942 1226 1003 potentia
1244 942 1572 992 Parthorum.

571 1019 702 1068 Cum
726 1020 862 1068 enim
883 1022 1182 1070 excusatius
1206 1022 1269 1069 sit
1291 1021 1424 1069 hosti
1450 1022 1574 1069 vali-

509 1095 580 1146 do
604 1097 964 1159 succumbere,
987 1100 1329 1161 patrocinium
1351 1098 1449 1147 boc
1473 1112 1577 1148 am-

509 1173 830 1237 plectuntur,
854 1184 909 1224 et
935 1176 1138 1238 quando
1162 1176 1578 1240 progenitoribus

506 1249 613 1299 suis
653 1251 881 1312 licuerit,
914 1252 1207 1302 Samnitibus
1244 1261 1298 1301 et
1323 1253 1580 1301 Numanti·

507 1325 604 1387 nis,
627 1327 838 1375 modicis
857 1329 1057 1391 populis
1079 1329 1285 1389 cedere,
1307 1344 1457 1393 quem
1479 1329 1579 1377 sibi

510 1402 713 1453 crimini
755 1405 1012 1468 daturum,
1051 1406 1187 1470 quod
1227 1421 1323 1453 non
1365 1407 1581 1456 sustine-

508 1486 600 1529 ant
623 1479 843 1531 Parthos
865 1484 1003 1532 Rom.
1025 1483 1221 1546 Imperii
1236 1485 1426 1533 oemulos
1440 1481 1466 1535 1²

578 1555 698 1605 Hoc
743 1558 878 1606 enim
926 1559 1206 1622 Epitheton
1246 1559 1382 1608 haud
1422 1559 1578 1610 dubie

514 1631 580 1681 ad
630 1633 854 1683 Parthos
898 1636 1146 1698 pertinet,
1186 1637 1320 1701 quod
1363 1652 1479 1686 cum
1521 1645 1579 1688 et

514 1707 690 1758 Poenis
708 1710 830 1758 olim
867 1712 1115 1760 tributum
1140 1710 1317 1772 fuerit,
1340 1713 1452 1777 ejus
1475 1714 1580 1764 loci

513 1786 878 1850 corrumpendi
898 1789 1222 1837 occasionem
1241 1790 1482 1853 praebuit.

579 1863 770 1912 Sensus
803 1866 962 1928 igitur
996 1866 1079 1915 hic
1120 1874 1217 1930 est,
1245 1867 1313 1916 de
1349 1883 1452 1932 quo
1476 1884 1578 1919 non

516 1939 729 1990 dubito:
774 1950 830 1990 et
868 1944 1029 1992 verba
1063 1945 1136 1994 sic
1157 1947 1458 1996 restituam:
1494 1963 1582 1997 aec

516 2019 709 2067 eandem
748 2020 845 2068 vim
881 2020 1176 2071 Samnitibus
1206 2024 1376 2073 Italico
1390 2026 1581 2089 populo,

516 2099 602 2143 aut
623 2095 875 2158 Hispanis,
901 2104 956 2147 nt
979 2099 1119 2150 Rom.
1157 2101 1349 2165 imperii
1376 2104 1582 2167 emulis,

516 2184 706 2235 nempe
726 2173 951 2224 Parthis.
987 2176 1352 2230 Freinshemius.

583 2249 750 2300 Recte
783 2252 889 2315 ille,
922 2254 1014 2303 sed
1050 2269 1154 2304 non
1199 2257 1342 2307 satis.
1409 2258 1587 2321 Lege:

518 2339 603 2375 nec
634 2330 826 2377 eundem
866 2332 960 2379 vim
994 2330 1286 2382 Sannitibus
1317 2333 1489 2383 Italico
1505 2349 1590 2397 po·

515 2404 643 2467 pulo,
682 2410 766 2453 aut
804 2406 1057 2471 Hisponis,
1095 2424 1234 2472 quam
1271 2410 1472 2460 Parthis
1490 2410 1588 2460 Ro-

517 2481 647 2530 mani
665 2482 853 2546 imperii
868 2485 1065 2536 emulis.
1084 2486 1410 2540 Gronovius.

546 2603 551 2608 .
585 2557 788 2609 Neuter
828 2561 1086 2625 interpres
1142 2570 1305 2626 recte,
1360 2570 1418 2613 et
1461 2565 1587 2614 dnm

520 2634 789 2700 corrigunt
805 2639 1061 2703 Tacitum,
1083 2649 1437 2706 corrumpunt.

586 2715 689 2763 Aut
727 2714 914 2781 Poeais]
964 2717 1125 2767 Certo
1159 2718 1356 2774 certius
1395 2726 1479 2769 est
1508 2720 1586 2770 sic

519 2789 1050 2854 scripsisseTacitum
1072 2811 1087 2856 ;
1112 2794 1237 2844 nulli
1259 2797 1396 2845 enim
1414 2798 1588 2847 oemnli

522 2866 727 2930 imperii
772 2868 920 2918 Rom.
973 2879 1170 2935 praeter
1226 2874 1432 2933 Poenos,
1486 2888 1586 2924 nec

524 2941 652 2991 alios
684 2943 736 2990 in
760 2950 874 2993 tota
892 2945 1111 2997 historia
1134 2949 1385 3012 reperias,
1409 2949 1454 2998 si
1492 2951 1587 2999 Ca·

525 3032 677 3081 puam
700 3023 990 3085 exceperis,
1014 3025 1104 3074 sed
1127 3041 1241 3090 quae
1276 3027 1390 3090 ipsa
1428 3027 1589 3076 cessit

526 3092 723 3153 Poenis,
746 3096 863 3146 dein
888 3105 944 3149 et
967 3101 1229 3152 Romanis.

591 3173 663 3222 Et
684 3173 868 3226 falsum
892 3179 1028 3244 quod
1043 3180 1224 3230 dicunt
1237 3180 1303 3230 de
1321 3181 1592 3246 Hispanis,

526 3257 618 3300 aut
648 3251 876 3304 Parthis.
946 3257 1126 3306 Parthi
1145 3259 1316 3307 aemuli
1339 3260 1516 3322 gloriae
1536 3266 1592 3310 et

525 3329 878 3392 amplitudinis
907 3334 1054 3386 Rom.
1075 3335 1169 3385 sed
1190 3336 1258 3385 de
1275 3335 1460 3387 finibus
1483 3346 1593 3387 tan-

529 3412 638 3455 tum
691 3407 893 3473 imperii
936 3414 1341 3477 contendebant,
1381 3430 1481 3464 non
1526 3417 1595 3465 de

527 3482 742 3546 imperio
787 3488 903 3551 ipso
936 3507 952 3550 ς
1004 3492 1198 3555 quippe
1247 3496 1594 3559 unnsquisque

527 3573 677 3610 suum
709 3563 983 3627 imperium
1006 3569 1186 3631 procul
1211 3571 1362 3619 terris
1384 3571 1624 3634 abjunc-z„

527 3620 658 3698 ἔδω,
678 3653 738 3688 ac
762 3647 876 3691 toto
902 3642 1045 3692 velut
1078 3645 1203 3694 orbe
1225 3644 1444 3695 divisum
1474 3662 1594 3711 pos·

528 3712 749 3767 sidebat.

594 3794 680 3843 De
720 3795 972 3860 Hispanis
1007 3798 1281 3848 ridiculum
1304 3807 1404 3861 est,
1439 3799 1596 3851 fuisse

531 3872 741 3919 aemulos
783 3874 1150 3936 Romanorum,
1188 3875 1251 3924 de
1275 3876 1482 3927 Parthis
1505 3878 1594 3928 fal·

528 3961 657 3997 sum.
726 3950 939 4013 Quippe
976 3967 1123 4001 suum
1148 3954 1419 4017 imperium
1450 3970 1597 4020 sepa-

530 4031 700 4076 ratum
721 4027 972 4093 habuere,
996 4039 1053 4080 et
1074 4030 1186 4081 fere
1209 4047 1356 4097 aeque
1384 4034 1594 4083 immen-

532 4115 642 4151 sum
660 4099 1062 4170 opulentumque
1077 4123 1139 4157 ac
1154 4109 1421 4171 imperium
1439 4110 1593 4159 Rom.

531 4183 590 4228 et
642 4179 824 4231 Parthi
865 4184 1185 4250 Romanique
1234 4185 1346 4236 fere
1391 4193 1596 4237 tantum

532 4256 806 4307 certabant
857 4260 927 4310 de
974 4260 1242 4329 Armenia,
1293 4264 1596 4316 tenuissimo

535 4339 686 4383 terrm
709 4336 913 4399 angulo.

1715 703 1832 753 Nec
1871 701 2102 767 reperias
2141 703 2434 766 appellatos
2458 717 2576 752 esse
2595 702 2724 753 Par·

1650 780 1765 830 thos
1819 781 2025 829 aemulos
2076 781 2281 843 imperii
2339 782 2488 829 Rom.
2559 781 2725 831 Immo

1654 857 1834 907 Parthi
1876 858 2223 907 reverentiam
2262 865 2579 921 usurparunt
2604 873 2730 922 erga

1654 934 1934 998 Romanos,
1965 935 2088 985 licet
2132 935 2387 984 acerrime
2428 951 2521 984 sua
2558 942 2729 985 tutan-

1655 1020 1753 1061 tes.

1724 1088 1798 1138 At
1841 1089 2273 1152 Carthaginenses
2299 1105 2423 1139 vere
2447 1090 2621 1140 aemuli
2642 1091 2734 1141 im·

1659 1166 1791 1231 perii
1817 1167 1964 1216 Rom.
1988 1173 2047 1216 ut
2069 1167 2156 1231 qui
2180 1167 2244 1216 de
2269 1168 2453 1217 eodem
2490 1168 2734 1232 imperio,

1660 1244 1727 1293 de
1751 1243 1928 1293 eadem
1955 1243 2170 1305 ditione,
2216 1246 2396 1295 eodem
2435 1247 2564 1310 solo,
2596 1247 2730 1295 salo-

1662 1333 1762 1385 que
1783 1318 1869 1367 diu
1891 1318 2245 1371 decertarunt.

1727 1396 1866 1446 Flor.
1890 1410 1951 1447 11.
1975 1401 2024 1446 2.
2041 1398 2057 1424 ‘
2075 1394 2378 1447 Affectabat
2392 1398 2531 1447 enim
2548 1405 2606 1448 ut
2631 1400 2731 1449 Ro-

1658 1488 1858 1533 manus,
1879 1474 1952 1523 ita
1974 1474 2167 1524 Poenus
2188 1475 2436 1540 Siciliam,
2462 1482 2519 1526 et
2543 1477 2726 1527 eodem

1659 1555 1917 1613 tempore,
1960 1550 2171 1613 paribus
2226 1560 2448 1617 uterque
2484 1555 2624 1604 votis
2673 1570 2736 1604 ac

1661 1627 1879 1689 viribus,
1937 1628 2209 1692 imperium
2270 1631 2408 1680 orbis
2460 1631 2734 1695 agitabat)

1660 1704 1737 1755 At
1759 1719 1910 1756 nemo
1928 1706 1980 1755 id
2001 1706 2194 1757 dixerit
2215 1708 2279 1757 de
2298 1708 2531 1758 Parthis.
2567 1706 2572 1711 '

1725 1785 1826 1834 Aut
1858 1784 2044 1849 Poem's]
2101 1786 2239 1837 Quia
2274 1786 2442 1850 primo
2478 1791 2736 1836 memorat

1660 1861 1835 1911 clades
1858 1871 2083 1921 veteres,
2107 1864 2373 1913 Caudinum
2395 1870 2454 1913 et
2480 1860 2739 1913 Namnati-

1661 1956 1806 1999 nam,·
1846 1941 1969 1990 dein
2009 1942 2161 1991 simul
2201 1942 2443 1993 Samnites
2473 1949 2531 1993 et
2565 1944 2741 1993 Poeaos

1663 2017 1922 2082 adjungit,
1960 2033 2080 2068 cum
2118 2019 2384 2069 debuisset
2417 2034 2524 2068 non
2566 2020 2742 2069 Poeaos

1662 2109 1948 2145 memorare
1989 2095 2167 2146 statim
2211 2096 2317 2157 hic,
2351 2095 2447 2145 sed
2471 2095 2741 2159 Hispanos,
2799 2154 2802 2155 ⁷

1664 2175 1788 2238 quia
1828 2175 2136 2226 Numantini
2175 2176 2326 2225 era'nt
2380 2174 2630 2238 Hispani,
2680 2179 2743 2223 nt

1668 2251 1884 2302 cuilibet
1926 2252 2065 2304 cladi
2108 2267 2203 2302 sua
2241 2267 2367 2316 gens
2396 2257 2488 2301 aut
2511 2252 2741 2316 populus

1668 2329 2013 2393 responderet
2051 2344 2147 2394 per
2188 2327 2504 2392 antithesim,
2547 2342 2741 2392 nempe

1668 2407 1920 2457 Caudinae
1964 2407 2103 2459 cladi
2160 2421 2287 2471 gens
2341 2405 2649 2470 Samnitica,
2688 2412 2743 2455 et

1667 2485 2019 2548 Numantinae,
2043 2484 2281 2550 Hispana
2303 2498 2463 2547 gens;
2496 2484 2618 2534 ideo
2647 2483 2744 2533 viri

1666 2561 1808 2611 docti
1830 2562 1907 2611 sic
1930 2577 2112 2626 parum
2130 2562 2413 2613 convenire
2436 2575 2614 2610 secum
2648 2561 2745 2610 Ta·

1665 2640 1844 2703 citum,
1865 2650 1965 2690 nec
1977 2638 2075 2689 sibi
2103 2638 2230 2689 satis
2241 2639 2511 2689 cobaerere
2535 2643 2745 2702 putant.

1666 2715 1917 2770 Attamen
1960 2715 2232 2778 falluntur,
2275 2722 2331 2765 et
2374 2715 2472 2765 sibi
2517 2715 2745 2764 maxime

1668 2793 1897 2844 cohaeret
1938 2794 2147 2846 Tacitus
2186 2808 2282 2858 pro
2320 2807 2463 2842 more
2492 2798 2552 2842 et
2591 2792 2744 2855 genio

1669 2885 1777 2920 suo.

1734 2948 1870 2999 Nam
1893 2963 2012 2999 cum
2029 2947 2160 2998 satis
2177 2946 2459 3011 expressit,
2483 2944 2750 3010 appinxit-

1668 3041 1768 3091 que
1810 3025 2040 3075 dedecus
2080 3025 2283 3075 illarum
2302 3023 2552 3085 cladium,
2580 3021 2749 3073 furca-

1674 3117 1785 3152 rum
1810 3108 1865 3152 et
1879 3102 1997 3167 jugi
2043 3101 2283 3164 Caudini,
2317 3101 2494 3152 statim
2531 3102 2748 3165 raptim-

1673 3195 1774 3244 que
1814 3177 1984 3230 flectit
2024 3180 2090 3229 ad
2137 3178 2459 3244 potentiores
2504 3180 2748 3243 populos,

1673 3262 1729 3306 et
1751 3257 2085 3322 quiunquam
2124 3256 2431 3307 lacesserint
2468 3255 2747 3319 imperium

1674 3337 1978 3400 Romanum,
2015 3336 2370 3400 validissimos,
2407 3351 2623 3400 nempe,
2682 3335 2749 3386 ad

1674 3415 1883 3476 Poenos,
1896 3414 2099 3478 imperii
2121 3415 2350 3465 aemulos.

1739 3491 1863 3542 Non
1886 3491 2023 3556 quod
2039 3492 2326 3557 subjugum
2345 3494 2608 3543 Romatms
2630 3491 2750 3541 Poe-

1671 3570 1725 3632 ni
1747 3572 1982 3621 miserint
2008 3588 2043 3633 ς·
2069 3572 2160 3621 sed
2186 3571 2306 3636 quia
2325 3571 2491 3620 multa
2515 3570 2752 3634 pericula

1672 3649 1826 3698 simul
1848 3650 2024 3697 clauso
2046 3648 2199 3698 militi
2222 3646 2661 3709 obversabantur,
2695 3654 2754 3697 et

1671 3727 1817 3775 velut
1836 3724 2166 3789 ingruebant,
2181 3740 2243 3774 ac
2259 3738 2360 3774 non
2383 3723 2539 3773 modo
2544 3724 2756 3787 jugum,

1675 3802 1769 3851 sed
1791 3803 1950 3852 etiam
1972 3801 2257 3851 internecio
2279 3809 2335 3851 et
2370 3800 2612 3862 exitium,
2630 3801 2755 3849 alia·

1677 3893 1778 3943 que
1802 3878 1855 3928 id
1894 3893 2056 3942 genus
2092 3879 2247 3939 mala,
2284 3892 2402 3941 quae
2438 3891 2588 3940 saepe
2631 3876 2751 3926 olim

1676 3956 1827 4006 Poeni
1852 3956 2094 4005 Romanis
2117 3956 2424 4004 intulerant.
2492 3953 2542 4003 A
2580 3955 2755 4018 priore

1677 4033 2036 4098 propositione
2059 4029 2229 4082 flectit
2246 4032 2420 4081 statim
2445 4031 2663 4081 Tacitus
2687 4030 2754 4081 ad

1678 4111 1870 4159 Poenos
1893 4109 2234 4174 potentiores,
2255 4122 2319 4157 ne
2341 4123 2532 4172 nempe
2545 4121 2753 4170 comps.-

1677 4202 1794 4237 rare
1834 4186 2181 4236 Numantinos
2211 4200 2329 4236 cum
2352 4179 2570 4235 Parthis
2609 4184 2751 4234 vide-

1676 4270 1839 4315 retur.

1742 4342 1924 4394 Primo
1962 4342 2175 4395 lacessit
2195 4341 2442 4406 animum,
2476 4338 2532 4390 ei
2569 4337 2752 4405 objici·
