3063 4952
489 371 678 438 §lm

1162 390 1295 445 ..α
1338 386 1703 454 connum
1735 348 2008 442 ,uerri

2400 392 2736 468 thaman&

1508 576 1723 671 ΝοιἙ
1827 700 1830 701 ᾗ

501 736 618 804 cbo.
663 751 736 802 Et
758 751 899 819 apud
921 744 1168 817 Dionem,
1188 752 1456 803 Tiridates
1479 753 1575 803 sub

507 829 742 891 Nerone,
794 829 971 894 jussus
1036 831 1302 881 acinacem
1362 845 1576 895 ponere,

492 906 518 934 ‘⁴
544 920 662 958 eum
686 906 847 956 clavis
872 921 986 957 cum
1009 907 1198 971 vagina
1220 907 1422 958 affixit?

534 992 537 993 ’
570 983 803 1033 Lictores
826 984 1149 1047 magistratui
1182 985 1454 1049 praeibant,
1472 985 1571 1034 sin·

495 1059 603 1123 'guli
633 1058 688 1110 ιἰι
725 1058 914 1110 lineam.
979 1061 1064 1111 Sic
1103 1070 1274 1112 autem
1313 1063 1572 1114 incessere

505 1135 570 1184 ad
607 1136 858 1200 majorem
882 1151 1143 1202 pompam,
1175 1145 1336 1204 utque
1367 1134 1571 1204 longius

492 1196 711 1263 turbam
731 1213 1130 1279 submoverent3
1163 1218 1318 1268 etiam
1337 1219 1458 1283 quia
1472 1219 1571 1268 vici

494 1290 661 1342 ‘Urbis
683 1293 804 1341 olim
828 1293 1032 1357 angusti
1052 1302 1106 1342 et
1126 1306 1397 1354 enormes;
1433 1302 1488 1345 et
1513 1303 1572 1346 ut

505 1368 580 1419 sic
602 1370 768 1434 magis
791 1370 877 1418 1110
898 1369 1171 1421 comitatus
1210 1387 1301 1421 seu
1340 1373 1571 1423 incessus

494 1446 782 1495 ‘consularis
869 1446 1279 1512 distingueretur
1342 1451 1406 1501 ab
1467 1451 1570 1500 alio

492 1519 725 1572 consule'
753 1529 810 1572 et
849 1524 1096 1575 comitatu
1139 1527 1353 1576 aliorum
1388 1540 1569 1591 proce·

493 1614 636 1664 ϊιιιιι,
689 1600 777 1673 qui
837 1599 1102 1651 confertus
1159 1603 1454 1666 incedebat,
1516 1609 1570 1653 et

503 1677 687 1741 quibus
728 1676 879 1727 multi
917 1684 1037 1727 ante
1097 1680 1399 1731 ambulones
1437 1697 1569 1745 prae·

496 1752 665 1817 ivere,
687 1769 790 1805 non
812 1755 863 1802 in
886 1754 1090 1818 lineam,
1108 1771 1205 1806 nec
1229 1771 1292 1806 eo
1313 1757 1517 1808 ordine.

494 1840 499 1843 “
570 1829 657 1881 Sic
682 1830 882 1894 capies,
906 1831 1017 1895 quis
1032 1833 1239 1894 primus,
1271 1834 1384 1898 quis
1408 1837 1573 1905 proxi·-

501 1920 605 1957 mus
626 1906 805 1957 lictor.
826 1900 1016 1957 fueritz
1061 1909 1246 1973 primus
1277 1911 1322 1960 is
1345 1909 1460 1972 fuit,
1482 1912 1570 1995 qui

496 1982 756 2047 anteibat,
799 1991 856 2035 et
900 1984 1048 2049 qnasi
1093 1985 1322 2036 ducebat
1366 2003 1568 2052 agmen.

494 2060 781 2125 Proximus,
797 2062 886 2126 qui
908 2062 1204 2125 claudebat,
1226 2074 1282 2114 et
1303 2067 1567 2159 proximus

463 2196 466 2198 v
489 2144 617 2188 ⁴erat
632 2139 955 2204 magistratui
973 2140 1254 2192 incedenti.

496 2228 505 2231 ’
566 2217 720 2267 Unde
745 2217 985 2268 Valerius
1005 2218 1148 2269 Max.
1172 2221 1260 2271 lib.
1286 2237 1324 2272 1.
1375 2225 1389 2251 ‘
1418 2218 1569 2283 Max-

498 2293 605 2344 ima
645 2295 914 2360 diligentia
950 2298 1171 2360 majores
1202 2301 1337 2350 hunc
1375 2294 1568 2352 morem

503 2375 854 2441 retinuerunt,
865 2390 931 2426 ne
951 2378 1076 2440 quis
1081 2392 1134 2427 se
1155 2379 1290 2429 inter
1309 2385 1569 2432 consulem

496 2458 563 2504 et
577 2454 867 2518 proximum
887 2454 1145 2519 lictorem,
1166 2458 1396 2523 quamvis
1413 2459 1569 2511 officii

500 2542 657 2581 causa
681 2546 780 2582 nna
818 2533 1239 2638 progrederetur,
1272 2537 1569 2602 interpone-

504 2608 635 2660 ret!

567 2687 765 2737 Primus
808 2689 964 2739 lictor
1006 2689 1241 2753 arcebat,
1300 2691 1569 2742 submove-

470 2807 475 2812 .
498 2759 705 2827 batque*
720 2753 942 2829 turbam,
964 2763 1088 2831 quia
1120 2768 1314 2831 primus
1337 2769 1569 2819 incurre-

497 2833 608 2890 bat.
673 2841 949 2906 waimus,
971 2857 1061 2893 seu
1081 2857 1306 2907 summus,
1326 2833 1571 2896 mandata

498 2914 800 2981 {accipiebat
823 2930 854 2967 a
876 2921 1200 2985 magistratu,
1234 2937 1351 2986 quae
1375 2929 1432 2971 et
1455 2924 1568 2973 aliis

501 2993 859 3046 denuntiabat.

499 3074 509 3080 ’
567 3069 804 3121 Lictores
844 3074 1121 3137 gestabant
1147 3075 1325 3136 fasces.
1401 3078 1569 3148 Fasces

500 3151 678 3195 autem
702 3155 854 3198 erant
876 3149 1040 3199 bacilli
1061 3157 1257 3208 teretes
1291 3154 1401 3204 loro
1424 3155 1567 3204 colli·

501 3222 611 3287 gati
648 3222 700 3271 in
744 3224 948 3273 modum
988 3225 1164 3291 fascis,
1188 3244 1255 3278 ex
1279 3232 1437 3295 ulmo,
1475 3233 1567 3282 ant

478 3295 643 3350 sorte
662 3300 864 3352 betulia
884 3318 898 3363 ;
934 3302 1158 3364 Gallice,
1181 3306 1394 3357 boulena.

498 3382 509 3389 “
568 3375 711 3426 Plin.
735 3377 826 3428 lib.
865 3391 983 3429 xv1.
1016 3383 1097 3429 18.
1144 3382 1159 3409 ‘
1188 3381 1401 3434 Gaudet
1423 3373 1567 3448 frigi-⁶

498 3449 581 3501 tiis
602 3452 766 3518 (locis)
802 3453 1002 3516 sorbus,
1033 3462 1088 3505 et
1111 3457 1272 3522 magis
1303 3461 1456 3510 etlam
1479 3462 1567 3512 be&

497 3530 649 3578 tulla.
734 3529 1094 3588 Gallica-haec
1141 3534 1296 3588 arbor
1340 3537 1567 3587 mirabili

501 3605 744 3669 candore,
780 3614 949 3671 atque
991 3610 1268 3673 tenuitate,
1325 3615 1568 3668 terribilis

499 3679 890 3744 magistratuum
917 3685 1113 3746 virgis.'
1181 3690 1393 3739 Frustra
1418 3692 1472 3741 id
1494 3695 1570 3743 in-

497 3756 693 3821 telligit
737 3760 940 3823 Lipsius
981 3761 1046 3811 de
1087 3764 1200 3814 'sola
1239 3766 1449 3818 Gallia·
1502 3765 1570 3821 an

499 3835 831 3897 magistratus
864 3837 1011 3892 Rom,
1034 3841 1220 3890 aliter
1208 3858 1261 3892 ιιι
1285 3844 1461 3895 Gallia
1480 3849 1569 3897 ali-

501 3915 587 3961 ter
604 3912 656 3961 in
680 3912 872 3963 Italia?
909 3925 961 3965 et
972 3915 1160 3977 fasces
1147 3923 1398 3986 incogmti
1422 3929 1566 3988 pror‘-

499 3997 584 4039 tus
605 3992 986 4054 magistratibus
1011 3996 1250 4049 Gallicis·
1360 4051 1368 4060 ,,

565 4064 826 4117 Auctores
850 4070 1034 4135 Graeci
1060 4075 1340 4141 Latinique
1355 4076 1567 4127 confun-

499 4143 625 4193 dere
675 4145 916 4197 videntur
959 4151 1124 4215 virgas
1166 4153 1405 4203 lictorum
1449 4169 1566 4204 cum

1649 754 1773 819 tali,
1795 755 1901 805 sint
1924 755 2231 822 quandoque
2265 756 2403 808 1ι1οιιι
2427 762 2545 809 cum
2569 758 2728 812 fasci-

1652 832 1768 896 bus,
1791 839 1850 884 ut
1871 834 2106 885 hocloco
2141 835 2340 887 Plinii.
2385 836 2525 888 N'am
2555 832 2724 891 fasces

1654 925 1792 961 verae
1826 902 1987 977 virgae
2011 913 2072 963 in
2108 929 2184 979 re,
2218 921 2276 965 et
2312 914 2365 964 in
2408 914 2474 966 id
2498 916 2723 981 primum

1653 986 1838 1062 t'actae,
1876 989 2258 1057 destinataeque
2302 990 2367 1063 ad
2413 994 2724 1058 plectendos

1652 1056 1795 1115 cives
1815 1066 2047 1117 turbidos
2063 1082 2300 1133 reosque
2301 1060 2306 1065 ’
2363 1068 2437 1119 At
2458 1070 2605 1135 virga
2626 1070 2728 1121 sin.

1649 1134 1901 1206 gulariter
1938 1151 2125 1208 sumta,
2160 1145 2498 1212 distinguitur
2518 1165 2548 1199 a
2571 1148 2725 1200 fasci-

1650 1221 1767 1284 bus,
1789 1227 1843 1271 et
1863 1221 2000 1271 idem
2036 1229 2117 1271 est
2140 1237 2256 1272 cum
2277 1224 2481 1275 bacillo.
2525 1218 2722 1276 ‘Cicero

1647 1297 1807 1347 hasce
1829 1297 1994 1360 virgas
2008 1297 2219 1348 bacillos
2242 1307 2413 1364 vocat,
2435 1301 2555 1366 quia
2576 1302 2722 1355 leves

1652 1373 1725 1422 illi
1748 1381 1803 1424 et
1823 1374 2034 1438 modici,
2054 1382 2110 1425 et
2133 1383 2334 1426 tantum
2368 1377 2615 1430 destinati
2652 1380 2720 1431 ad

1650 1453 1820 1503 lenem
1880 1456 2255 1507 submotionem
2301 1458 2470 1522 plebis
2523 1459 2719 1519 liberae.

1651 1531 1802 1581 Dicit
1844 1528 2077 1593 bacilloS,
2123 1536 2247 1600 quia
2292 1537 2486 1600 plures,
2530 1554 2746 1629 nempe.
2815 1566 2822 1571 ·

1651 1619 1747 1671 pro
1778 1623 1992 1659 numero
2036 1611 2278 1661 lictorum
2319 1613 2597 1665 duodecim
2634 1616 2721 1691 qui

1651 1685 1908 1749 praeibant
1930 1689 2146 1739 consuli.

1718 1762 1891 1813 Fasces
1914 1779 2149 1816 mansere
2171 1767 2222 1818 in
2246 1768 2412 1830 urbe;
2448 1777 2504 1820 at
2535 1756 2723 1825 secures

1651 1842 1812 1890 semei
1837 1851 2021 1895 amotae
2042 1859 2109 1893 ex
2132 1845 2260 1895 urbe
2285 1862 2315 1895 a
2337 1846 2630 1912 Publicola,
2652 1866 2720 1900 ne

1652 1920 1726 1969 sic
1750 1919 1981 1969 delibare
2016 1920 2316 1972 libertatem
2350 1925 2531 2013 populi
2568 1927 2718 1997 Rom.
2731 1980 2738 1986 ,

1650 1995 1930 2046 videretur.
1996 1998 2183 2063 Itaque
2205 2015 2388 2050 secures
2411 2002 2461 2050 in
2487 2004 2581 2053 usu
2608 2010 2719 2056 tan-

1649 2078 1755 2121 tum
1780 2079 1931 2122 extra
1952 2075 2149 2139 urbem,
2175 2083 2231 2126 et
2253 2077 2300 2125 in
2325 2077 2483 2130 bello.

1649 2152 1658 2157 ’
1714 2147 1961 2200 Attamen
1988 2153 2221 2215 praelatae
2247 2169 2451 2205 secures
2478 2155 2723 2225 Dictato-

1651 2227 1715 2287 ri,
1738 2228 1893 2277 etiam
1929 2229 1979 2277 in
2000 2229 2147 2290 urbe,
2169 2231 2374 2294 quoties
2397 2232 2507 2282 sine
2532 2230 2717 2298 provo4

1650 2303 1855 2354 catione
1872 2314 2080 2355 creatus
2104 2312 2259 2356 esset.

1647 2392 1655 2401 ’
1718 2380 1891 2431 Fasces
1915 2381 2267 2445 praeferebant
2301 2390 2525 2448 erectos,
2547 2394 2640 2439 aut
2663 2378 2719 2452 in

1647 2456 1908 2507 humeris.
1980 2459 2136 2509 Forte
2192 2463 2417 2527 erectos,
2457 2464 2632 2515 dum
2650 2448 2715 2522 ad

1647 2535 1809 2585 breve
1842 2536 1944 2586 iter
1984 2538 2442 2604 progrederentur,
2484 2543 2610 2593 dein
2644 2545 2721 2610 iu'g

1649 2612 1870 2662 'clinatos
1914 2612 2161 2677 humeris,
2201 2616 2242 2664 si
2287 2618 2495 2683 quando
2535 2615 2719 2683 procul

1647 2689 1804 2740 irent.

1718 2755 1906 2816 Fasces
1930 2767 2313 2820 submittebant
2346 2772 2529 2837 majori
2554 2761 2722 2841 digni·

1650 2839 1766 2904 tati,
1800 2849 1902 2892 seu
1940 2844 2259 2907 magistratui
2307 2849 2520 2922 majori·
2507 2888 2521 2912 ‚
2578 2856 2716 2939 qu'od

1649 2920 1809 2981 coepit
1826 2918 1965 2969 forte
1986 2935 2016 2969 a
2039 2922 2248 2981 Valerio
2273 2925 2478 2977 Public.
2502 2913 2716 2987 Livius}

1647 2995 1663 3021 ⁸
1686 2994 1900 3045 Gratum
1925 2997 1977 3045 id
1999 3000 2320 3050 multitudini
2358 2995 2719 3068 spectaculum

1644 3069 1769 3137 fuit,
1791 3073 2038 3124 submissa·
2059 3076 2156 3130 sibi
2180 3091 2293 3129 esse
2316 3081 2520 3147 imperii
2560 3085 2720 3151 insig-

1647 3150 1752 3212 nia,
1776 3143 2251 3234 confessionemque
2280 3156 2491 3222 factam,
2501 3163 2721 3227 popuii,

1649 3239 1808 3291 quam
1845 3234 2091 3294 consulis,
2140 3234 2461 3303 majestatem
2507 3239 2720 3331 vinique

1647 3305 1891 3369 majorem
1939 3322 2083 3358 esse:
2161 3326 2247 3361 eos
2293 3313 2620 3367 inclinabant
2662 3317 2719 3369 in

1648 3385 1839 3431 terram
1878 3390 1948 3433 et
1971 3393 2093 3436 ante
2132 3388 2293 3451 pedes
2331 3388 2721 3455 deprimebant.

1716 3459 1891 3508 Minor
1936 3464 2261 3525 magistratus
2316 3475 2468 3517 extra
2511 3471 2716 3523 'urbem

1650 3534 1946 3598 deponebat
1966 3551 2161 3602 secures,
2184 3543 2293 3607 sive
2315 3551 2457 3594 terra
2475 3543 2585 3597 sive
2609 3565 2720 3599 ma-

1648 3614 1691 3661 ri
1714 3623 2014 3665 occurreret
2035 3618 2215 3682 majori
2236 3622 2592 3683 magistratui.'
2621 3626 2719 3678 Di.

1650 3705 1794 3755 onys.
1819 3687 1907 3742 lib.
1931 3706 2056 3743 vm.
2082 3696 2167 3744 ubi
2198 3697 2266 3745 de
2301 3699 2377 3747 Μ.
2407 3701 2715 3756 Coriolano:⁴

1651 3771 1666 3796 ‘
1696 3770 1956 3834 Praecepit
1989 3772 2235 3824 ministris
2271 3774 2544 3839 deponet-'e
2566 3788 2720 3830 secue-

1648 3861 1752 3907 res,
1788 3853 1845 3897 et
1876 3846 2041 3898 fasces
2077 3850 2397 3905 submittere.
2466 3856 2531 3906 Id
2574 3859 2717 3910 enim

1650 3937 1757 3987 pro
1777 3939 1917 3974 more
1954 3925 2153 3979 faciunt
2199 3929 2434 3995 Romani,
2464 3941 2581 3984 cum
2619 3937 2720 3987 'mi-
2791 3971 2794 3974 -

1648 4014 1798 4049 nores
1831 4001 2128 4065 majoribus»
2138 4016 2418 4096 occurrunt
2422 4012 2718 4104 0ιο3101ιο·

1650 4079 1827 4129 tibus.
2355 4107 2360 4112 ·
2425 4103 2428 4106 ’

1714 4159 1850 4207 Mari
1903 4158 2082 4210 itidem
2125 4171 2482 4234 occurrentes,
2518 4163 2717 4231 signum

499 4209 750 4286 fascibus,
773 4233 863 4276 aut
896 4228 1012 4278 vice
1045 4244 1216 4281 versa.
1287 4232 1390 4281 Sed
1417 4241 1567 4295 puto,
1640 4234 1882 4297 proetorioe
1902 4236 2038 4284 navis
2057 4229 2421 4301 deponebant,
2475 4247 2605 4293 tum
2621 4243 2717 4297 lic

497 4296 577 4349 tic
611 4298 1050 4382 distinguendum,
1083 4312 1143 4357 ut
1174 4306 1329 4370 virgoe
1363 4307 1419 4357 in
1453 4308 1567 4373 plu-

1646 4317 1804 4361 tores
1810 4311 1901 4361 ad
1931 4314 2159 4377 speciem
2175 4315 2392 4381 imperii
2403 4319 2562 4372 soliti
2570 4316 2716 4384 stare
