3063 4952
980 402 1461 454 nnaviAmmi
1511 403 1661 454 mn.
1708 405 1870 459 xiv,
2267 420 2272 427 ·
2317 385 2518 483 ,1631

337 541 638 627 quennale
684 542 1013 634 ludicrum
1058 526 1345 611 Romae.
1417 541 1634 609 Varia
1679 543 1762 608 de
1803 540 1986 608 ludis
2032 541 2235 620 fama,
2288 546 2518 608 eorum

328 646 665 731 vituperia,
729 647 839 711 21.
880 627 1112 711 laudes
1152 651 1222 712 et
1255 648 1623 712 excusatio.
1702 644 1899 719 Ν6ιο
1944 646 2370 729 eloquentiae
2380 646 2521 713 vic-

331 750 440 812 tor.
520 749 627 814 22.
681 749 1017 815 Portentis
1060 756 1433 816 commotus
1478 748 1867 851 Rubellium
1910 747 2222 812 Plautum
2265 747 2334 812 in
2377 747 2522 814 exi-

333 849 480 914 lium
508 852 667 933 agit·

406 952 509 1019 23.
555 954 849 1019 Corbulo
901 953 1290 1020 Mardorum
1334 954 1691 1020 latrocinia
1734 956 1962 1038 punit:
2023 953 2132 1018 24.
2173 972 2524 1041 percusso-

303 1075 455 1120 ·rem
482 1057 673 1136 vitat,
701 1057 1178 1140 Tigranocerta
1207 1058 1405 1142 capit.
1490 1059 1601 1123 25.
1649 1055 2007 1142 Hyrcanos
2037 1057 2104 1120 in
2137 1057 2522 1122 societatem

326 1158 570 1243 recipit.
658 1159 765 1225 26.
807 1160 1175 1225 Tiridatem
1215 1164 1398 1225 arcet
1437 1161 1524 1225 ab
1554 1158 1898 1239 Armenia,
1929 1179 2134 1244 quam
2162 1159 2366 1225 tradit
2407 1159 2526 1226 Ti-

326 1263 504 1343 grani
551 1263 761 1348 Syriae
813 1264 1192 1349 praeficitur.
1312 1264 1421 1329 27.
1468 1262 1764 1340 Puteoli,
1811 1262 2194 1339 Tarentum,
2227 1261 2527 1342 Antium,

326 1363 625 1431 coloniae.
712 1368 820 1433 28.
868 1366 1161 1432 Comitia
1191 1366 1539 1431 Praetoria.
1626 1364 1875 1430 Vibius
1905 1363 2282 1429 damnatus.

402 1467 511 1534 29.
561 1469 806 1535 Clades
835 1470 1240 1535 Britannica.
1282 1514 1287 1521 -
1330 1469 1689 1533 Suetonius
1742 1468 2022 1535 Monam
2073 1467 2354 1546 invadit,
2417 1467 2529 1534 30.

322 1564 571 1636 incolas
599 1571 849 1637 domat.
935 1573 1042 1638 31.
1087 1570 1297 1651 Iceni,
1337 1568 1691 1652 Boadicea
1744 1571 1938 1650 duce,
1982 1562 2058 1636 et'
2091 1560 2530 1636 Trinobantes

321 1672 655 1754 rebellant,
698 1676 807 1740 32.
839 1673 1372 1740 Camalodunum
1393 1668 1819 1759 expugnant3
1869 1668 2182 1741 Petilium
2203 1673 2529 1739 Cerialem

322 1796 472 1842 cum
516 1797 689 1842 nona
729 1778 985 1862 legione
1026 1777 1358 1859 fundunt;
1417 1778 1527 1844 33.
1576 1798 1619 1842 a
1648 1778 1964 1843 Suetonio
1993 1777 2324 1843 desertum
2353 1776 2531 1842 Lon-

322 1877 573 1959 dinium
601 1886 668 1947 et
684 1879 1147 1947 Verulamium
1174 1882 1492 1968 spoliant,
1513 1883 1697 1948 cives
1719 1887 1795 1961 et
1822 1882 2044 1947 socios
2074 1881 2532 1947 Romanorum

321 1983 673 2049 trucidant.
757 1985 1043 2052 34-37,
1087 1986 1497 2053 Boadiceam
1538 1987 1956 2052 ferocientem
1995 1990 2265 2069 superat
2292 1985 2532 2051 Sueto-

321 2084 493 2149 niuS.
584 2085 748 2171 Ipsa
779 2106 1029 2153 veneno
1071 2091 1280 2154 vitam
1322 2091 1487 2155 finit.
1578 2089 1859 2157 Poenius
1899 2088 2261 2155 Postumus
2304 2087 2534 2171 gladio

320 2206 395 2255 so
422 2185 774 2273 transfigit.
859 2191 971 2256 38.
1018 2189 1505 2271 classicianus,
1554 2190 1892 2259 Suetonio·
1918 2191 2197 2272 discors,
2247 2212 2353 2256 res
2401 2198 2537 2258 tur*-

320 2290 461 2377 bat.
552 2290 660 2356 39.
707 2291 961 2359 Missus
990 2294 1377 2380 Polycletus
1405 2296 1713 2362 hostibus
1742 2298 1845 2359 est
1887 2295 2124 2360 irrisui.
2213 2294 2536 2383 Suetonio

319 2392 678 2462 Petronius
705 2396 1136 2483 Turpilianus
1167 2418 1518 2466 successor
1549 2399 1766 2465 datus.
2293 2384 2298 2387 ⁷

406 2501 522 2565 40.
566 2500 676 2565 41.
722 2499 832 2565 Ob
862 2502 1103 2569 falsum
1132 2507 1602 2568 testamentum
1629 2502 1946 2568 damnati.
2032 2502 2144 2567 42.
2207 2501 2535 2568 Pedanius

322 2600 698 2684 Secundus,
750 2605 933 2668 urbis
984 2604 1387 2683 Praefectus,
1442 2625 1486 2671 a
1536 2607 1743 2672 servis
1794 2623 2041 2671 caesus.
2126 2605 2234 2670 43.
2276 2604 2385 2667 44.
2449 2605 2534 2669 In

320 2724 441 2771 eos
470 2705 620 2790 lege
649 2707 760 2789 agi
790 2708 929 2772 vult
979 2704 1058 2771 C.
1088 2706 1386 2787 Cassius,
1433 2711 1500 2771 et
1541 2709 1650 2772 45.
1696 2699 1924 2774 contra
1968 2691 2245 2776 aliorum
2275 2709 2535 2774 senten-¹

321 2809 491 2890 tiam
519 2810 790 2875 obtinet.
858 2809 1194 2894 Populum
1222 2810 1556 2895 supplicio
1585 2811 1968 2892 renitentem
1998 2810 2536 2896 Neroincrepat.

320 2914 434 2979 46.
501 2912 892 2995 Tarquitius
952 2913 1230 2978 Priscus
1280 2914 1654 2979 damnatus,
1773 2913 2031 2982 Census
2088 2936 2212 2999 per
2268 2915 2536 2981 Gauius

319 3020 547 3084 actus.
634 3016 745 3081 47.
790 3013 986 3081 Mors
1029 3020 1093 3080 et
1145 3017 1293 3081 la'us
1342 3015 1643 3081 Memmii
1694 3001 1960 3101 Reguli.
2047 3018 2157 3083 48.
2201 3017 2536 3104 Antistius

316 3117 703 3206 majestatis
734 3117 1013 3199 delatuS,
1065 3120 1176 3184 49.
1222 3139 1264 3185 a
1292 3118 1591 3184 Thrasea
1620 3119 1945 3185 defensus,
2033 3121 2142 3186 50.
2189 3099 2539 3260 Fabricius

320 3222 638 3301 Veiento,
670 3222 1021 3289 calumniae
1050 3242 1221 3301 reuS,
1251 3221 1456 3287 Italia
1471 3223 1772 3306 pellitur.

412 3326 524 3391 51.
569 3325 765 3391 Burri
813 3345 1011 3405 morS,
1059 3327 1230 3406 lauS,
1287 3333 1712 3393 successores
1767 3326 2002 3412 Rufus,
2037 3335 2103 3396 et
2151 3253 2537 3412 Tigellinus·

321 3417 612 3498 52-54.
657 3427 1153 3494 Criminationes
1183 3430 1512 3500 discutere
1551 3435 1745 3514 parat
1788 3431 2046 3497 Seneca
2075 3432 2261 3518 apud
2306 3432 2538 3502 caesa-

324 3554 471 3600 rem
514 3539 582 3599 et
642 3537 1074 3598 commeatum
1131 3535 1321 3618 petit,
1373 3535 1508 3618 qui·
1534 3534 1641 3598 55.
1683 3535 1791 3599 56.
1837 3535 2117 3600 subdole
2163 3537 2540 3624 respondet.

324 3638 614 3718 57-59.
664 3631 920 3702 Rufum
959 3638 1285 3703 imminuit
1326 3636 1719 3720 Tigellinus,
1752 3638 1995 3724 Plauto
2023 3644 2090 3705 et
2120 3635 2322 3725 Syllae
2367 3643 2540 3725 peri-

322 3735 557 3816 culum
587 3742 800 3819 struit,
831 3762 947 3807 eos
976 3742 1314 3826 opprimit.

417 3845 527 3909 60.
573 3842 781 3924 Nero,
811 3844 1011 3910 ducta
1038 3845 1371 3928 Poppaea,
1410 3845 1765 3913 Octaviam
1805 3851 2142 3915 amolitur:
2185 3856 2325 3915 tum
2364 3850 2541 3916 hanc

326 3945 624 4027 revocat,
674 3947 784 4013 61.
827 3949 1090 4015 laetante
1120 3948 1410 4034 Populo.
1482 3950 1825 4042 ‘Poppaeae
1855 3973 2016 4019 mox
2038 3953 2247 4018 honos
2287 3954 2540 4037 reposi-

331 4055 465 4116 tus.
509 4050 721 4136 Ejus
749 4052 1277 4120 (1611.62--64.
1328 4054 1597 4128 Aniceti
1642 4058 1886 4123 scelere
1936 4056 2224 4124 Octavia
2272 4059 2366 4122 in.
2393 4057 2541 4122 exi-

332 4151 497 4219 lium
540 4156 748 4239 pulsa
782 4163 1052 4236 necatur
1097 4159 1167 4222 in
1198 4159 1636 4226 Pandateria.
1723 4160 2121 4245 Temporum
2165 4158 2541 4227 infelicitas.

332 4255 445 4342 65.
488 4255 798 4326 Libertos
826 4259 1323 4354 Doryphorum
1326 4270 1394 4331 et
1430 4263 1802 4378 Pallantem
1838 4283 2093 4354 veneno
2122 4266 2296 4367 tollit
2333 4263 2538 4334 Nem.
