3063 4952
335 424 665 494 &Qu-122

988 419 1404 474 Amnum!
1456 418 1606 473 HD.
1653 417 1830 471 xlm

2373 400 2550 473 1⁸88

1341 619 1555 673 NOTAE

332 752 447 802 hoec
481 765 640 803 verns
661 751 846 807 mimus
867 749 1063 819 faits-i
1092 751 1169 805 sic
1192 749 1407 804 falleba-

333 837 420 880 tur
444 830 649 893 vulgus.
1062 892 1067 899 ἱ

395 907 639 956 Diducto
664 906 759 956 tali
792 904 1133 967 matrimonio,
1167 920 1258 955 seu
1274 919 1403 955 vero

333 988 425 1035 s'ca
445 985 683 1035 mimico.
750 984 885 1033 Nam
906 998 1008 1033 non
1044 986 1204 1034 solum
1241 983 1405 1047 Otho,

330 1061 425 1111 aed
469 1068 531 1110 et
576 1060 692 1124 ipsa
732 1063 966 1125 Poppoea
1009 1068 1209 1125 partem
1256 1075 1399 1110 suam

328 1136 690 1188 histrionicam
725 1138 934 1202 agebat,
967 1146 1027 1188 ut
1059 1139 1206 1202 quasi
1239 1136 1402 1188 forma

328 1215 659 1280 superbiens,
700 1216 776 1265 sic
820 1215 1094 1278 pelliceret
1134 1216 1400 1265 Neronem

327 1291 382 1341 in
403 1305 639 1341 amorem
661 1290 987 1356 flagrantem.
1038 1291 1229 1358 Itaque
1254 1292 1400 1343 aditu

327 1365 493 1430 facto,
513 1383 635 1418 cum
658 1369 794 1433 apud
828 1369 1116 1433 principem
1147 1371 1402 1432 prevalu-

330 1447 458 1497 isset
492 1447 753 1512 Poppaea,
789 1455 898 1498 tum
931 1447 1199 1511 seponitur
1239 1446 1402 1510 Otho,

330 1523 512 1588 specie
534 1523 762 1586 honoris,
782 1524 835 1574 in
856 1525 1191 1588 provinciam,
1210 1526 1326 1588 ipsa
1346 1525 1401 1575 in

327 1600 532 1665 palatio
553 1601 763 1665 pellicis
792 1602 907 1652 loco
943 1601 1065 1663 fuit,
1086 1603 1251 1653 donec
1273 1604 1401 1654 rele-

330 1684 550 1739 garetur
566 1678 994 1744 occidereturque
1011 1679 1238 1730 Octavia
1253 1694 1403 1745 uxor,

330 1759 387 1813 et
408 1753 531 1818 ipsa
554 1755 664 1819 ejas
687 1754 800 1806 loco
828 1764 1043 1822 toroque
1066 1757 1401 1807 substituere-

330 1838 436 1882 tur.

391 1910 651 1959 Adulter-io
699 1911 1052 1962 matrimonium
1089 1912 1404 1979 jungeretur]

329 1986 543 2047 Tacitus
582 1987 687 2043 ,hoc
738 1987 852 2038 loco
893 1988 992 2039 sibi
1040 1989 1398 2041 contradicere

328 2062 540 2117 videtur
553 2081 570 2114 ε
594 2079 768 2128 neque
787 2065 945 2115 etiam
961 2065 1236 2118 Suetonius
1256 2065 1399 2117 Otho

329 2153 419 2202 ιμ.
444 2141 577 2193 satis
599 2141 697 2191 sibi
722 2141 981 2203 cohaeret;
1014 2142 1272 2208 sicigitur
1293 2150 1397 2197 tra-v

329 2216 427 2283 dit,
454 2218 471 2244 ‘
497 2217 788 2280 Poppaeam
817 2216 1057 2268 Sabinam
1083 2225 1205 2268 tunc
1229 2217 1397 2271 adhuc

327 2294 548 2355 amicam
594 2295 732 2358 ejus,
768 2294 1000 2357 (Neronis
1046 2294 1258 2361 aenium)
1309 2296 1398 2347 ab-

328 2370 553 2435 ductam,
578 2370 787 2436 marito,
822 2372 1282 2439 demandatamque
1323 2374 1400 2424 in,

326 2449 483 2513 terim
506 2449 629 2509 sibi,
648 2448 946 2514 nuptiarum
963 2451 1140 2515 specie
1162 2451 1398 2517 recepit,’

327 2529 458 2579 Otho
477 2527 724 2582 nintirani.

340 2655 349 2662 ι
377 2606 576 2660 ‚Vocat
593 2612 795 2656 tautum
813 2607 1013 2670 speciem
1026 2608 1321 2673 maptnzrm,
1340 2615 1399 2660 et

326 2688 507 2748 tamen
545 2680 678 2732 dicit
695 2683 941 2733 diductam
967 2698 1081 2734 esse
1100 2686 1397 2736 matr-imai·

325 2775 424 2824 um,
448 2758 679 2810 Othonis
717 2775 920 2823 nempe,
937 2767 994 2811 et
1021 2760 1308 2827 Poppaeae;
1343 2772 1399 2815 et

327 2842 506 2898 tamen
530 2837 909 2888 matrimonium
932 2838 1060 2888 illud
1084 2837 1245 2890 fnisse
1264 2839 1397 2890 ficti·

328 2914 463 2976 tium
482 2920 543 2963 et
580 2913 843 2964 mimicum
868 2913 1066 2965 fatetur
1084 2915 1195 2979 ipse
1215 2916 1397 2967 Sueto-

326 2990 464 3051 nius,
487 3005 606 3040 cum
630 2990 776 3055 dicit,
796 2994 811 3019 ‘
837 3006 903 3040 ne
937 2993 1285 3056 poena,acrior
1304 2992 1395 3045 mi-

325 3082 470 3126 num
491 3082 695 3120 omnem
715 3066 1044 3131 divulgaret!
1090 3123 1097 3128 ,

342 3189 351 3194 -
391 3146 583 3198 Minius
598 3145 889 3209 nuptiarum
908 3145 960 3195 in
979 3160 1041 3195 eo
1066 3144 1259 3210 positus
1277 3145 1398 3211 fuit,

329 3222 471 3288 quod
486 3224 631 3273 Nero
655 3222 927 3272 abductam
943 3222 1126 3272 marito
1144 3237 1237 3274 suo
1254 3222 1395 3287 Pop·

332 3316 499 3366 paeam
516 3301 691 3365 specie
707 3303 1002 3366 nuptiarum
1014 3301 1397 3365 demandasset,

332 3380 753 3445 deposuissetqne
771 3380 917 3446 apud
932 3380 1212 3441 Othonem,
1228 3380 1393 3430 donec

333 3456 611 3519 Octaviam
644 3459 963 3521 repudiaret,
982 3467 1074 3508 aut
1112 3458 1396 3512 occideret.

334 3532 501 3597 Igitur
536 3548 604 3584 ue
643 3533 823 3584 mimus
858 3533 946 3583 ille
981 3539 1297 3594 notesceret,
1327 3548 1395 3584 ne

334 3611 575 3672 mulum
627 3616 805 3675 ageret
843 3612 1005 3674 Otho,
1048 3612 1309 3675 relegatur
1340 3611 1395 3662 in

336 3690 669 3752 Lusitaniam,
682 3689 889 3741 honoris
910 3689 1087 3754 specie
1106 3692 1170 3752 ;-‘
1191 3688 1244 3738 id
1267 3689 1395 3740 satis

334 3767 511 3832 vinum,
532 3783 596 3818 ne
619 3782 774 3832 poena
802 3766 1005 3819 acrior1'

347 3890 369 3898 .,
395 3845 581 3910 Neque
610 3852 794 3895 ¹tumen
833 3844 885 3893 id
921 3844 1080 3894 etiam
1116 3843 1239 3893 sat-is
1272 3857 1393 3894 con·-

336 3921 475 3985 ζωὴ
494 3936 615 3972 cum
646 3922 746 3972 hoc
781 3921 1027 3984 disticho,
1049 3937 1152 3986 quo
1176 3919 1392 3974 affirma-

333 4005 416 4052 tm·
435 3999 719 4064 Poppaeam
738 3997 898 4049 fuisse
913 4013 1127 4048 uxorem
1143 3998 1391 4048 Othonis:

332 4074 357 4133 ‘¹
370 4076 558 4127 Uxoris
594 4076 822 4126 moechus
845 4081 1077 4141 coeperat
1108 4091 1219 4124 esse
1246 4073 1391 4125 ωε)

335 4152 450 4203 Nisi
469 4152 609 4204 forte
629 4152 823 4203 dicitnr
855 4166 1004 4216 uxor,
1022 4152 1206 4202 eodem
1238 4151 1393 4202 modo

332 4243 431 4292 quo
446 4227 555 4280 fuit
583 4227 987 4294 matrimonium,
1009 4233 1197 4293 nempe
1228 4226 1392 4278 mimi·

336 4320 448 4366 cum
469 4313 523 4360 et
540 4304 806 4365 fictitium.
898 4365 902 4372 ‚

1548 754 1711 805 Forte
1742 754 1996 805 incertum
2029 751 2084 804 in
2106 753 2310 821 vulgus,
2341 763 2548 806 auvere

1484 830 1628 881 Otho
1679 830 1967 895 Poppaeam
2019 845 2233 881 uxorem
2291 830 2549 895 duxisset,

1482 908 1735 973 multique
1769 908 2135 959 existimarunt
2174 906 2337 959 fuisse
2369 920 2548 957 veram

1480 985 1591 1050 ejus
1606 1000 1825 1035 uxorem
1843 1002 1859 1035 ε
1893 986 2121 1049 quamvis
2142 984 2313 1034 mimas
2341 990 2549 1035 tantum

1481 1068 1748 1126 ageretur,
1758 1060 1851 1112 sed
1874 1061 2012 1112 inter
2026 1063 2289 1113 Neronem
2311 1068 2369 1112 et
2384 1061 2555 1115 Otho-

1479 1154 1597 1191 nem
1640 1139 1999 1189 tantummodo
2045 1139 2303 1204 cognitus.
2372 1140 2549 1191 Quare

1480 1231 1580 1266 nec
1612 1216 1706 1267 aba
1739 1230 1795 1266 re
1815 1215 1942 1267 facti
1975 1216 2052 1275 illi
2072 1216 2326 1280 ingeniosi
2349 1228 2550 1278 versus,

1481 1293 1666 1358 quihus
1687 1297 1741 1344 et
1761 1292 1977 1344 maritus
2006 1299 2063 1344 et
2090 1292 2322 1343 moechus
2345 1293 2548 1345 deride·

1479 1377 1643 1420 retur.

1547 1448 1635 1498 Illi
1678 1453 1853 1499 tamen
1890 1462 2067 1498 versus
2109 1447 2325 1512 precise
2363 1446 2546 1500 favere

1482 1525 1658 1590 potius
1671 1525 1916 1576 videntur
1935 1524 2086 1574 alteri
2108 1524 2340 1589 opinioni
2357 1524 2548 1587 Taciti,

1482 1617 1588 1669 qna
1629 1601 1810 1652 scribit
1851 1601 2137 1665 Poppaeam
2172 1600 2331 1657 fuisse
2367 1615 2547 1655 veram

1481 1694 1695 1730 uxorem
1729 1679 1972 1742 Othonis,
2014 1693 2165 1744 quam
2211 1676 2286 1727 illi
2326 1676 2549 1731 abduxit

1484 1757 1649 1818 Nero,
1684 1771 1799 1807 cum
1842 1757 1955 1821 ejus
2011 1755 2444 1819 pulchritudinem
2485 1756 2548 1816 ¹in

1482 1834 1599 1884 aula
1620 1834 1917 1898 imprudens
1941 1848 2081 1898 saepe
2089 1834 2347 1897 jactasset
2371 1826 2511 1884 Otho
2531 1848 2549 1895 ς

1481 1911 1661 1977 sicque
1685 1912 1909 1962 Neronis
1946 1910 2242 1975 cupidinem
2283 1910 2549 1963 accendit·

1479 1994 1578 2038 set.
1646 1988 1807 2053 Puto,
1824 1989 1914 2038 illo
1935 1989 2092 2039 etiam
2113 2003 2226 2038 aevo
2258 1988 2463 2038 incerta
2480 2002 2547 2040 ea

1479 2063 1619 2115 fama
1639 2063 1761 2128 fuit,
1772 2067 1953 2130 sicque
1976 2067 2103 2116 etin
2126 2072 2363 2129 posteros
2385 2063 2546 2117 ctiam

1479 2155 1618 2195 nunc
1634 2141 1839 2192 incerta
1859 2141 2076 2195 historia
2096 2142 2283 2205 gliscit.

1545 2218 1602 2267 M
1610 2218 1739 2269 imus
1760 2218 1880 2283 fuit,
1901 2226 1956 2270 et
1978 2220 2127 2284 quasi
2150 2233 2317 2269 scenae
2342 2232 2548 2283 compo·

1479 2293 1583 2344 sita
1611 2292 1791 2346 fabula
1830 2297 1944 2345 haec
1984 2297 2313 2360 nuptiarum:
2348 2296 2401 2347 in
2435 2309 2544 2360 quo

1476 2373 1633 2423 mimo
1674 2373 1761 2423 alii
1790 2373 1943 2421 aliam
1985 2387 2260 2437 personam
2298 2372 2547 2437 agebant,

1480 2447 1569 2499 alii
1604 2448 1726 2499 alias
1772 2457 1950 2513 partes
1999 2450 2334 2501 sustinebant.
2411 2450 2547 2500 Nero

1480 2519 1680 2575 artibus
1727 2526 1950 2577 Othonis
1989 2527 2200 2589 ‘suisque
2251 2527 2544 2582 abduxerat

1476 2602 1720 2654 Sabinam
1733 2602 1977 2666 Crispino
1998 2604 2202 2668 marito,
2222 2617 2436 2667 eamque
2457 2603 2544 2653 de-

1476 2686 1723 2743 posuerat
1743 2679 1881 2743 apud
1893 2679 2155 2729 Othonem
2167 2680 2408 2744 amicum,
2419 2680 2540 2731 dum

1477 2755 1783 2819 repudiaret
1799 2755 2098 2806 Octaviam.

1541 2833 1687 2884 Otho
1727 2833 2014 2898 depositam
2051 2833 2188 2899 apud
2221 2848 2275 2882 se
2299 2832 2543 2892 Sabinam

1474 2911 1686 2976 recipit,
1724 2911 2056 2964 abblanditur
2094 2912 2292 2973 amicir,
2313 2927 2542 2962 corrum-

1474 2988 1555 3050 pit
1574 2988 1890 3054 abducitque
1911 3004 2025 3040 eam
2049 2988 2249 3040 Neroni
2275 3003 2408 3039 novo
2434 3004 2541 3053 ma·

1474 3063 1578 3113 rito
1599 3078 1691 3114 seu
1714 3066 1934 3130 moecho,
1968 3065 2197 3115 moechns
2219 3065 2364 3129 ipse:
2393 3063 2543 3115 ducit

1472 3140 1614 3191 illam
1634 3141 1798 3207 Otho,
1818 3151 1908 3192 aut
1932 3142 2143 3193 duxisse
2161 3142 2388 3204 siumlat,
2407 3157 2542 3191 eam-

1475 3232 1576 3284 que
1612 3227 1770 3284 ncgat
1807 3220 2010 3271 Neroni
2041 3219 2305 3284 repetenti
2343 3219 2543 3285 deposi-

1472 3303 1604 3348 tum.

1504 3375 1732 3444 ‘Sabina
1772 3390 1977 3441 quoque
2021 3389 2137 3424 suas
2183 3380 2362 3439 partes
2405 3373 2535 3438 agit.

1473 3451 1692 3503 Simulat
1712 3468 1769 3502 se
1789 3467 1981 3513 amare,
1995 3450 2237 3516 deperire
2257 3449 2541 3515 Othonem,

1472 3536 1533 3580 ut
1553 3530 1712 3594 magis
1730 3530 1913 3580 illiciat
1933 3527 2213 3591 Neronem,
2232 3526 2386 3593 fingit
2408 3527 2538 3578 nihil

1470 3606 1649 3657 videre
1685 3621 1741 3656 se
1782 3607 1939 3657 etiam
1959 3607 2012 3656 in
2046 3605 2341 3672 regnati-icc
2365 3605 2539 3670 domo,

1428 3699 1431 3700 ⁷
1474 3683 1613 3749 qnod
1658 3684 1898 3752 adaequet
1939 3684 2254 3747 comitatem,
2294 3682 2536 3748 splendoq

1473 3775 1604 3825 rem,
1622 3770 1715 3812 aut
1729 3761 2043 3826 elegantiam
2058 3760 2310 3822 Othonis;
2328 3765 2384 3810 et
2393 3766 2536 3810 ceto·

1472 3856 1555 3889 ras
1592 3848 1730 3891 artes
1769 3840 2041 3889 muliebres
2078 3836 2535 3904 explicat,quibns
2587 3842 2600 3850 ‘

1470 3918 1676 3976 irretiat
1710 3932 1883 3966 amore
1922 3930 2014 3965 suo
2057 3914 2348 3963 Caesarem:
2383 3910 2534 3975 fingit

1470 4011 1525 4046 ae
1565 3996 1711 4061 quasi
1750 4009 1962 4044 uxorem
2001 4006 2176 4042 veram
2199 3988 2442 4054 Othonis,
2459 3987 2535 4038 ibi

1471 4089 1620 4126 veras
1643 4073 1854 4123 delicias
1877 4085 2011 4134 esse,
2047 4075 2103 4118 et
2130 4068 2183 4117 in
2206 4067 2323 4115 aula
2342 4068 2539 4136 pertoeg

1470 4164 1584 4202 sum
1608 4150 1805 4201 statim.

1537 4227 1745 4276 Interea
1764 4222 1930 4280 ceteri
1965 4220 2255 4272 mortalium
2292 4219 2533 4287 ignorant

1471 4303 1539 4359 de
1557 4303 1788 4367 Othone,
1810 4315 1877 4353 an
1896 4300 1967 4354 sit
1988 4301 2214 4352 moechus
2247 4312 2313 4349 an
2333 4296 2403 4353 sit
2424 4310 2536 4381 rna--=
