3063 4952
524 353 702 426 1508

1242 370 1310 417 c.
1357 366 1725 422 connium
1772 366 2033 430 raeiri

2408 374 2503 439 [Α.
2521 375 2595 428 -υ,
2619 379 2740 457 sia.

527 521 783 598 tarent:
824 535 908 585 ac
958 516 1377 584 verberibus·
1427 534 1663 582 manus
1709 517 1878 583 ultro
1925 514 2361 596 intenderent,
2391 515 2741 602 impulere*

526 715 595 753 an
611 715 767 768 inquo
796 701 1061 767 jurezcum
1084 700 1313 766 patronis
1342 699 1727 765 experirentur,
1754 713 1818 750 ac
1837 705 2046 765 paratas
2064 699 2132 750 ad
2155 700 2379 760 verbera
2398 714 2582 751 manus
2604 700 2742 752 ultra¹

1528 832 1744 884 NOTAE

523 945 733 998 videtur
750 946 1148 1010 transpositione
1162 944 1456 1009 verborum,
1471 961 1589 1010 quae

521 1022 785 1074 medicina
823 1038 965 1088 saepe
1018 1022 1330 1085 necessaria,
1382 1037 1589 1071 sensum

521 1113 679 1164 posse
716 1099 958 1163 accipere
1000 1097 1361 1148 commodum:
1433 1098 1494 1148 Vi
1526 1113 1591 1146 an

523 1190 656 1239 aqua
671 1191 776 1225 cum
790 1175 1008 1240 parmis
1023 1176 1138 1238 ,inre
1159 1180 1376 1239 agerent,
1407 1190 1470 1225 an
1491 1190 1592 1226 rer·

523 1250 712 1303 beribns
748 1270 913 1305 manns
947 1256 1074 1304 ultro
1094 1253 1388 1303 intenderent
1427 1253 1589 1317 impel-

520 1329 743 1395 lerentre,
761 1333 1045 1382 sententiam
1070 1347 1229 1382 earum
1250 1332 1590 1395 consultarent,-

518 1414 704 1474 poenain
723 1423 855 1458 snam
887 1410 1227 1459 dissuadentes.

585 1484 857 1538 subtilitas
882 1488 1061 1550 paucis
1098 1487 1278 1550 pervia
1318 1483 1512 1551 effecit,
1528 1489 1590 1534 ut

519 1560 634 1611 linc
665 1568 769 1612 non
791 1571 933 1614 recte
958 1563 1310 1614 scriberentur
1343 1577 1593 1628 caperen-

521 1642 728 1703 turque.
796 1640 986 1690 Nonne
1027 1640 1213 1688 mirum
1257 1644 1357 1703 est,
1396 1654 1459 1688 eo
1499 1653 1587 1688 au·

522 1713 686 1764 daciae
741 1717 1039 1780 pervenisse
1084 1717 1320 1779 libertos,
1373 1717 1588 1780 (nempe

519 1791 758 1855 principe
780 1793 912 1842 clam
952 1807 1040 1842 eos
1077 1790 1309 1853 fovente,
1344 1806 1448 1856 quo
1479 1792 1583 1842 vim

464 1863 465 1866 ’
521 1873 819 1917 senatorum
861 1868 1185 1933 divitumque
1239 1866 1586 1931 infringeret,)

519 1951 580 1992 ut
619 1943 762 2007 ipsos
803 1951 1090 2007 senatores,
1138 1945 1279 2009 ipsos
1337 1953 1586 2008 patronos

519 2032 639 2068 suos
656 2027 903 2083 cogerent
916 2020 982 2070 de
999 2035 1060 2070 eo
1071 2027 1252 2070 senten
1260 2019 1381 2070 tiam
1394 2022 1586 2072 dicere.

585 2097 728 2160 Non,
772 2113 837 2146 an
862 2099 1228 2159 reverentiam,
1264 2097 1453 2159 officia,
1493 2099 1585 2150 ob-

517 2174 717 2237 sequia,
738 2179 957 2238 patrono
975 2174 1246 2234 deberent,
1267 2176 1419 2225 immo
1446 2176 1585 2240 quod

517 2257 600 2301 est
631 2254 870 2317 amplius,
895 2269 958 2303 an
985 2255 1171 2305 liceret
1193 2254 1414 2318 libertis,
1435 2255 1584 2306 fretis

519 2330 718 2381 scilicet
742 2332 873 2381 aulae
898 2332 1082 2396 gratia,
1117 2347 1298 2382 manus
1324 2333 1583 2383 intentare

517 2410 785 2473 patronis;
835 2410 978 2473 (vide
1021 2412 1206 2474 locum,
1246 2411 1333 2476 qui
1372 2416 1452 2460 est
1491 2424 1582 2462 111.

516 2483 704 2537 Annal.
752 2489 1044 2552 argumenti
1077 2486 1309 2552 ejusdem
1332 2484 1372 2551 ς)
1405 2495 1461 2537 et
1491 2488 1602 2536 im?

514 2564 712 2628 pellere
757 2565 809 2613 in
845 2566 1061 2627 ruinam,
1098 2566 1141 2615 si
1183 2564 1326 2615 forte
1371 2564 1583 2629 patroni

514 2643 633 2706 plus
652 2643 935 2694 valentium
962 2643 1081 2694 odio
1118 2644 1382 2694 labascere
1414 2659 1584 2709 caepe·

514 2718 655 2771 rint?

579 2794 722 2848 Quid
769 2811 890 2845 vero
938 2794 1183 2859 iniquius,
1226 2810 1376 2861 quam
1423 2795 1583 2858 ipsos,

513 2883 733 2935 quorum
756 2870 822 2919 de
845 2872 1004 2935 justis
1038 2872 1201 2937 poenis
1239 2872 1582 2936 consultatur,

513 2949 686 2999 audiri
712 2951 872 3017 ‘velut
916 2951 1162 3014 collegas,
1206 2958 1297 2999 aut
1342 2950 1579 3000 tribunos

510 3026 680 3092 legem
698 3026 1058 3078 dissuadentes
1077 3030 1095 3078 ?
1164 3026 1385 3078 Grotius.

580 3104 700 3153 Non
719 3105 844 3153 satis
868 3104 933 3153 ad
960 3119 1066 3153 rem
1086 3102 1244 3163 forte,
1268 3120 1385 3154 cnm
1408 3104 1580 3155 innuit

509 3179 594 3229 hic
619 3179 837 3231 Grotius
871 3181 937 3229 de
979 3181 1096 3230 aula
1133 3180 1343 3229 favente
1388 3180 1580 3231 talibus

510 3258 787 3322 portentis.
859 3259 993 3308 Nam
1018 3258 1163 3306 Nero
1185 3256 1353 3305 adhuc
1395 3257 1446 3306 in
1472 3259 1578 3321 pri-

508 3332 606 3382 mis
640 3334 867 3397 quinque
906 3332 1054 3381 annis
1088 3332 1308 3395 imperii,
1332 3340 1387 3383 et
1405 3334 1581 3383 hacte-

508 3422 606 3471 nus
648 3410 845 3473 optime
884 3413 1093 3458 rexerat
1135 3409 1393 3473 Rempub.
1456 3426 1578 3461 usus

508 3486 737 3543 consiliis
760 3486 954 3535 Burrbi
974 3491 1031 3536 et
1051 3486 1283 3539 Senecas.

574 3561 829 3611 Manebat
878 3561 1046 3612 adhuc
1089 3564 1290 3626 speeies
1346 3564 1574 3628 Reipub.

509 3644 567 3687 et
589 3638 745 3700 etiam
782 3638 946 3687 libere
987 3640 1112 3700 talia
1138 3641 1458 3692 decernebat
1497 3657 1575 3692 se-

505 3720 682 3778 natus,
703 3721 757 3764 et
777 3729 936 3778 penes
960 3719 1219 3767 consulem
1241 3716 1341 3769 fuit
1362 3720 1474 3770 haec
1497 3735 1576 3770 re·

506 3789 650 3842 ferre
674 3790 738 3840 ad
764 3800 1021 3855 senatum,
1039 3802 1092 3844 et
1113 3796 1248 3846 ultro
1274 3799 1578 3861 decernere,

508 3882 627 3932 quae
652 3882 682 3917 e
721 3868 929 3933 Repub.
954 3871 1284 3935 videbantur,
1306 3888 1366 3923 ac
1390 3875 1575 3924 saevire

506 3943 560 3995 in
594 3944 829 4008 libertos,
880 3948 924 3995 si
979 3950 1191 4001 vellent.
1279 3950 1380 4000 Sed
1421 3950 1577 4014 pauci

506 4027 686 4086 patres
727 4025 1080 4088 querebantur
1116 4027 1182 4076 de
1222 4027 1498 4078 insolentia
1519 4028 1575 4076 li·

506 4096 796 4163 bertorum,
835 4101 987 4165 pauci
1010 4102 1297 4152 censebant
1334 4093 1577 4152 coercen-

503 4172 626 4230 dam
662 4190 776 4226 esse
816 4176 1117 4236 libertatem
1160 4192 1252 4232 seu
1304 4178 1573 4230 licentiam

505 4265 771 4314 servorum
822 4254 1262 4306 manumissorum.
1329 4254 1575 4307 Nondum

1670 944 1799 996 talia
1833 943 2109 1007 satagebat
2129 943 2277 994 *Nero
2300 942 2532 1009 juvenis,
2571 944 2742 1008 impar

1669 1021 1837 1071 adhue
1860 1027 2019 1071 tantoe
2051 1034 2292 1069 curarum
2313 1019 2454 1071 moli.

1734 1099 1821 1147 De
1867 1099 1977 1148 sola
2015 1098 2100 1147 hic
2133 1098 2396 1162 pravitate
2428 1097 2741 1153 libertorum

1668 1174 1959 1227 coercenda
1981 1176 2256 1239 agebatur,
2275 1182 2330 1224 et
2348 1175 2579 1224 nondum
2598 1189 2742 1240 gras·

1668 1241 1883 1318 sabatur
1928 1252 2125 1302 malitia
2184 1251 2633 1315 imperitantium3
2687 1258 2745 1305 et

1668 1338 1797 1394 tum,
1836 1330 1880 1380 si
1917 1330 2006 1395 qui
2044 1329 2141 1379 viri
2190 1328 2476 1390 clarissimi,
2519 1328 2750 1382 doloret

1669 1409 1867 1459 scelere
1907 1406 2213 1471 Agrippinae
2239 1406 2395 1455 occisi
2422 1413 2564 1468 sunt,
2598 1408 2746 1462 nulla

1669 1491 1815 1535 certe
1867 1483 2009 1535 frans
2073 1483 2379 1534 libertorum
2432 1482 2743 1537 intervenit.

1668 1562 1786 1614 Nec
1819 1577 1884 1612 ea
1905 1560 2123 1627 quoestio
2163 1559 2464 1624 pertinebat
2484 1558 2552 1609 ad
2582 1559 2744 1610 liber

1668 1645 1748 1692 tos
1772 1639 1986 1701 aulicos,
2008 1638 2094 1703 qui
2116 1638 2170 1686 in
2194 1637 2364 1702 gratia
2383 1636 2642 1701 flagranti.

1739 1715 1825 1779 Vi]
1876 1715 2021 1778 Lego
2061 1714 2169 1764 sic:
2230 1713 2296 1762 Ut
2337 1728 2421 1762 nee
2457 1713 2568 1775 jam
2604 1729 2741 1778 oequo

1664 1809 1772 1843 enm
1804 1792 2021 1859 patronis
2040 1791 2155 1853 jure
2196 1796 2411 1853 agerent,
2451 1792 2745 1841 sententiam

1664 1885 1820 1920 eornm
1855 1868 2173 1929 confutarent,
2202 1872 2289 1917 aut
2323 1867 2589 1918 verberibus
2611 1871 2743 1921 ultro

1665 1962 1831 1997 manns
1869 1948 2167 1996 intenderent
2200 1947 2409 2010 impune,
2442 1947 2517 1995 vel
2549 1943 2756 2009 poenam'

1663 2040 1798 2074 suam
1834 2023 2182 2074 dissuadentes:
2216 2023 2365 2087 quasi
2390 2022 2607 2085 diceret,
2630 2038 2740 2073 ser-

1665 2116 1757 2150 vos
1783 2114 1886 2149 non
1924 2114 2098 2164 agere,
2134 2105 2192 2150 ut
2234 2100 2463 2163 aequales
2503 2114 2623 2150 cnm
2669 2115 2747 2151 α-

1666 2177 1918 2241 qualibus.
1984 2177 2111 2226 Esse
2148 2177 2275 2226 satis
2313 2176 2645 2240 impudentes
2683 2176 2740 2226 in

1666 2254 1990 2304 adversando
2013 2253 2287 2304 sententiis
2309 2253 2544 2314 illorn1n3
2579 2254 2740 2303 immo

1666 2338 1722 2382 et
1767 2332 1833 2381 ad
1886 2332 2219 2381 intentandas
2274 2345 2453 2380 manus
2507 2328 2744 2382 feriendi

1664 2422 1832 2459 causa.
2732 2427 2739 2434 ·

1730 2486 2164 2551 Quandoquidem
2206 2494 2420 2550 possent
2444 2486 2558 2536 sine
2588 2494 2739 2537 metu

1663 2579 1829 2628 poenae
1849 2563 2151 2613 dissuadere
2172 2578 2355 2626 poenas
2396 2578 2538 2628 quas-
2557 2570 2741 2614 essent

1661 2641 1856 2691 mcriti.
1921 2639 2031 2691 Aut
2053 2642 2403 2705 impellerent,
2424 2648 2483 2690 ut
2509 2640 2586 2689 sic
2625 2640 2739 2691 ful-

1664 2718 1835 2768 cirent
1886 2718 2298 2783 instigarentque
2334 2733 2421 2779 eos
2463 2716 2549 2781 qni
2588 2716 2739 2769 fave-⁶

1664 2802 1784 2847 rent
1803 2797 2002 2846 illorum
2028 2792 2345 2860 impunitati.
2410 2795 2662 2846 Harloeus.

1737 2874 1873 2927 Vine
1888 2890 1952 2923 an
1972 2874 2124 2938 oeqno]
2159 2872 2265 2923 Alii
2309 2873 2465 2922 aliter
2510 2873 2738 2936 legunt}

1669 2950 1735 2999 Ut
1759 2966 1842 3000 nec
1862 2967 1992 3014 ‹eqno
2015 2966 2117 3000 cum
2144 2950 2364 3014 patronis
2382 2949 2499 3010 jure
2518 2956 2741 3017 agerent,

1660 3028 1742 3075 sed
1764 3027 1871 3089 jam
1893 3043 2051 3076 coram
2083 3030 2419 3091 consultarent,
2448 3043 2503 3076 ae
2524 3027 2737 3078 verberi-

1661 3102 1746 3152 bus
1766 3118 1932 3154 manus
1950 3106 2074 3154 altro
2098 3105 2410 3173 intenderent,
2434 3106 2625 3168 impune
2660 3105 2740 3155 rel

1653 3195 1794 3245 poena
1815 3197 1899 3230 sua
1915 3184 2193 3243 gaudentes.
2259 3182 2346 3232 Sic
2369 3183 2632 3232 Muretus.

1731 3258 1798 3306 Ut
1819 3273 1910 3306 non
1933 3263 2157 3321 tanquam
2196 3273 2327 3321 aeqno
2367 3274 2473 3308 eum
2509 3262 2738 3322 patronis

1643 3333 1758 3395 jure
1778 3340 1989 3397 agerent,
2009 3337 2092 3384 sed
2110 3336 2220 3396 jam
2243 3351 2399 3384 coram
2426 3338 2738 3399 insultarent,

1655 3427 1821 3462 manns
1880 3413 2005 3462 ultro
2052 3413 2369 3477 intenderent,
2421 3413 2612 3476 impune
2659 3414 2737 3465 021

1649 3502 1838 3553 poenam
1857 3503 1990 3538 suam
2010 3489 2330 3552 despicientes.
2395 3487 2688 3541 Acidalius.
2735 3550 2740 3553 ¹

1727 3565 1795 3616 Va·
1848 3580 1908 3625 ne
1945 3581 2008 3615 an
2047 3582 2182 3629 oeqna
2225 3582 2330 3616 enm
2365 3567 2582 3630 patronis
2614 3569 2736 3631 ,iure

1655 3648 1870 3705 agerent,
1892 3643 2174 3693 sententiam
2215 3658 2374 3693 eornm
2393 3647 2736 3703 consultarent.

1654 3720 1738 3768 An
1772 3719 2039 3768 verberibus
2059 3735 2225 3770 manns
2254 3722 2379 3770 altro
2413 3722 2737 3789 intenderent,

1657 3789 2007 3860 impellerentee
2024 3813 2215 3861 paenam
2231 3814 2364 3849 suam
2385 3784 2734 3895 dissuadentest'

1654 3870 1741 3922 Sic
1765 3875 1992 3925 Boxhor.
2018 3883 2072 3925 et
2091 3876 2400 3927 Gronovius.

1718 3958 1740 3984 ⁸
1772 3950 2070 4009 Sententiam
2095 3969 2253 4002 eorum
2276 3954 2619 4020 conmitterent]
2641 3957 2738 4007 Sic>

1654 4028 1805 4091 cepit
1839 4029 2096 4093 interpres
2121 4031 2413 4095 Hispanus:
2451 4031 2606 4081 Ita'nt
2624 4044 2734 4083 seni

1653 4104 1858 4154 tentiam
1894 4104 2101 4170 ipsarum
2147 4111 2453 4170 patronorum
2491 4111 2732 4158 emunata-⁶

1653 4187 1781 4247 rent,
1800 4198 1865 4232 an
1896 4182 2166 4233 verberibus
2199 4198 2282 4234 sen
2306 4184 2467 4248 plagis
2492 4186 2732 4249 aecipien-

1654 4248 1731 4315 dis
1751 4261 1875 4310 ultro
1899 4274 2062 4309 manns
2092 4260 2167 4310 illi
2190 4262 2454 4328 tenderent,
2473 4261 2726 4315 submitte-
