3063 4952
382 388 514 442 λθ.
533 386 651 450 &J
682 426 689 431 .

1080 334 1514 429 ..nsrumuu
1541 377 1716 427 elul-B.
1733 376 1918 427 ”xlm

378 525 718 597 convivali
741 526 960 604 lecto}
985 530 1055 590 et
1070 524 1378 609 exequiis
1392 523 1688 590 vilibus:
1718 542 1956 609 noque,
1979 522 2347 593 damnem
2374 539 2592 595 rerum

380 631 790 716 potiebatur,
790 629 809 666 ‘
854 632 1171 713 congesta
1212 634 1331 693 aut
1370 627 1609 693 clausa
1667 626 1933 693 humus·
1938 634 2001 675 ³¹²
2072 623 2247 692 Mox
2278 624 2594 697 domesti-

370 820 447 873 ,est
468 815 585 889 ipsa
613 816 704 865 hac
723 821 859 866 nnete
875 815 929 865 in
948 820 1069 877 toro,
1083 831 1172 880 quo
1189 830 1357 865 mensoe
1378 814 1689 877 accumbitur,
1710 819 1757 865 et
1780 814 2071 867 translatitio
2095 812 2373 877 vulgarique
2382 810 2592 873 sume.-

375 886 541 946 neque,
595 882 711 931 dum
747 883 1067 946 principatum
1108 880 1311 931 obtinuit
1352 881 1500 945 Nero,
1549 882 1737 944 ingestu
1779 876 1963 946 humus,
1995 885 2080 931 aut
2122 880 2434 943 circumeplu
2464 877 2589 938 ficit.

1306 1027 1362 1048 00
1366 1027 1482 1048 θ’θ’
1484 1027 1664 1048 ‘0600‘

375 1094 537 1178 editio
559 1088 807 1196 princeps
823 1134 880 1179 et
899 1128 1235 1181 recentiores.
1274 1128 1339 1179 Iu
1359 1129 1489 1181 Mss.
1510 1129 1662 1180 Harl.
1688 1127 1840 1181 Bodl.
1857 1126 1969 1182 Jes.
1992 1132 2050 1178 et
2071 1126 2412 1189 Puteolanus,
2435 1124 2592 1177 Ιιιιιιιο.

1388 1260 1604 1315 NOTAE

375 1378 595 1423 matrem
619 1373 846 1426 habere!
889 1374 1183 1433 Vertmuius.

438 1451 696 1501 Boethius
716 1452 808 1501 lib.
833 1466 897 1502 11.
913 1458 1079 1505 cano.
1102 1455 1118 1482 ‘
1139 1454 1328 1503 Fratre
1354 1454 1444 1519 qui

377 1529 638 1594 quondam
657 1528 799 1579 ferus
820 1530 1122 1594 interemto,
1156 1531 1342 1581 Matris
1367 1529 1444 1579 ef-

375 1602 492 1655 fuso
523 1605 728 1657 maduit
761 1621 977 1658 cruore:
1013 1609 1217 1673 Corpus
1239 1615 1297 1659 et
1331 1610 1444 1659 visu

376 1680 605 1745 gelidum
645 1697 921 1746 pererrans
976 1685 1089 1736 Ora
1128 1699 1233 1735 non
1286 1685 1446 1735 tinxit

376 1758 637 1825 lacrymis,
674 1761 766 1812 sed
807 1776 924 1812 esse
962 1764 1160 1814 Censor
1200 1765 1446 1815 exstincti

380 1839 551 1901 potuit
575 1838 816 1890 decoris.'

439 1921 459 1946 ⁸
495 1915 745 1965 Convivali
785 1915 926 1980 lecto]
962 1918 1084 1968 Non
1127 1916 1354 1984 funebri,
1389 1926 1446 1970 et

376 1989 611 2056 legitime
635 1998 836 2056 parato.
875 1993 1084 2058 Lipsius.

444 2069 695 2119 Convivali
729 2069 870 2133 lecto]
911 2070 1018 2120 Ubi
1050 2085 1260 2122 coenans
1295 2084 1445 2124 accu-

376 2131 559 2195 babat.
606 2147 875 2196 Ferrettus.
942 2147 1063 2198 Non
1086 2148 1200 2213 ipsa
1221 2154 1443 2216 tantum,

377 2210 467 2272 sed
490 2228 548 2273 et
570 2218 677 2273 alii.

438 2300 562 2349 Mos
585 2297 717 2350 fuit
703 2315 757 2350 m
778 2301 1111 2368 exequiarum
1135 2302 1444 2355 celebritate

374 2375 690 2444 funebrique
723 2393 932 2443 pompa,
969 2386 1088 2444 post
1121 2379 1262 2430 faces
1286 2382 1447 2432 collu-

375 2460 575 2518 centes,
596 2454 650 2504 in
689 2454 920 2526 lectuna,
953 2470 1080 2521 quos
1103 2455 1334 2518 funebres
1359 2472 1446 2508 ex-

373 2538 603 2582 structos
641 2529 841 2581 funeris
868 2547 1039 2599 causa,
1074 2534 1340 2600 dicebant,
1367 2534 1449 2585 fu·

348 2622 544 2674 ¹mosas
580 2608 829 2674 majorum
869 2610 1134 2675 imagines,
1158 2612 1446 2679 ipsiusque,

376 2679 460 2737 'cui
492 2686 847 2753 funeraretur,
880 2706 909 2739 e
952 2706 1076 2742 cera
1107 2690 1337 2743 effictum
1384 2693 1446 2743 si-

376 2765 663 2816 mulacrum
708 2765 955 2817 anteferri
998 2769 1261 2834 cadaveri,
1305 2771 1446 2835 quod

375 2842 429 2891 iu
476 2844 618 2894 lecto
652 2850 819 2895 strato
848 2859 968 2895 cum
998 2846 1173 2896 linteis
1218 2848 1445 2912 positum

272 2939 279 2948 ·
376 2920 712 2985 sequebatur.

383 2997 387 3002 '
440 2998 516 3049 At
548 2998 861 3065 Agrippina,
882 3015 943 3050 eo
979 3000 1095 3066 ipso
1119 3003 1315 3055 lectulo
1351 3004 1440 3055 de·

376 3075 484 3128 lata
505 3084 606 3140 est,
629 3093 733 3144 quo
754 3079 929 3129 cibum
961 3087 1198 3132 sumtura
1224 3082 1441 3135 accuba-

378 3157 487 3208 bat.
519 3157 815 3210 Vertumnum.

384 3296 390 3299 ⁴
445 3236 693 3286 Convivali
737 3238 880 3303 lecto]
923 3237 987 3287 In
1029 3238 1107 3288 bis
1142 3238 1311 3304 lectis,
1331 3244 1440 3292 tum

375 3326 601 3362 maxima
621 3312 872 3376 luxuries,
896 3320 1034 3365 teste
1056 3315 1195 3367 Plin.
1219 3322 1440 3372 xv1.43.

373 3390 391 3418 ‘
414 3390 737 3454 Excogitatae
774 3397 896 3441 sunt
928 3398 985 3441 et
1030 3392 1157 3456 ligni
1194 3395 1444 3463 bracteae,

374 3482 471 3523 nec
512 3468 681 3518 satis:
732 3483 941 3533 eoepere
977 3468 1109 3535 tingi
1147 3471 1445 3525 animalium

375 3560 587 3606 cornua,
643 3547 828 3596 dentes
883 3547 1082 3610 secari;
1143 3548 1447 3617 lignumque

375 3623 532 3675 ebore
577 3624 847 3690 distingui,
878 3639 1000 3676 mox
1042 3627 1257 3691 operiri.
1324 3628 1448 3680 Pla·

378 3704 488 3753 cuit
527 3703 715 3753 deinde
771 3705 1039 3756 materiem
1091 3710 1148 3756 et
1203 3706 1258 3757 in
1311 3709 1445 3760 mari

312 3785 318 3791 “
375 3771 554 3846 quaeri.
618 3781 921 3832 'l'estudoin
944 3784 1042 3834 hoc
1062 3790 1233 3833 secta:
1255 3799 1444 3850 nuper-

376 3873 476 3924 que
534 3860 851 3925 portentosis
882 3861 1105 3925 ingeniis
1144 3853 1444 3927 principatu

376 3935 600 3985 Neronis
620 3937 905 4000 inventum,
928 3943 988 3987 ut
1021 3939 1301 4003 pigmentis
1325 3953 1443 4005 per·

376 4012 529 4074 deret
571 4026 647 4076 se,
686 4013 949 4078 plurisque
983 4014 1201 4077 veniret,
1240 4015 1443 4067 imitata

376 4088 589 4153 lignum.
653 4090 742 4139 Sic
760 4090 912 4140 lectis
928 4090 1099 4154 pretia
1116 4099 1438 4156 queruntur.

375 4166 452 4237 sic
485 4165 839 4232 terebinthum
865 4167 1003 4216 vinci
1027 4167 1245 4233 jubent,
1276 4170 1352 4221 sic
1373 4171 1442 4222 ci-

376 4250 511 4295 trum
535 4243 814 4310 pretiosius
847 4242 983 4310 fieri,
1002 4245 1076 4295 sic
1107 4259 1228 4297 acer
1249 4246 1441 4313 decipi.

1526 1376 1691 1427 Modo
1727 1374 1932 1425 luxuria
1973 1388 2077 1422 non
2124 1371 2302 1421 fuerat
2342 1376 2593 1431 contenta

1523 1454 1665 1517 ligno
1690 1470 1703 1504 ς
1727 1453 1839 1518 jam
1863 1452 2061 1516 lignum
2084 1449 2186 1498 emi
2220 1447 2480 1498 testudine
2515 1444 2594 1498 fa·

1523 1529 1646 1580 eit:'
1678 1528 1817 1596 quod
1835 1536 1893 1581 et
1914 1527 1981 1579 de
2013 1526 2206 1578 ceteris
2228 1524 2383 1576 lectis
2403 1524 2595 1576 intelli·

1527 1609 1772 1673 gendum.

1599 1688 1616 1720 ί
1637 1687 1946 1750 Nequaquam
1968 1684 2102 1733 Nero
2122 1697 2283 1732 rerum
2301 1679 2597 1745 potiebatur]

1525 1764 1646 1815 Nou
1690 1772 1941 1829 congesta
1974 1777 2072 1813 nec
2106 1763 2276 1813 clausa
2306 1761 2463 1811 humo
2499 1757 2597 1813 foe-

1522 1841 1682 1904 mina,
1695 1840 1863 1892 donec
1879 1842 2024 1892 Nero
2047 1839 2316 1904 regnavit:
2361 1842 2483 1901 post
2508 1836 2598 1886 do-

1521 1920 1852 1969 mesticorum
1877 1933 2002 1968 cura
2029 1917 2131 1966 levi
2162 1916 2358 1966 tumulo
2382 1921 2595 1966 contec-

1524 2001 1600 2047 ta.
1646 1996 1909 2047 Ferrettus.

1592 2081 1617 2107 ⁸
1651 2074 1886 2136 Congesta
1901 2078 1985 2123 aut
2006 2073 2163 2122 clausu
2185 2067 2374 2133 hunnus]
2393 2067 2593 2119 Eodem

1523 2149 1678 2201 modo
1717 2165 1773 2201 se
1823 2150 1983 2216 gessit
2029 2149 2172 2199 Nero
2218 2162 2341 2212 erga
2383 2153 2593 2212 patrem

1526 2229 1819 2292 Claudium,
1871 2234 2010 2277 teste
2064 2226 2278 2276 Suetou.
2333 2224 2466 2274 Ner.
2507 2225 2592 2275 33.

1521 2305 1541 2333 ‘
1563 2307 1786 2355 Bustum
1820 2304 1931 2369 ejus
1973 2301 2251 2366 consepiri,
2286 2300 2383 2350 nisi
2417 2299 2595 2350 humili

1518 2383 1726 2447 levique
1756 2379 1993 2443 materia,
2027 2376 2294 2442 neglexit?
2375 2377 2592 2429 Cineres

1522 2461 1815 2526 principum
1835 2456 2134 2509 inferebant
2155 2456 2442 2518 Mausoleo,
2461 2462 2595 2508 atta·

1522 2553 1643 2587 men
1685 2538 1828 2587 locus
1872 2536 1926 2585 in
1970 2549 2072 2601 quo
2110 2533 2330 2583 cremati
2362 2530 2593 2598 fuerant,

1524 2628 1624 2681 pro
1668 2615 1906 2679 religioso
1943 2612 2249 2663 habebatur.
2317 2611 2388 2660 Et
2425 2612 2592 2674 locus,

1523 2692 1578 2742 in
1604 2695 1705 2758 quo
1724 2697 1985 2742 crematus
2008 2686 2590 2754 Augustus,distinctus

1526 2785 1559 2819 a
1587 2769 1875 2820 Mausoleo.

1609 2845 1938 2896 claudebant
1995 2850 2203 2894 veteres
2256 2847 2591 2892 monumenta

1520 2937 1630 2988 sua,
1654 2923 1918 2973 tenuiores
1952 2920 2181 2988 quidem,
2228 2919 2473 2981 maceria,
2496 2925 2593 2969 aut

1517 2995 1695 3067 aliqua
1715 3000 1821 3050 levi
1842 2999 2092 3061 materia;
2122 2997 2448 3048 honestiores
2469 2994 2592 3047 lori·

1522 3093 1589 3129 ca
1607 3092 1637 3128 e
1660 3078 1824 3142 silice,
1839 3080 1920 3128 vel
1945 3092 2090 3141 saxo,
2111 3084 2202 3126 aut
2223 3090 2496 3125 marmore.
2519 3075 2593 3126 Et

1520 3157 1636 3223 ipse
1682 3157 1827 3207 Nero
1859 3156 2154 3218 moriturus,
2192 3153 2329 3218 apud
2373 3153 2591 3202 Sueton-

1520 3240 1606 3287 49.
1629 3236 1647 3264 ‘
1669 3234 1915 3285 Scrobem
1949 3248 2121 3284 coram
2144 3230 2260 3280 fieri
2293 3229 2591 3294 imperavit,

1522 3312 1784 3363 dimensus
1818 3311 1881 3362 ad
1916 3312 2143 3376 corporis
2173 3311 2251 3358 sui
2283 3309 2550 3358 modulum
2573 3324 2591 3358 τ

1526 3390 1870 3455 componique
1894 3387 2063 3450 simul,
2086 3387 2129 3436 si
2165 3402 2267 3451 qua
2302 3386 2593 3436 inveniren-

1526 3475 1616 3520 tur
1635 3467 1808 3519 frusta
1829 3456 2128 3529 marmoris:
2149 3469 2246 3516 &c.

1588 3544 1737 3596 Infra
1752 3551 1833 3595 50.
1852 3544 1868 3572 ‘
1885 3544 2110 3595 Neronis
2134 3544 2378 3609 reliquias
2392 3544 2591 3610 Ecloge

1527 3630 1586 3674 et
1621 3622 1977 3674 Alexandrina
2019 3621 2250 3672 nutrices
2291 3637 2407 3672 cum
2452 3620 2592 3673 Acte

1528 3699 1833 3763 concubina,
1847 3699 2028 3763 gentili
2049 3698 2396 3749 Domitiorum
2417 3714 2594 3750 monu-

1522 3785 1702 3830 mento
1726 3775 2092 3840 condiderunt,
2111 3775 2251 3840 quod
2276 3776 2593 3839 prospicitur

1523 3871 1556 3907 e
1579 3870 1765 3922 campo
1788 3854 1983 3905 Martio
2000 3853 2295 3917 impositum
2321 3853 2455 3904 colle
2476 3854 2589 3905 hor-

1523 3939 1713 3985 torum.
1796 3931 1863 3982 In
1911 3946 1972 3981 eo
2021 3937 2356 3980 monumento
2404 3932 2590 3983 solima

1524 4008 1892 4075 Porphyretici
1943 4007 2210 4056 marmoris
2270 4009 2590 4071 superstanti

1523 4086 1751 4138 Lunensi
1774 4100 1865 4135 ara
1885 4085 2289 4149 circumseptum
2312 4091 2391 4135 est
2412 4086 2593 4151 lapide

1522 4162 1749 4215 Thasio?

1588 4240 1656 4293 Id
1683 4238 1841 4293 etiam
1879 4238 2189 4306 permiserat
2207 4206 2380 4291 Icelus
2400 4238 2585 4294 Galbae
