3063 4952
1203 464 1267 513 cz
1313 442 1681 509 connunn
1728 450 1982 503 ueri-1
2029 496 2036 500 ,
2317 449 2324 457 ·
2384 444 2477 514 [Α.
2499 444 2569 497 υ.
2589 448 2718 503 81⁵„

493 459 683 527 1732:

496 624 661 694 duni
714 615 1144 686 simulacrum
1191 600 1576 679 Victoriae,¹¹
1642 618 1723 664 ac
1796 602 1967 675 retro
2025 610 2442 667 conversum,
2504 583 2720 672 qnasi.

494 722 818 806 wderetss
888 719 1211 787 hostibus.
1330 711 1416 775 Et
1471 708 1766 774 foeminae
1822 703 1892 767 in
1960 700 2244 765 furorem
2265 690 2324 741 ²³
2388 693 2699 768 turbatae,

495 843 533 874 ‘²
546 836 782 902 adesse
808 819 1134 899 exitium:
1166 817 1512 883 canebant.
1571 811 2038 890 Externosque
2064 793 2389 867 fremitusk
2418 796 2486 860 in
2515 794 2722 860 curia.

495 957 723 1008 eorum
773 930 1075 1008 auditos3
1122 918 1554 999 consonuisse
1597 905 1976 979 ululatibus¹
2015 907 2410 981 theatrum,¹¹¹
2454 899 2706 962 visam—

500 1116 668 1154 ‹wersa
686 1104 834 1157 retro,
856 1101 1078 1159 tanquam
1097 1092 1201 1156 ipsa
1223 1056 1405 1139 cederet
1425 1081 1639 1134 barbaris
1650 1096 1670 1139 ,·
1702 1085 1751 1129 et
1768 1077 1985 1128 mulieres
2004 1090 2089 1139 per
2111 1072 2331 1132 furorem
2362 1073 2515 1118 emota
2536 1068 2711 1126 mente,

498 1167 767 1218 imminere
794 1161 995 1212 cladem
1017 1172 1078 1207 ac
1118 1153 1404 1220 perniciem
1426 1147 1845 1203 nummatum
1892 1147 1940 1192 et
1967 1140 2221 1190 inusitatos
2255 1136 2486 1209 strepitus
2502 1133 2555 1181 in
2576 1131 2713 1206 curia

499 1246 659 1284 eorum
680 1227 868 1280 auditos
887 1240 1003 1290 esse,
1020 1220 1312 1288 personuisse
1332 1218 1570 1266 theatrum
1600 1209 1894 1272 clamoribus,
1924 1209 2304 1270 conspectumque
2333 1215 2431 1249 esse
2449 1210 2714 1285 tmagtnm

1417 1348 1475 1368 ‘O
1480 1346 1565 1367 ΝΟ
1569 1346 1682 1365 0000
1687 1345 1774 1364 ”O

565 1467 594 1513 1
630 1460 758 1511 Cod.
778 1459 907 1523 Agr.
931 1458 1212 1507 ‹redense—2
1247 1452 1308 1500 In
1328 1449 1500 1510 furore
1520 1445 1751 1495 Brotier.
1785 1456 1901 1492 cum
1925 1437 2187 1490 Gronovio
2209 1439 2266 1483 et
2294 1429 2515 1496 Ryckio.
2564 1430 2726 1485 Praen¹

499 1526 691 1592 positio
712 1526 765 1575 in
797 1524 948 1573 abest
987 1537 1017 1571 a
1051 1521 1152 1570 Ms.
1191 1517 1316 1580 Agr.
1377 1513 1564 1562 Mallet
1598 1509 1849 1567 Faernus,
1886 1508 1937 1555 in
1965 1505 2193 1560 furorem.
2261 1498 2543 1560 Vulgatum
2584 1493 2726 1543 ferri

498 1598 694 1656 potest,
715 1590 759 1641 si
781 1588 1062 1651 intelligas,
1083 1579 1501 1646 soemiveae,furore
1534 1581 1671 1634 ηοω,
1692 1573 1884 1622 turbata
1910 1574 2079 1619 mente.
2119 1564 2340 1615 Brotier.
2407 1561 2468 1608 In
2492 1559 2717 1620 furorem

497 1658 712 1722 Bipont.
753 1667 1022 1718 recepere,
1044 1657 1210 1712 recte,
1232 1653 1292 1696 ut
1331 1645 1531 1708 opinor.
1613 1639 1871 1688 Oberl.—-3
1905 1636 1995 1686 Sic
2032 1633 2228 1698 optime
2265 1628 2500 1701 Picuena
2532 1638 2563 1672 e
2609 1624 2715 1673 Ms.

1495 1748 1711 1806 NOTAE

563 1866 586 1902 ¹¹
605 1866 920 1917 Simulacrum
942 1859 1187 1923 Victorioe]
1253 1856 1405 1910 Quod
1424 1852 1563 1904 haud
1643 1852 1759 1902 licis
1782 1865 1926 1900 suam
1952 1845 2317 1898 auctoritatem
2342 1839 2635 1891 afferebant
2655 1843 2718 1886 et

498 1943 655 1994 dubie
677 1943 727 1991 in
753 1941 949 2004 templo
968 1939 1056 1988 illo
1079 1935 1419 1988 celeberrimo
1435 1929 1565 1982 Divi
1646 1929 1857 1979 oracula
1879 1923 2171 1976 reddebant
2192 1936 2256 1971 ex
2295 1918 2464 1983 adytis
2488 1930 2583 1965 sen
2606 1921 2718 1965 tur·

498 2018 705 2071 Glandii
724 2018 896 2067 'situm
933 2013 1052 2065 fuit.
1118 2014 1292 2075 Imago
1332 2008 1565 2059 victoriae
1646 2009 1788 2058 ribus
1811 2004 1987 2066 editis,
2006 2016 2131 2067 quas
2156 1999 2248 2048 soli
2265 1995 2453 2045 fratres
2476 1992 2718 2042 adibant.

497 2094 600 2146 fuit
621 2095 787 2158 Virgo
810 2094 969 2152 alata,
995 2091 1190 2150 volans,
1215 2099 1455 2138 coronam
1479 2084 1568 2133 vel
1709 2086 1735 2119 k
1767 2086 2090 2142 Extemosque
2118 2075 2361 2138 fremitus,
2390 2070 2496 2134 ξω]
2533 2068 2722 2119 Prodi-

498 2171 722 2236 palmam
766 2167 1051 2234 proferens.
1138 2164 1341 2215 Habuit
1381 2163 1562 2211 Romae

499 2247 749 2311 templum
771 2245 819 2293 in
845 2243 1124 2304 Aventino,
1143 2242 1367 2290 alterum
1389 2239 1443 2288 in
1467 2237 1566 2285 Pa-

495 2322 680 2384 latino,
700 2327 757 2370 et
779 2335 918 2369 aram
943 2320 999 2366 in
1019 2317 1194 2368 Curia.

512 2434 515 2437 -
564 2401 722 2450 Forte
745 2399 901 2447 situm
939 2393 1074 2444 illud
1092 2391 1337 2442 Victoriae
1359 2389 1565 2438 simula-

499 2494 642 2530 crum
682 2480 734 2527 in
775 2475 984 2539 fastigio
1024 2471 1226 2537 templi,
1263 2469 1401 2520 unde
1425 2467 1572 2518 deci-.

500 2555 596 2605 dit.
656 2556 799 2606 'Nam
824 2554 1130 2615 templorum
1158 2548 1370 2609 fastigia
1388 2545 1567 2594 Victo-

498 2633 591 2683 riae
613 2632 797 2682 suffixo
827 2631 1095 2680 simulacro
1134 2624 1369 2675 solebant
1404 2621 1563 2687 insig-

498 2723 621 2759 nm.
1428 2747 1429 2750 ,

504 2802 507 2806 ⁴
566 2784 823 2847 *Ceam-et]
880 2785 1044 2838 Quasi
1065 2784 1179 2833 loco
1197 2786 1255 2833 et
1271 2795 1392 2831 arce
1415 2779 1565 2832 cede·

501 2868 585 2924 ret
605 2861 854 2911 hostibus.

564 2936 582 2980 ³
605 2937 830 2987 Foeminae
849 2939 903 2986 in
913 2936 1154 3000 furorem]
1177 2937 1349 2988 Multa
1377 2935 1567 3000 passim

502 3017 559 3067 in
580 3016 805 3066 historiis
830 3016 1069 3080 exempla
1099 3014 1276 3065 talium
1316 3013 1569 3063 fanatica,

501 3108 615 3142 rum
650 3092 930 3141 ‘mulierum
973 3106 1100 3141 vera
1142 3089 1530 3140 vaticinantium
1552 3105 1566 3137 ε

503 3168 581 3219 sic
626 3169 822 3233 Pythia
864 3169 916 3217 in
972 3167 1200 3217 furorem
1245 3167 1574 3230 vertebatur,

503 3246 796 3309 priusquam
819 3243 1189 3307 responderet:
1223 3244 1296 3292 sic
1319 3242 1438 3291 olim
1459 3256 1568 3289 mu-

503 3321 600 3371 lier
617 3320 880 3371 admonuit
903 3320 1277 3381 Alexandrum,
1294 3333 1359 3367 ne
1378 3332 1432 3366 se
1453 3331 1568 3366 noc-

503 3404 562 3446 tu
599 3397 807 3446 domum
844 3397 1123 3460 reciperet,
1169 3396 1342 3460 sicque
1382 3396 1589 3444 vitavit.

498 3472 714 3523 insidias
725 3474 975 3537 juvenum
998 3490 1012 3534 3
1047 3472 1186 3535 apud
1213 3472 1466 3522 Curtium.

569 3548 654 3598 Sic
677 3556 733 3598 et
767 3549 1002 3613 Hispana
1030 3550 1171 3610 virgo
1211 3547 1451 3611 praedixit
1474 3547 1567 3594 im-

503 3624 706 3690 perium
731 3625 947 3675 Galbae:
985 3625 1059 3675 sic
1094 3625 1254 3674 Catta
1277 3624 1460 3672 mulier
1478 3623 1567 3671 Vi-

502 3702 683 3763 telli03
716 3702 792 3752 sic
813 3702 1135 3751 Druidarum
1175 3699 1388 3750 foemina
1410 3698 1568 3748 Alex-

501 3779 662 3829 andro
679 3780 876 3829 Severo
894 3786 1130 3842 mortem,
1144 3786 1199 3827 et
1214 3778 1317 3827 alia
1333 3774 1569 3840 ejusdem

503 3857 679 3921 gentis
704 3857 1034 3907 Diocletiano
1076 3854 1457 3917 principatum:
1496 3851 1570 3900 sic

500 3931 720 3983 fatidica
743 3934 913 3998 puella
935 3929 1320 3980 Aurelianensis
1341 3928 1470 3978 fuit:
1495 3929 1571 3977 sic

506 4014 564 4059 et
601 4007 816 4057 foemina
853 4006 1058 4056 Gallica
1095 4005 1340 4069 praedixit
1372 4004 1573 4053 labores

506 4087 566 4138 et
609 4084 766 4134 finem
808 4085 1039 4134 laborum
1085 4084 1315 4133 Henrico
1361 4084 1576 4145 Magno,

505 4175 633 4212 vere
653 4162 877 4213 Herculi
898 4163 1119 4214 Gallico.

530 4255 533 4262 ⁴
571 4238 663 4288 Sic
694 4239 817 4289 olim
853 4238 1072 4294 Velleda
1110 4244 1167 4288 et
1202 4236 1420 4287 Aurinia
1442 4237 1577 4286 Ger-

507 4313 724 4367 manicae
743 4315 993 4381 virgines,
1011 4315 1162 4366 bellis
1181 4318 1240 4364 et
1258 4313 1413 4365 rebus
1445 4311 1577 4377 pub·

1646 2165 1733 2230 gia
1767 2161 1950 2212 eadem
1988 2161 2229 2205 recenset
2267 2150 2408 2200 Dio:
2460 2150 2477 2176 ‘
2503 2149 2549 2196 E
2570 2145 2732 2195 curia,

1646 2240 1843 2290 sonitus
1887 2232 2185 2284 barbaricus
2227 2233 2388 2277 nocte
2443 2238 2562 2274 cum
2608 2223 2732 2271 risu.

1645 2316 1872 2373 auditus,
1905 2318 1957 2360 et
1998 2324 2027 2357 e
2067 2307 2269 2356 theatro
2306 2302 2558 2352 tumultus
2595 2313 2718 2348 cum

1644 2387 1883 2442 ululatu.’
1948 2384 2158 2447 Lipsius.

1709 2461 1977 2525 Fremitus]
2009 2461 2121 2511 Cic.
2146 2457 2211 2528 de
2234 2456 2464 2519 Harusp.
2506 2465 2732 2518 respon-»-¹

1644 2547 1748 2598 sis:
1783 2547 1799 2575 ‘
1826 2545 1890 2594 In
1933 2554 2056 2603 agro
2102 2535 2367 2587 Latinensi
2391 2532 2599 2583 auditus
2635 2536 2721 2582 est

1644 2623 1911 2688 strepitus,
1953 2633 2071 2668 cum
2115 2614 2344 2666 fremitu.
2424 2608 2719 2660 Exauditae

1645 2702 1700 2750 in
1723 2714 1848 2763 agro
1883 2694 2172 2761 propinquo
2195 2699 2250 2741 et
2272 2687 2568 2740 suburbano
2586 2693 2730 2735 stre·-

1648 2779 1787 2844 pitus
1810 2774 2016 2841 quidam
2038 2769 2356 2829 reconditus,
2389 2771 2445 2815 et
2463 2759 2736 2814 horribilis·

1646 2854 1886 2904 fremitus
1908 2845 2199 2899 armorum.'
2267 2891 2271 2893 ,

1715 2929 1729 2963 ¹
1756 2925 2047 2987 Ululatibus]
2078 2925 2168 2973 Sic
2191 2922 2330 2972 Flor.
2362 2921 2399 2969 l.
2422 2931 2501 2967 ιν.
2537 2914 2631 2965 ubi
2650 2913 2718 2964 de

1650 3007 1830 3072 praelio
1850 3004 2085 3054 Pharsal.
2116 3002 2132 3029 ‘
2157 3001 2435 3063 Nunquam
2451 2994 2726 3044 imminen-

1651 3087 1716 3135 tis
1740 3084 1901 3133 ruinae
1925 3077 2280 3129 manifestiora
2316 3073 2572 3138 prodigia,
2592 3070 2723 3134 fuga

1650 3160 1998 3216 victimarum,
2018 3155 2255 3205 examina
2287 3151 2341 3199 in
2364 3148 2543 3212 signis,
2563 3148 2721 3196 inter-

1652 3237 1743 3285 ‹liu
1766 3236 2017 3286 tenebrae.
2082 3233 2208 3281 Dux
2248 3228 2359 3291 ipse
2380 3236 2439 3275 et
2459 3230 2720 3273 nocturna

1650 3312 1894 3376 imagine,
1917 3309 2112 3358 theatri
2140 3306 2219 3354 sui
2243 3303 2457 3353 audiens
2482 3301 2736 3363 plausum⁴

1650 3389 1701 3438 iu
1724 3387 1929 3436 modum
1956 3384 2194 3448 planctus
2216 3381 2414 3430 circum
2437 3390 2642 3438 sonare,
2664 3380 2740 3425 et-

1648 3478 1801 3515 mane
1839 3478 1956 3512 cum
1993 3461 2155 3525 pullo,
2173 3456 2385 3524 (nefas,)
2404 3454 2543 3520 apud
2583 3454 2721 3520 prin-

1648 3542 1790 3605 cipia
1808 3544 2117 3603 conspectus
2134 3541 2230 3587 est.

1715 3625 1750 3651 ¹¹¹
1788 3614 2074 3677 Theatrum]
2097 3616 2183 3663 De
2204 3611 2480 3662 Britannia
2502 3609 2719 3660 Cicero:

1650 3696 1666 3723 ‘
1694 3693 1833 3743 Rudi
1870 3700 2041 3743 tamen
2083 3692 2168 3740 illa
2203 3690 2390 3749 insula,
2424 3688 2564 3737 nulla
2602 3699 2740 3752 spes.

1654 3769 1868 3835 proedoe,
1917 3768 2020 3817 nisi
2076 3782 2146 3816 ex
2198 3764 2488 3827 mancipiis,
2532 3762 2721 3828 quibus

1653 3846 1838 3907 nullos,
1872 3847 2001 3907 puto
2024 3851 2079 3893 te
2112 3843 2280 3891 literis
2298 3847 2390 3890 aut
2413 3840 2614 3889 musica
2634 3852 2723 3888 ex·

1655 3924 1843 3988 politos
1866 3919 2187 3984 expectare.'

1719 4000 1822 4050 Sed
1846 3999 2064 4050 Romani
2085 3999 2244 4047 etiam
2263 4002 2563 4046 struxerant
2580 3995 2723 4044 thea-

1658 4090 1739 4134 tra
1772 4084 1823 4132 in
1869 4082 2154 4142 Britannia,
2175 4095 2279 4145 quo
2306 4077 2551 4129 Romanis
2572 4074 2726 4126 mori·

1662 4162 1773 4222 bus,
1791 4158 2048 4220 comitati,
2065 4155 2362 4220 elegantiae,
2372 4159 2428 4204 et
2442 4150 2727 4216 voluptati·

1656 4236 1753 4285 bus
1795 4234 2050 4298 paulatim
2104 4238 2481 4295 assuescerent,
2529 4226 2726 4281 emolli·

1654 4318 1939 4378 renturque
1961 4309 2204 4363 Barbari.
