3063 4952
310 375 359 428 ,1.
369 375 435 442 c.
453 371 557 442 se]

308 502 532 596 fidem„⁸

962 370 1375 430 ANNALIUM
1424 372 1572 422 mn.
1619 373 1794 430 xlu.

2326 341 2508 458 1⁶3⁵.-
2581 377 2598 384 κ

652 513 959 599 Vectigal
996 537 1274 603 ‚quoque
1328 518 1580 604 quintae
1637 527 1703 585 et
1755 519 2115 592 vicesimae‘
2163 519 2502 604 venalium

305 679 477 773 ceratio,
512 710 576 758 ad
616 709 976 759 conservandum
997 711 1229 761 creditum
1242 712 1422 776 populi.
1489 712 1740 764 Sublatam
1775 714 1919 765 etium
1955 712 2192 763 &ibicum
2238 711 2419 776 quinta
2457 714 2505 759 et

1234 917 1235 920 ι
1288 869 1510 950 No'rAE

294 964 678 1027 ‘quadringenties
692 963 883 1015 centena
903 966 1139 1030 sestertia,
1175 972 1230 1017 et
1252 983 1363 1031 quu-

307 1041 586 1103 dringenties
611 1048 803 1092 centena
825 1044 975 1093 millia
1004 1060 1242 1094 nummum
1270 1060 1365 1094 ses·

307 1118 511 1183 tertium,
532 1118 675 1169 idem
700 1127 793 1169 est.

368 1198 521 1246 Errat
542 1212 650 1246 non
672 1198 838 1249 minus
873 1197 1128 1262 Alciatus,
1146 1215 1263 1250 cum
1283 1202 1364 1250 de-

284 1329 287 1332 *
311 1273 524 1324 tieem-is
546 1274 652 1325 dici
689 1275 917 1325 breviter
936 1291 1030 1340 pro
1053 1276 1236 1326 decem
1260 1278 1370 1327 mil·

316 1352 438 1402 libus
471 1353 592 1403 aeris
641 1354 834 1419 probat
874 1369 941 1403 ex
983 1356 1098 1405 ioco
1133 1356 1284 1418 Livii,
1315 1356 1368 1405 in

312 1444 404 1493 quo
437 1445 555 1480 cum
594 1431 860 1496 scribitur,
907 1434 922 1460 ‘
947 1433 1034 1497 qui
1071 1447 1230 1496 supra
1253 1447 1370 1484 cce.

312 1507 459 1559 miliia
476 1524 639 1575 usque
660 1509 727 1559 ad
753 1509 925 1558 decies
948 1508 1102 1573 aeris,'
1136 1525 1201 1559 ex
1220 1525 1369 1575 prox·

312 1585 406 1634 imo
426 1586 841 1637 subaudiendum
877 1601 1008 1648 esse,
1044 1587 1180 1651 quod
1204 1587 1370 1649 deest,

315 1675 453 1713 nemo
506 1678 614 1714 non
672 1662 836 1713 videt.
903 1663 1039 1713 Vide
1084 1664 1372 1715 Pecuniam

316 1727 431 1788 Vet.
459 1754 524 1791 n.
551 1746 605 1790 5.
644 1738 943 1789 Gronovius,

322 1816 657 1866 Sestertium
673 1815 1077 1880 quadringenties]
1092 1818 1188 1866 Est
1198 1824 1374 1869 nostro

316 1865 466 1959 more,
500 1894 668 1943 millio
708 1907 838 1942 unus
873 1900 1252 1958 coronatorum,
1287 1909 1379 1945 seu

274 1961 279 1968 ³
318 1977 417 2034 tres
433 1971 694 2021 miiliones
713 1969 975 2021 librarum.
1032 1993 1035 1998 ·

375 2054 392 2079 ⁸
420 2049 503 2098 Aa
524 2048 828 2098 retinendum
847 2048 1194 2113 pontificum]
1223 2050 1379 2102 Quod

317 2124 459 2185 vulgo
496 2123 668 2175 nostri
728 2124 957 2175 creditum
1001 2125 1200 2178 dicunt.
1264 2128 1382 2178 Fer-

318 2206 478 2252 teitus.

278 2332 283 2335 ,
328 2317 337 2324 .
377 2278 456 2344 ᾼιί
492 2278 821 2343 retinendam]
878 2278 983 2328 Sed
1018 2280 1183 2343 possit
1215 2282 1384 2345 accipi

320 2355 512 2420 duplici
550 2370 728 2418 sensu,
768 2356 852 2407 vel
885 2362 945 2405 ut
990 2366 1386 2409 conservaretur

319 2431 460 2497 fides,
502 2448 602 2485 seu
641 2433 898 2484 creditum
942 2447 1065 2499 erga
1106 2435 1385 2498 populum

321 2513 475 2562 velut
496 2513 729 2577 populus
749 2512 903 2562 etiam
937 2510 1091 2562 fidem
1116 2513 1386 2579 retineret,

319 2603 500 2654 nempe
523 2596 764 2640 mutuam
801 2589 991 2655 dando,
1013 2597 1102 2643 aut
1137 2592 1385 2642 sumendo

321 2668 597 2731 pecuniam
620 2681 686 2715 ex
708 2667 912 2716 aerario.

342 2778 349 2791 .
383 2745 451 2793 Et
483 2748 636 2797 certe
677 2749 831 2807 puto,
859 2758 890 2792 a
932 2743 1145 2795 Nerone
1192 2745 1389 2795 illatam

306 2820 457 2872 villam
495 2821 777 2886 pecuniam
826 2821 877 2870 iu
917 2823 1152 2871 aerarium
1204 2823 1390 2873 eodem

270 2958 275 2964 ·
326 2899 555 2962 consilio,
591 2913 693 2962 quo
727 2913 759 2947 a
787 2898 994 2947 Tiberio
1014 2899 1154 2961 olim,
1188 2899 1255 2948 de
1288 2915 1392 2964 quo

274 3030 281 3033 ,
326 2975 359 3044 ,¹-
382 2990 457 3025 vt.
480 2980 570 3025 17.
597 2977 612 3002 ‘
639 2976 826 3026 Donec
861 2975 980 3025 tulit
1018 2990 1171 3040 opem
1200 2977 1395 3039 Caesar,

328 3051 579 3117 disposito
606 3066 699 3115 per
713 3067 914 3102 mensas
931 3053 1116 3102 millies
1134 3054 1395 3116 sestertio,

278 3186 281 3187 ⁷
321 3126 574 3194 =factaque
605 3129 877 3179 mutuandi
911 3129 1061 3193 copia
1091 3129 1200 3179 sine
1233 3129 1396 3180 usuris

276 3260 281 3261 γ
330 3221 422 3270 per
460 3206 765 3273 triennium,
798 3208 841 3256 si
870 3207 1076 3257 debitor
1110 3210 1302 3272 populo
1342 3209 1396 3259 in

272 3332 281 3342 ,,
334 3283 541 3348 duplum
568 3282 778 3348 praediis
800 3286 1041 3336 cavisset.
1084 3286 1170 3336 Sic
1194 3284 1398 3337 refecta

333 3360 496 3429 tides?

397 3438 652 3489 Nonnulli
695 3441 925 3509 vertunt,
963 3440 1105 3505 quasi
1153 3440 1397 3505 princeps

336 3514 445 3580 ipse
490 3517 577 3567 vel
615 3532 759 3565 suam
810 3516 895 3567 vel
937 3518 1104 3566 aerarii
1134 3516 1288 3566 fidem
1323 3517 1399 3567 sic

337 3594 568 3647 retinere
591 3593 783 3642 vellet:
817 3592 958 3643 forte
982 3594 1171 3658 potius,
1189 3601 1248 3644 ut
1279 3609 1403 3644 aera-

336 3669 470 3721 rium
494 3668 719 3734 Reipub.
754 3677 990 3721 servaret
1021 3671 1195 3734 fidem,
1216 3686 1402 3735 nempe

342 3745 407 3795 ob
453 3753 654 3796 sumtus
698 3753 754 3795 et
797 3745 1140 3796 necessitates
1174 3746 1400 3811 Reipub.

343 3835 455 3887 ‘31¹ae
472 3836 542 3881 ‚ex
561 3822 652 3871 tali
673 3822 856 3870 aerario
871 3823 1000 3872 sumi
1017 3823 1231 3873 debent.
1264 3824 1405 3873 Hinc

345 3898 479 3959 euim
517 3913 695 3949 omnes
730 3898 972 3962 impensae
1008 3900 1250 3964 publicae,
1285 3915 1407 3964 qua-

346 3967 455 4023 rum
501 3989 660 4024 causa
703 3975 1061 4026 conservanda
1099 3974 1197 4027 fuit
1239 3977 1408 4027 aerarii

347 4048 489 4111 fides.

284 4192 289 4193 ⁷
414 4129 589 4193 Populi
629 4129 807 4195 fidem]
862 4132 992 4180 Eam
1027 4131 1295 4194 pecuniam
1336 4132 1411 4180 in-

350 4202 549 4256 ferebat
570 4208 814 4271 princeps
855 4223 948 4257 sua
986 4208 1263 4259 clementia
1296 4223 1411 4272 pro·

352 4280 685 4351 videntiaque
739 4284 796 4336 in
839 4285 1077 4339 aerarium
1119 4285 1318 4353 populi,
1352 4291 1412 4336 ut

1441 973 1624 1018 mutua
1657 968 1786 1018 sumi
1823 973 1995 1032 posset
2034 981 2064 1017 a
2098 964 2316 1029 civibus,
2364 969 2514 1015 certo

1444 1043 1642 1095 foenore
1687 1045 1988 1105 constituto,
2037 1044 2121 1092 vel
2160 1039 2308 1092 forte*
2352 1041 2510 1091 etiam

1442 1122 1554 1171 sine
1577 1137 1759 1172 usura:
1799 1120 1935 1186 quod
1969 1119 2134 1170 foeuus
2168 1118 2378 1169 modum
2411 1133 2512 1168 non

1446 1199 1746 1260 excederet,
1768 1207 1826 1249 ut
1865 1199 1940 1248 sic
1974 1196 2232 1248 sufficeret
2289 1196 2511 1262 pecunie

1448 1277 1758 1327 commercio
1798 1282 1854 1325 et
1875 1275 2314 1340 negotiatoribus,
2354 1280 2410 1324 et
2445 1287 2516 1323 ne-

1447 1351 1604 1402 fidem
1636 1353 1940 1403 amitterent
1972 1353 2114 1401 cives
2149 1352 2327 1416 iuopia
2361 1364 2518 1415 pecu·

1450 1429 1570 1490 nioe,
1587 1436 1642 1478 et
1660 1428 2029 1479 foeneratorum
2049 1429 2267 1480 saevitia.

1516 1506 1588 1554 Et
1615 1512 1738 1569 puto
1761 1505 1814 1555 id
1854 1504 2049 1556 factum
2088 1505 2330 1568 exemplo
2362 1502 2522 1554 'ribe-

1449 1582 1531 1645 rii,
1564 1595 1722 1647 supra
1756 1597 1832 1634 vt.
1858 1586 1934 1634 17.
1970 1583 2057 1694 ubi
2091 1582 2157 1634 de
2189 1580 2396 1632 foenore
2419 1582 2524 1631 Ta-

1450 1662 1599 1711 citus.

1515 1738 1598 1788 Ad
1612 1738 1905 1788 retinendam
1933 1685 2096 1802 populi
2112 1736 2295 1803 fiam]
2362 1683 2519 1789 Quod

1458 1816 1614 1880 vulgo
1647 1816 1885 1878 dicimus,
1927 1818 1991 1865 ad
2024 1816 2389 1864 conservandum
2420 1828 2521 1864 cre-

1456 1893 1611 1942 ditum
1633 1892 1830 1956 populi,
1850 1908 1940 1943 seu
1965 1892 2154 1942 aerarii.
2209 1890 2367 1941 Multi
2388 1905 2526 1940 sum-

1460 1978 1545 2020 tus
1575 1970 1782 2034 publice
1817 1968 2049 2020 faciendi
2082 1967 2321 2029 fuerimt3
2358 1968 2526 2017 multa

1460 2061 1528 2097 ex
1568 2046 1881 2096 necessitate
1907 2045 2131 2110 Reipub.
2170 2046 2331 2095 inuita
2360 2053 2416 2094 et
2461 2059 2532 2093 ex

1459 2123 1799 2183 iiberalitate,
1811 2139 1925 2188 quae
1946 2124 2255 2188 quandoque
2275 2129 2338 2172 et*
2349 2137 2536 2172 necesa·

1354 2223 1359 2230 ·
1460 2201 1594 2251 saria
1638 2209 1739 2265 est,
1776 2199 2042 2264 eroganda
2080 2207 2138 2250 et
2182 2198 2531 2263 impendenda

1460 2277 1696 2328 fuerunt.
1761 2278 1847 2327 Sic
1869 2278 2065 2342 templa
2101 2284 2407 2327 sartatecta
2428 2291 2535 2327 ser-

1464 2354 1650 2415 vanda,
1674 2354 2011 2405 instauranda
2047 2354 2270 2405 aedificia
2303 2353 2550 2418 publica,·

1465 2438 1521 2482 et
1544 2431 1647 2482 alia
1661 2432 1918 2496 ejusmodi
1937 2431 2117 2482 multa.
2531 2478 2534 2481 Α

1480 2558 1484 2563 .
1529 2509 1702 2559 Etiam
1738 2515 1792 2558 et
1821 2523 1887 2558 ex
1923 2510 2107 2559 aerario
2126 2508 2426 2559 sumebatur
2446 2522 2536 2573 pe-

1467 2585 1638 2649 cunia,
1682 2601 1798 2650 quae
1853 2593 2034 2638 mutuo
2080 2587 2293 2637 daretur
2330 2587 2393 2635 iis
2447 2587 2537 2651 qui

1466 2665 1616 2715 malis
1658 2665 1995 2729 temporibus,
2043 2666 2181 2731 agris
2226 2672 2282 2715 et
2324 2665 2539 2729 prae‘diis

1470 2758 1657 2797 cavere
1673 2743 1723 2792 iu
1747 2742 1962 2807 duplum
1982 2751 2221 2808 possent;
2243 2744 2420 2808 sicque
2444 2743 2542 2792 de«

1472 2820 1633 2871 bebat
1655 2820 1893 2870 aerarium
1915 2821 2107 2883 multis,
2129 2828 2186 2871 et
2217 2818 2366 2869 multi
2392 2819 2543 2869 vicis-

1472 2898 1569 2947 sim
1591 2897 1776 2947 aerario
1802 2897 2083 2950 debebant.
2544 2924 2558 2931 ‚,

1537 2974 1712 3033 Dixit,
1745 2975 1910 3039 populi
1933 2976 2107 3042 fidem,
2143 2975 2264 3041 quia
2316 2976 2539 3027 oerurium

1474 3052 1656 3116 populi
1675 3051 1796 3113 fuit,
1813 3054 1967 3120 fiscus
1983 3054 2236 3120 principis
2257 3070 2271 3103 t
2290 3055 2393 3105 fuit
2409 3071 2547 3121 prae-

1475 3135 1625 3178 terea
1645 3130 1873 3180 aerarium
1893 3130 2118 3196 militare,
2141 3148 2241 3197 quo
2262 3133 2408 3182 miles
2440 3134 2544 3182 ale·

1477 3216 1639 3256 retur.

1543 3284 1665 3335 Fuit
1698 3291 1754 3335 et
1788 3286 2024 3335 aerarium
2060 3287 2286 3338 sanctius
2325 3286 2546 3349 olim,in

1479 3378 1584 3428 quo
1625 3362 1985 3413 asservabatur
2025 3364 2249 3427 pecunia
2301 3362 2547 3413 adversus

1482 3440 1683 3502 Ganos,
1703 3440 1839 3504 quod
1860 3439 2101 3490 exhausit
2122 3441 2300 3490 Caesar
2316 3455 2414 3504 pro
2423 3442 2548 3504 jure

1483 3532 1608 3578 suo;
1646 3531 1761 3565 uam
1800 3518 1999 3568 vicerat
2030 3518 2359 3583 Gallosipse.
2429 3519 2548 3569 Nec

1484 3592 1710 3644 donabat
1729 3595 1872 3644 Nero
1887 3596 1985 3644 hoc
2008 3596 2123 3645 loco
2142 3596 2281 3645 iliam
2300 3609 2550 3655 summam

1482 3671 1721 3735 pecuniae
1745 3672 1928 3720 aerario
1956 3672 2154 3735 populi,
2178 3671 2271 3721 sed
2304 3686 2416 3721 eam
2439 3686 2550 3720 mu-

1485 3752 1628 3795 tuam
1662 3746 1821 3795 dabat
1845 3753 2066 3811 tautum,
2099 3755 2158 3798 ut
2192 3748 2290 3796 alio
2317 3754 2552 3812 tempore

1485 3822 1718 3873 faciliore
1753 3823 1851 3873 sibi
1886 3827 2273 3885 restitueretur,
2316 3830 2372 3873 et
2411 3822 2551 3895 forte

1485 3901 1601 3964 ipse
1656 3915 1861 3949 usuram
1906 3902 2163 3951 sumebat.
2245 3902 2348 3950 Sed
2394 3901 2553 3965 quid?

1488 3984 1596 4029 tum
1620 3979 1634 4005 ‘
1664 3979 1832 4027 omnia
1850 3979 2026 4028 Caesar
2059 3978 2217 4040 erat3’
2254 3978 2377 4027 nihil
2416 3977 2553 4041 refe-

1488 4055 1658 4116 rebat,
1679 4055 1813 4103 uude
1858 4057 2130 4118 pecuniam
2170 4062 2401 4109 sumeret
2441 4057 2556 4120 ine,

1489 4138 1581 4182 aut
1602 4146 1702 4196 quo
1721 4132 1839 4181 loco
1860 4133 2185 4181 reconderet.

1559 4210 1575 4240 ⁸
1611 4209 1827 4270 Vectigal
1847 4223 2023 4271 quoque
2035 4209 2210 4271 quintae
2234 4214 2282 4263 et
2299 4207 2555 4274 eice-sume]

1491 4282 1683 4352 Ampia
1703 4284 1881 4357 populi
1903 4286 2054 4340 Rom.
2095 4285 2409 4354 vectigalia:
2443 4287 2554 4338 nul·
