3063 4952
315 458 371 511 J.
393 457 457 509 C.
477 454 587 520 θλ]

1036 452 1446 503 ANNAmUM
1495 456 1642 503 Lm.
1685 456 1809 506 XV.

2348 441 2522 512 1851

321 600 809 685 antiquitatem,
841 601 1144 683 quotiens
1188 601 1483 667 Fortuna
1524 609 1757 669 contra
1783 605 2016 683 daret,5
2046 574 2248 670 saluti
2280 627 2527 698 consuff-

315 701 571 769 luisse.'

663 701 819 781 Qua
847 702 1302 786 desperatione
1330 709 1662 771 exercitus
1710 707 1866 770 Dux
1905 702 2245 786 subactae,
2279 713 2528 793 primas

320 812 540 870 tamen
586 804 812 868 literas
862 806 947 869 ad
998 805 1386 890 Volegesen,
1440 831 1569 873 non
1610 811 1971 894 supplices,
2005 811 2122 875 sed
2154 813 2220 875 in
2251 813 2520 876 modum

320 907 659 991 querentis
685 909 1083 990 composuit,
1139 913 1158 943 ‘
1191 911 1371 993 quod
1411 909 1564 996 pro⁶
1593 910 1952 991 ArmeniiS,
1981 934 2244 997 semper
2277 914 2527 979 Roma-

319 1108 597 1158 securitati
633 1124 734 1158 suae
776 1110 1078 1172 providisse,
1122 1113 1324 1176 quoties
1360 1112 1573 1165 fortuna
1606 1114 1824 1165 adversa
1856 1123 2011 1165 esset.
2082 1114 2528 1179 Quudesperationae

321 1173 546 1235 militum,
583 1175 682 1223 dux
694 1174 885 1231 fractus
904 1176 1080 1238 animo,
1118 1180 1311 1241 scripsit
1350 1186 1508 1229 tamen
1525 1181 1706 1244 primas
1724 1182 1890 1230 literas
1912 1184 1974 1230 ad
1995 1196 2170 1241 regem,
2195 1197 2284 1229 non
2304 1180 2530 1230 demissas

318 1239 385 1287 ad
415 1240 571 1288 instar
612 1241 937 1304 supplicantis,
977 1245 1060 1291 sed
1101 1245 1462 1308 expostulantis,
1493 1245 1631 1310 quod
1670 1246 1929 1296 hostiliter
1948 1255 2129 1309 ageret
2150 1262 2243 1310 pro
2266 1245 2532 1309 Armenia,

1254 1373 1281 1392 O
1288 1374 1458 1394 “““

1460 1375 1607 1394 “000

327 1453 644 1504 oberlin.—5
683 1455 1037 1507 Contradiceret
1063 1456 1391 1509 Budens.—6
1426 1457 1647 1508 Ursinus
1668 1473 1937 1523 perperam
1968 1458 2111 1509 delet
2121 1473 2229 1524 pro.
2280 1458 2531 1521 Ryckius.

1315 1607 1530 1658 NOTAE

323 1732 462 1784 endo
516 1733 693 1785 clades
737 1743 794 1786 et
833 1738 1135 1800 ignominias
1173 1740 1392 1805 priscas,

324 1826 439 1876 quae
458 1812 621 1874 leves,
654 1823 967 1879 comparatae
991 1818 1055 1867 ad
1080 1827 1390 1882 praesentem

325 1888 813 1955 impendentemque
832 1894 1031 1943 cladem
1048 1912 1061 1956 3
1085 1895 1203 1946 hinc
1221 1898 1391 1948 subito

325 1964 495 2015 flectit
535 1967 777 2031 animum,
817 1971 1165 2039 transfertque
1196 1975 1263 2024 ad
1301 1992 1390 2041 po·

327 2044 600 2107 tentiores,
649 2052 705 2094 et
758 2048 910 2112 longe
964 2051 1125 2114 magis
1174 2052 1392 2102 infestos

324 2121 683 2187 violentosque
728 2124 922 2188 hostes,
966 2127 1393 2192 Carthaginenses

326 2211 550 2263 nempe:
592 2200 771 2265 sicque
794 2203 949 2265 longe
970 2205 1148 2269 majori
1171 2214 1394 2269 praetex·

327 2280 390 2323 tu
412 2274 580 2337 miles,
614 2277 963 2328 calamitatem
993 2295 1136 2330 suam
1179 2282 1395 2345 solatur,

325 2354 592 2418 lavatque,
612 2353 758 2402 simul
783 2361 837 2404 et
860 2357 1013 2406 velat.
1055 2357 1141 2407 Sic
1162 2358 1395 2407 Frontin.

327 2429 367 2481 l.
391 2443 431 2480 ι.
456 2431 499 2495 §.
534 2431 549 2456 ‘
572 2431 632 2480 L.
656 2431 908 2482 Minutius
944 2433 1065 2484 Cos.
1101 2434 1154 2483 in
1186 2434 1397 2498 Liguria

330 2504 543 2557 dimisso
588 2508 640 2556 in
681 2509 942 2572 angustias
982 2512 1236 2574 exercitu,
1276 2527 1394 2562 cum

322 2586 440 2650 jam
462 2586 697 2636 omnibus
740 2587 1107 2638 obversaretur
1146 2589 1394 2639 Caudinas

332 2663 502 2714 cladis
530 2665 856 2727 exemplum,’
881 2669 981 2715 διο.
1004 2689 1007 2692 >

396 2740 588 2802 Poenis]
624 2741 774 2789 Poeni
815 2742 901 2805 qui
941 2748 995 2792 et
1029 2743 1399 2806 Carthaginen-

333 2832 417 2866 ses
443 2816 639 2882 populi.
710 2818 953 2880 Carthago
992 2834 1116 2869 vero
1154 2819 1254 2870 fuit
1276 2822 1397 2871 urbs

333 2893 531 2944 Africae
554 2895 834 2958 provinciae
874 2896 940 2944 ad
977 2911 1117 2946 mare
1140 2895 1398 2949 Africum.

338 2970 515 3021 Hodie
540 2972 589 3020 in
623 2972 781 3021 ruinis
798 2972 966 3037 jacet,
987 2981 1042 3024 et
1065 2990 1252 3024 nomen
1275 2976 1399 3025 reti·

334 3055 427 3099 net
450 3049 739 3113 antiquum.
780 3051 905 3106 ,Est
939 3051 992 3099 in
1035 3066 1196 3115 regno
1231 3052 1403 3101 Tune-

336 3133 460 3190 taeo,
498 3128 662 3191 Tanis,
695 3136 749 3177 et
783 3129 835 3177 in
870 3129 1138 3179 Barbaria.
1185 3130 1404 3180 Tillemo-

334 3219 457 3255 aius.

405 3281 612 3331 Romani
649 3283 859 3346 imlierii]
905 3284 1190 3348 Imperium
1225 3284 1409 3334 Roma-

337 3372 460 3407 num
500 3372 596 3421 pro
634 3359 788 3407 variis
808 3366 1099 3423 temporum
1122 3359 1405 3409 rationibus

341 3434 486 3483 varie
511 3444 783 3484 extensum
806 3434 939 3486 fuit:
976 3436 1062 3486 ubi
1080 3450 1202 3485 vero
1220 3433 1409 3485 floren·

339 3512 586 3560 tissimum
612 3510 729 3573 fuit,
763 3513 1142 3563 extendebatur
1173 3527 1267 3578 pei·
1303 3513 1407 3562 Eu·

339 3602 542 3651 ropam,
560 3586 752 3651 Asiam,
776 3596 831 3639 et
848 3590 1099 3642 Africam.

406 3665 471 3714 In
513 3663 721 3729 Europa
745 3665 956 3717 fuerunt
980 3683 1102 3732 pars
1140 3669 1305 3732 major
1324 3670 1409 3719 At-

336 3742 491 3793 bionis
508 3743 709 3806 insulae,
725 3746 833 3794 sive
851 3746 1122 3795 Britannice
1138 3746 1342 3809 mqjorn,
1354 3752 1409 3795 et

342 3822 529 3883 Gallia,
552 3824 798 3888 Illyricum
815 3826 921 3876 late
938 3830 1178 3887 sumtum,
1198 3824 1411 3889 Crede,

340 3899 513 3963 Italia,
553 3907 610 3949 et
636 3901 891 3964 Hispania,
915 3902 1150 3965 regiones
1173 3901 1409 3966 integrae,

340 3993 461 4028 cum
484 3978 665 4027 insulis
686 3980 1061 4042 adjacentibus.

407 4054 474 4104 In
511 4053 639 4104 Asia
677 4072 801 4106 vero
855 4057 1107 4120 parebant
1150 4057 1408 4119 Romanis,

341 4133 465 4182 Asia
503 4133 658 4183 minor
715 4134 1003 4197 peninsula,
1055 4135 1411 4199 Mesopotamia,

342 4208 511 4274 Syria,
534 4217 591 4260 et
603 4210 788 4260 Arabia
804 4212 1015 4260 Petroeu.

404 4286 473 4335 In
495 4285 697 4348 Africa,
735 4290 993 4354 AEgyptus,
1011 4288 1163 4352 Libya
1184 4290 1412 4354 exterior,

339 4362 532 4429 Africa,
554 4365 743 4430 supple
763 4366 935 4432 minor,
950 4373 1007 4419 et
1030 4365 1344 4418 Musti-itania.

1536 1740 1714 1791 Hodie
1748 1741 1799 1790 in
1833 1740 1910 1790 his
1960 1738 2193 1802 partibus
2231 1744 2371 1800 sunt,
2412 1751 2533 1802 pars

1471 1819 1632 1883 major
1658 1818 1841 1867 insulae
1875 1816 2159 1866 Britanniae
2205 1815 2432 1878 majoris,
2486 1815 2534 1863 lo

1472 1897 1669 1946 Grande
1714 1897 1977 1958 Bretugne,
2032 1895 2263 1958 Regnum
2320 1892 2537 1942 Francia

1470 1973 1748 2037 integrum,
1771 1988 1889 2037 pars
1913 1971 2189 2021 Allemanioe
2226 1971 2368 2021 circa
2398 1969 2536 2019 Rhe-

1473 2063 1594 2098 num
1619 2047 1830 2099 fluvium
1852 2064 1867 2109 ;
1902 2056 1962 2097 et
1983 2047 2047 2097 ad
2071 2047 2337 2096 meridiem
2363 2047 2538 2095 Danu-

1475 2128 1547 2177 bii
1586 2126 1752 2190 ssuvii,
1791 2126 2003 2191 Imperii
2049 2126 2256 2175 Turcici
2296 2124 2539 2190 Europaei

1473 2205 1639 2268 major
1682 2220 1818 2268 pars,
1857 2204 2008 2266 vulgo
2052 2205 2099 2252 la
2137 2202 2539 2265 Tin-quieeiiEu·

1474 2295 1602 2343 rope,
1643 2280 1792 2328 Italia
1827 2279 2009 2340 omniS,
2035 2278 2287 2340 Hispania
2319 2278 2540 2340 integra,

1446 2409 1450 2413 ,
1479 2369 1656 2405 omnes
1680 2355 1730 2403 in
1750 2354 1958 2416 Europa
1978 2351 2245 2401 hodierna.

1544 2433 1607 2483 ln
1625 2431 1755 2482 Asia
1773 2444 1897 2481 vero
1918 2429 2195 2481 recentiori
2228 2435 2367 2492 sunt,
2388 2429 2542 2479 Nato·

1478 2510 1566 2572 lia,
1591 2508 1856 2568 Dias-beck,
1879 2509 2043 2572 Syria,
2070 2513 2126 2556 et
2156 2508 2402 2569 Bar-raab,
2432 2507 2541 2556 sive

1475 2585 1672 2635 Arabia
1694 2586 1923 2645 Petraea,
1947 2586 2039 2634 sub
2063 2583 2282 2633 Turcico
2303 2584 2545 2648 imperio,

1474 2677 1664 2727 magna
1683 2678 1750 2713 ex
1771 2670 1935 2728 parte.

1543 2741 1608 2789 In
1649 2739 1833 2790 Africa
1852 2740 2104 2790 hodierna
2131 2746 2251 2789 sunt
2269 2740 2544 2804 AEgyptus,

1480 2819 1727 2882 l’Egypte,
1753 2819 1922 2869 omnis
1941 2833 2030 2868 ora
2047 2818 2325 2880 Barbarioe,
2346 2823 2401 2867 et
2425 2831 2543 2880 pars

1480 2897 1720 2962 quaedam
1764 2897 2116 2959 Biledulgen'd,
2157 2895 2380 2960 regionis
2433 2895 2542 2945 late

1478 2985 1679 3025 sumtae.

1551 3055 1831 3103 Romanum
1863 3053 2136 3117 imperium
2174 3049 2547 3115 posterioribus

1487 3130 1805 3193 temporibus
1819 3127 1923 3178 fuit
1940 3129 2191 3193 partitum
2211 3128 2263 3176 in
2286 3127 2548 3189 Orientale,

1485 3213 1542 3257 et
1568 3207 1888 3267 Occidentale,
1909 3214 1964 3254 et
1997 3205 2212 3254 divisum
2233 3205 2284 3252 in
2302 3203 2549 3266 ,παίει-ιιι-

1483 3299 1564 3333 ras
1587 3285 1830 3348 praetorio,
1868 3284 2121 3343 Dioeceses,
2165 3281 2434 3331 Vicat-intus
2491 3285 2549 3329 et

1485 3360 1784 3409 Provincias.
1829 3359 2110 3407 Tillemon.

1550 3442 1570 3468 ¹
1604 3436 1895 3499 Laudatum]
1915 3436 2169 3496 ,Vertunt‚
2197 3432 2342 3497 quasi
2372 3431 2549 3482 lauda·

1485 3520 1667 3563 rentur
1693 3512 1812 3562 ideo
1837 3513 2055 3576 antiqui,
2089 3511 2225 3576 quod
2261 3507 2418 3560 'saluti
2441 3524 2550 3560 suoe

1485 3589 1878 3652 consuluissent,
1919 3589 2131 3653 quotiens
2155 3588 2356 3647 fortuna
2389 3592 2555 3636 contra

1485 3669 1624 3717 daret
1654 3683 1670 3716 .·
1713 3666 1804 3716 sed
1845 3667 1896 3715 id
1948 3666 2292 3717 falsissimum.
2343 3664 2554 3715 Lanam

1488 3760 1554 3795 ex
1582 3759 1638 3794 se
1661 3744 1877 3809 antiqui,
1899 3751 1955 3794 et
1975 3744 2040 3793 ob
2064 3744 2252 3793 eximia
2284 3742 2556 3803 facinora3

1490 3829 1548 3871 at
1589 3836 1691 3871 non
1733 3828 1879 3871 certe
1923 3821 2106 3870 laudati
2145 3820 2378 3883 praecise,
2417 3818 2554 3883 quod

1490 3900 1612 3950 vitae
1633 3906 1910 3965 parcerent
1930 3900 1981 3948 in
2005 3899 2220 3947 adversa
2241 3895 2466 3945 fortuna.

1560 3976 1710 4025 Dicit
1746 3976 1978 4034 Tacitus,
2020 3975 2261 4022 laudatum
2283 3972 2334 4019 in
2365 3984 2558 4035 genere

1488 4054 1857 4119 antiquitatem
1876 4068 1967 4102 seu
1989 4051 2313 4101 laudabilem.
2359 4049 2430 4097 Et
2446 4062 2558 4098 cer-

1490 4139 1546 4181 te
1571 4145 1775 4194 semper
1809 4129 2044 4178 laudatur
2084 4127 2380 4192 antiquitas,
2402 4125 2558 4176 velob

1492 4209 1737 4270 virtutem,
1762 4208 2110 4255 innocentiam
2142 4213 2197 4253 et
2233 4204 2431 4268 priscos
2449 4218 2559 4253 mo-

1493 4300 1597 4348 res,
1642 4286 1726 4335 vel
1768 4284 1888 4350 quia
1931 4294 2077 4333 certe
2117 4281 2240 4332 boni
2276 4296 2471 4344 manes,
2500 4289 2559 4332 et

1491 4364 1616 4428 quia
1643 4362 1755 4427 jam
1777 4368 1930 4412 extra
1949 4361 2192 4411 invidiam
2212 4373 2414 4411 omnem
2435 4358 2557 4409 boni
