3063 4952
565 426 742 504 1796

565 612 687 680 pro
717 593 968 663 incerta
995 594 1062 656 et
1087 590 1343 677 trepida
1389 591 1552 668 vita,
1614 588 1953 658 suasisse?
2042 588 2380 675 Repertus
2429 596 2536 660 est
2582 575 2789 674 certe,

567 718 691 786 per
727 697 1018 762 medium
1070 694 1229 772 diei,
1276 694 1489 760 nudus
1539 692 1972 760 exercitando
2001 693 2290 779 corpori.
2373 694 2610 761 Talem
2640 715 2795 762 enm

568 801 891 868 Centurio
920 798 1302 878 trucidavit,
1333 818 1560 865 coram
1587 798 1951 882 Pelagone,
1994 799 2316 885 spadone,
2358 820 2557 884 quem
2606 799 2794 866 Nero

570 904 953 973 centurioni
967 910 1037 970 et
1049 903 1411 989 manipulo,
1430 903 1627 988 quasi
1645 903 2041 971 satellitibus
2062 902 2433 968 ministrum
2461 902 2798 988 Regium,t

568 1012 1050 1102 praeposnerat.
1139 1006 1365 1093 Caput
1415 1006 1752 1074 interfecti
1805 1006 2130 1072 relatum.
2114 1015 2163 1043 “¹
2222 1007 2421 1091 cujus
2475 1013 2792 1091 aspectu,
2859 1008 2867 1017 '

1276 443 1345 494 0.
1390 444 1588 494 coRN
1604 442 1756 491 uhu
1802 436 2059 493 'morri
2452 445 2551 514 [A.
2572 448 2646 500 15.
2669 445 2784 502 sm.

568 1179 851 1232 vitae.1-3t
869 1194 981 1228 sane
999 1177 1082 1227 sub
1104 1178 1348 1228 meridiem
1367 1177 1590 1228 inventus
1626 1182 1696 1227 est
1732 1177 1903 1237 nudus,
1943 1189 2130 1253 nempe
2174 1176 2236 1224 ad
2270 1175 2579 1224 exercendum
2601 1189 2791 1239 corpus,

570 1244 658 1297 mc
675 1260 781 1296 eum
800 1244 1011 1294 centurio
1025 1242 1243 1306 confecit,
1255 1249 1486 1308 prasente
1507 1245 1762 1306 Pelagone,
1792 1243 1994 1291 ademta
2024 1240 2281 1290 virilitatis
2302 1239 2489 1301 liberto,
2505 1255 2644 1302 quem
2668 1241 2794 1289 Nero

567 1310 849 1378 profecerat
863 1309 1126 1361 centurione
1146 1309 1436 1374 munitique,
1451 1309 1600 1360 veluti
1620 1309 1807 1372 regium
1826 1307 1967 1357 caedu
1983 1311 2252 1357 exacturam
2264 1275 2641 1371 percussoribus.
2700 1307 2792 1355 Ca-

1577 1439 1792 1490 NOTAE

1783 1554 1968 1618 Itaque
1987 1553 2152 1615 illum,
2170 1566 2288 1602 cum
2309 1550 2453 1602 libris
2482 1551 2689 1616 aliquot
2707 1565 2796 1599 ve-

542 1556 547 1559 ’
632 1557 896 1628 Siquidem
959 1536 1098 1622 apud
1156 1555 1476 1621 xiphilinum
1531 1568 1636 1605 non

1715 1631 1825 1682 ‘rius
1847 1631 1949 1694 es't,
1987 1630 2054 1681 A.
2090 1630 2358 1680 Plautium
2396 1628 2597 1692 vocari,
2631 1628 2793 1680 filium

568 1641 806 1698 necatus,
845 1632 940 1685 sed
987 1634 1042 1684 in
1086 1633 1294 1684 exilium
1338 1628 1516 1681 missus
1558 1638 1639 1681 est

570 1710 743 1762 Rufus
765 1712 1036 1762 Musonius
1073 1706 1428 1775 Philosophus,
1447 1708 1557 1774 qui,
1577 1713 1638 1758 ut

570 1789 665 1839 lib.
703 1803 812 1853 seq.
847 1787 1118 1839 Cornelius
1153 1787 1245 1850 ait,
1284 1785 1455 1836 studia
1487 1785 1638 1849 juve·

567 1875 691 1913 num
726 1864 1007 1928 praeceptis
1044 1863 1314 1928 sapientiae
1343 1877 1459 1911 cnm
1485 1859 1642 1911 fovis-

568 1946 670 2005 set,
694 1949 814 2007 post
845 1950 1062 1991 mortem
1096 1940 1323 1990 Neronis
1347 1939 1641 2001 restitutus,

572 2018 706 2070 adeo
728 2034 877 2069 carus
919 2018 1238 2081 Vespasiano
1271 2016 1392 2080 fuit,
1426 2022 1485 2066 ut
1519 2031 1640 2066 cum

571 2110 750 2147 omnes
775 2097 902 2146 urbe
925 2096 1264 2160 Philosopbos
1307 2096 1443 2145 idem
1478 2095 1639 2158 impe-

572 2180 717 2224 rator
728 2175 1036 2239 expelleret,
1056 2189 1212 2224 unum
1233 2172 1506 2238 exceperit
1521 2173 1640 2222 Mu-

572 2254 792 2306 scnium.

638 2330 773 2383 Quae
809 2330 916 2380 Dio
958 2329 1166 2380 Cassius
1201 2326 1447 2394 prodidit,
1486 2329 1639 2378 aliter

571 2420 726 2473 quam
763 2406 983 2457 Suidas:
1016 2406 1102 2455 hic
1125 2406 1260 2456 enim
1283 2406 1536 2470 scriptum
1561 2420 1639 2456 re-

566 2485 760 2550 liquit:
795 2483 1101 2534 ‘Musonius
1144 2483 1461 2547 Babylonius
1517 2483 1640 2533 Pbi-

569 2561 816 2625 losophus
834 2560 1041 2610 Stoicus
1064 2574 1126 2609 ac
1147 2558 1492 2623 Dialecticus,
1508 2565 1639 2609 tem-

572 2653 700 2703 pore
752 2638 997 2701 Neronis,
1050 2637 1318 2688 familiaris
1374 2637 1638 2702 Apollonii

569 2715 787 2780 Tyauei,
813 2731 845 2764 a
867 2715 1074 2766 Nerone
1109 2714 1298 2764 deinde
1335 2713 1404 2764 ob
1447 2714 1637 2778 lingna»,

568 2792 836 2844 licentiam
849 2791 1160 2841 interfectus
1176 2790 1294 2840 est?
1336 2785 1639 2841 vertrauius.

643 2866 831 2932 Groect]
861 2869 999 2919 Vide
1020 2882 1105 2919 ιι.
1122 2871 1204 2918 14.

641 2945 835 3008 nasci]
868 2947 1089 2996 Thuscia
1107 2946 1191 2996 vel
1214 2943 1446 2997 Etruria.
1498 2945 1636 2996 Vide

574 3034 654 3075 xl.
677 3027 759 3080 14,

627 3101 643 3134 ‘
663 3100 950 3150 Ministrnm
968 3094 1195 3164 Regium]
1209 3101 1486 3166 Praecipue
1498 3116 1639 3154 mom

570 3191 750 3242 regum
766 3178 902 3241 regis
915 3178 1192 3228 Persarum
1205 3180 1643 3247 Parthorumque,

570 3257 661 3322 qui
685 3255 934 3306 semiviris
958 3255 1024 3305 ad
1049 3257 1513 3322 exequendajussa
1531 3263 1641 3307 ute-

570 3332 788 3384 bantur:
815 3333 890 3383 sic
913 3340 970 3383 et
1003 3333 1209 3383 nuncin
1229 3345 1368 3382 more
1386 3340 1475 3384 *est
1497 3333 1639 3397 apud

568 3410 867 3473 Turcarnm,
889 3410 1265 3474 Persarumque
1287 3424 1455 3474 reges,
1477 3410 1638 3475 quiin

572 3493 777 3550 partem
803 3485 1096 3549 libidinum,
1134 3493 1192 3536 ut
1228 3492 1283 3535 et
1303 3486 1503 3551 imperii
1523 3502 1639 3546 snc-

571 3575 796 3612 cessere.

638 3645 663 3671 '¹
699 3640 855 3701 Caput
885 3637 1128 3699 interfecti
1157 3639 1383 3703 relatum]
1420 3639 1540 3689 Non
1561 3633 1638 3690 er'-

574 3728 642 3779 go
662 3714 800 3764 idem
820 3715 906 3765 hic
927 3715 1018 3765 ille
1042 3716 1436 3781 Plautus,cujus
1453 3733 1635 3769 necem

571 3793 850 3842 Suetonius
888 3792 1068 3842 retulit
1091 3808 1140 3843 c.
1163 3799 1245 3843 35.
1313 3794 1431 3844 Non
1458 3795 1633 3844 hercle

570 3868 744 3920 idem:
788 3870 955 3939 multa
996 3870 1223 3921 obstant.
1291 3871 1521 3921 Primum
1543 3871 1633 3922 ille

571 3943 711 4012 inter
732 3959 936 4012 pneroS,
956 3952 1046 3995 aut
1069 3952 1216 3996 certe
1241 3954 1399 3997 aetate
1420 3947 1634 3998 inferior

572 4021 724 4088 quam
768 4024 928 4085 Nero,
959 4022 1167 4089 (stupro
1200 4024 1336 4073 enim
1362 4033 1482 4074 ante
1504 4040 1636 4075 mor-

571 4103 680 4149 tem
702 4100 776 4149 illi
799 4100 1077 4165 cognitus,)
1120 4109 1176 4152 at
1224 4103 1321 4151 iste
1359 4102 1630 4165 grandior:

568 4171 659 4224 me
688 4176 866 4240 Romae
906 4176 1065 4227 fnisse
1110 4179 1306 4242 debuit,
1330 4194 1446 4229 curn
1471 4195 1636 4231 caesus

571 4253 653 4299 est
668 4265 685 4311 ;
702 4251 755 4301 in
775 4244 1039 4303 Asiaistc:
1065 4255 1155 4305 ille
1178 4256 1297 4305 viva
1327 4255 1638 4322 Agrippina,

570 4323 656 4376 bic
678 4336 881 4378 mortua
918 4329 1138 4396 pridem,
1158 4329 1484 4382 interfectus.

1718 1702 1938 1759 fortasse
1961 1708 2096 1774 ejus,
2116 1708 2204 1774 qui
2229 1707 2294 1757 de
2319 1706 2589 1757 Britannis
2617 1707 2799 1757 trium·

1720 1787 1916 1851 pbavit.
1984 1787 2115 1836 Cum
2157 1791 2337 1835 nostro
2374 1785 2476 1834 isto
2507 1784 2552 1834 si
2575 1782 2796 1835 confun-

1721 1864 1819 1923 dis,
1858 1864 2023 1929 (qnod
2047 1861 2249 1912 faciunt
2277 1859 2497 1927 plures,)
2530 1863 2796 1927 quomodo

1719 1942 1804 1992 vel
1834 1942 1930 1990 hac
1954 1946 2104 2005 parte
2129 1940 2374 1990 Tacitum
2397 1955 2516 1990 cum
2539 1940 2796 1991 Suetonio

1712 2019 1921 2084 junges,
1948 2018 2036 2084 qui
2059 2017 2406 2067 diversissima
2428 2017 2663 2066 Neronis
2688 2032 2799 2066 ver·

1722 2097 1790 2146 ba
1811 2096 2155 2160 depromunt?
2203 2094 2310 2144 Dio
2329 2109 2395 2144 an
2419 2094 2486 2143 de
2508 2095 2613 2144 hoc
2638 2094 2796 2144 Plau·

1721 2178 1776 2222 to
1818 2174 2020 2233 locutus
2064 2170 2150 2234 sit,
2184 2171 2389 2222 nescio:
2426 2173 2444 2200 ‘
2466 2171 2601 2221 Cum
2632 2173 2792 2223 Plan-

1721 2255 1832 2299 tum
1873 2246 2241 2311 interfecisset,
2289 2262 2409 2298 mox
2462 2254 2629 2313 caput
2681 2249 2792 2314 ejus

1720 2326 1818 2377 sibi
1841 2327 2051 2378 allatum
2090 2341 2208 2377 cnm
2237 2324 2551 2385 intueretur,
2577 2325 2794 2377 Nescie-

1719 2402 1857 2468 bam,
1896 2404 2078 2471 inquit,
2115 2404 2284 2470 ipsum
2328 2404 2586 2469 magnum'
2610 2419 2792 2455 nasum

1719 2481 1949 2533 habere!
2363 2538 2370 2542 q

1785 2561 1924 2611 Nam
1945 2575 2010 2611 ea
2030 2560 2191 2610 verba
2227 2559 2435 2610 diversa
2473 2560 2539 2610 ab
2563 2560 2681 2611 istis
2701 2553 2796 2612 Ta·

1717 2636 1827 2687 cit-i.
1862 2638 1994 2690 Quis
2018 2644 2192 2688 tamen
2233 2644 2408 2701 neget,
2449 2637 2577 2701 quin
2601 2645 2659 2690 et
2682 2640 2794 2690 baee

1717 2714 1950 2778 potuerit
1967 2714 2251 2779 adjungere
2270 2715 2289 2762 Ρ
2322 2713 2539 2778 Lipsius.

1784 2790 1905 2842 Non
1926 2790 2170 2854 adjunxit
2211 2791 2324 2841 haec
2348 2791 2518 2853 Nero,
2562 2796 2624 2841 ut
2647 2800 2794 2856 puto,

1718 2866 1811 2916 sed
1852 2866 1953 2917 alia
2006 2866 2169 2916 verba
2210 2880 2424 2930 prorsus
2463 2866 2656 2918 tribuit
2694 2869 2793 2919 Dio

1718 2944 1918 2994 Neroni
1941 2957 2036 3008 pro
2058 2939 2265 2994 diversa
2281 2942 2419 2994 fama
2435 2951 2490 2995 et
2510 2946 2672 3010 genio
2690 2947 2795 2996 vul·

1721 3021 1791 3086 gi,
1811 3021 1900 3086 qui
1922 3021 2154 3071 diversos
2167 3020 2349 3071 tribuit
2371 3037 2640 3074 sermones
2658 3024 2796 3089 prim

1716 3099 1926 3163 cipibus
1950 3113 2093 3163 saepe
2115 3100 2167 3149 in
2191 3098 2374 3149 eadem
2398 3114 2477 3150 re.

1785 3180 1856 3229 Et
1877 3193 2060 3229 vanum
2095 3186 2178 3229 est
2211 3178 2494 3229 conciliare
2515 3180 2657 3231 velle
2678 3196 2795 3233 auc·

1721 3262 1862 3306 tores
1897 3256 2033 3320 illos,
2066 3256 2155 3321 qui
2181 3254 2460 3305 dissentire
2492 3257 2599 3322 ipsi
2625 3261 2798 3310 volue·

1714 3338 1841 3384 runt
1863 3350 1876 3382 ε
1914 3334 2111 3399 quippe
2155 3332 2385 3382 homines
2431 3340 2574 3384 sunt.
2643 3335 2796 3386 Taci-

1717 3416 1821 3472 tus,
1845 3408 1952 3459 Dio
1985 3414 2042 3459 et
2079 3409 2356 3461 Suetonius
2390 3410 2798 3466 conveniuntin

1717 3486 2012 3538 substantia
2052 3487 2148 3550 rei,
2187 3494 2242 3537 at
2280 3488 2334 3537 in
2376 3488 2796 3550 circumstantiis

1716 3562 1986 3628 differunt,
2025 3570 2119 3614 aut
2160 3563 2358 3631 silent3
2411 3569 2469 3614 et
2512 3564 2661 3615 idem
2706 3566 2797 3616 ilie

1716 3641 1936 3692 Plautus
1958 3648 2063 3705 est,
2095 3639 2161 3690 de
2182 3655 2283 3706 quo
2316 3646 2424 3690 tres
2447 3640 2524 3690 illi
2552 3649 2795 3692 auctores

1713 3719 1857 3768 varia
1879 3716 2067 3768 afferre
2089 3716 2350 3768 videntur.
2416 3716 2494 3766 At
2529 3716 2700 3780 dices,
2733 3733 2795 3767 ex

1713 3795 1986 3859 Suetonio,
2039 3796 2160 3846 vive
2213 3793 2526 3859 Agrippina,
2575 3802 2794 3846 necatus

1713 3872 1969 3924 Plautius.
2033 3872 2151 3921 Hoc
2173 3869 2369 3920 inferre
2385 3876 2536 3920 certo
2551 3886 2658 3921 non
2680 3887 2795 3936 pos·

1713 3949 1782 3998 sis
1798 3964 1866 3998 ex
1883 3948 2055 3999 verbis
2069 3948 2307 3998 Suetonii
2329 3964 2342 3995 ι
2368 3962 2485 3996 nam
2503 3956 2632 4011 post
2650 3949 2793 3998 illum

1714 4026 1960 4087 occisum,
1978 4032 2319 4089 necatamque
2339 4032 2582 4089 matrem,
2616 4026 2796 4089 potuit

1717 4102 1860 4151 Nero
1900 4102 2097 4165 pariter
2130 4100 2183 4150 id
2229 4101 2438 4166 utrique
2476 4101 2790 4166 objectare:

1715 4179 1732 4207 ‘
1753 4180 1856 4228 Eat
1875 4193 2012 4228 nunc
2032 4186 2201 4228 mater
2220 4191 2338 4227 mea
2354 4184 2411 4227 et
2428 4192 2790 4230 successorem

1715 4270 1885 4305 meum
1909 4253 2212 4306 osculetur.'
2279 4255 2499 4304 Sneton.
2520 4258 2609 4305 35.
2647 4262 2703 4306 et
2725 4269 2796 4310 ex.

1713 4333 1891 4384 verbis
1911 4333 2245 4400 sequentibus
2265 4333 2409 4384 clare
2433 4333 2627 4401 liquet,
2661 4335 2790 4388 Sne-
