3063 4952
527 385 702 458 1768

1222 402 1262 453 C
1275 436 1293 454 .
1340 402 1711 453 CORNELII
1759 405 2019 455 'macru

2422 411 2611 479 [Am.
2635 419 2754 467 816.

526 555 785 616 sontem
824 551 1037 614 vitam
1065 551 1406 629 traxisset,
1438 569 1521 614 eo
1567 550 1880 635 privatim
1908 552 2414 632 miseriorem,⁰⁷
2461 559 2532 620 et
2569 557 2757 640 ,pub-

523 653 675 719 licae
707 654 1107 718 clementias?
1151 653 1517 718 maximum
1549 656 1933 741 exemplum
1962 656 2291 721 futurum?

609 759 721 823 49.
748 756 1056 822 Libertas
1078 756 1400 822 Thraseae
1433 758 1797 822 servitium¹
1847 759 2160 824 aliorumq
2183 762 2401 845 rupit:
2445 766 2538 841 et,
2562 767 2753 846 post-

524 974 732 1025 noxiam
766 975 926 1025 vitam
949 976 1267 1040 protulisset,
1290 991 1353 1026 eo
1373 976 1616 1040 privatim
1633 974 1994 1039 infeliciorem,
2017 983 2073 1027 et
2092 977 2312 1041 publicae
2334 956 2571 1027 lenitatis
2589 978 2754 1028 maxi-

529 1054 668 1089 mnm
687 1042 952 1104 specimen
977 1040 1112 1092 fore.

591 1104 808 1156 Liber-tos
832 1106 1048 1156 Uir-‹ma›
1063 1106 1302 1157 silentium
1320 1106 1520 1157 aliorum
1545 1107 1761 1158 Patrum
1777 1108 2017 1157 exsolvit·
1997 1144 2013 1166 ,
2048 1111 2096 1156 et
2118 1105 2199 1156 ubi
2220 1107 2445 1156 concessit
2467 1110 2633 1158 consul
2652 1109 2760 1157 dis·

1458 1287 1514 1305 OC
1520 1286 1816 1307 OOO‘O‘OOO‘

530 1413 773 1480 princeps
796 1424 850 1465 et
887 1418 1222 1481 recentiores,
1259 1418 1433 1468 insula.
1504 1419 1732 1468 Brotier.
1799 1419 1929 1470 cod.
1969 1428 2143 1468 meus·
2183 1418 2321 1476 Qui·
2302 1436 2352 1468 m
2390 1419 2597 1468 insulam
2631 1421 2753 1468 rele-

522 1485 684 1542 gatus,
703 1482 955 1544 publicatis
976 1484 1122 1533 bonis.
1165 1485 1302 1535 Flor.
1331 1484 1490 1547 juxta
1530 1485 1846 1534 Pichenam.
1885 1486 1982 1542 Qui
2005 1487 2056 1533 in
2092 1485 2263 1534 insula.
2330 1486 2561 1548 Vulgata
2586 1483 2746 1534 lectio

527 1545 734 1596 videtur
760 1549 969 1597 tolerari
994 1564 1162 1613 posse,
1178 1549 1330 1599 modo
1343 1549 1544 1610 futurus
1565 1550 1771 1612 legatur
1804 1565 1901 1614 pro
1928 1551 2182 1609 sutnnmt:
2216 1556 2307 1599 aut
2324 1550 2621 1599 miseriorem
2649 1564 2743 1613 pro

526 1610 761 1674 mor,
797 1622 852 1662 ut
876 1616 987 1678 jam
1026 1615 1139 1664 aliis
1184 1615 1452 1665 monitum.
1522 1615 1751 1679 Ryckius.
1754 1621 1850 1665 -7
1875 1617 1935 1666 In
1961 1615 2171 1679 scriptis
2195 1624 2250 1665 et
2290 1615 2444 1664 editis
2466 1616 2636 1677 libris,
2657 1615 2747 1663 nri·

523 1676 700 1727 serior.-
737 1679 808 1726 sic
829 1679 1058 1730 Gronov.
1084 1688 1139 1730 et
1173 1680 1418 1745 Ryckins.
1468 1681 1877 1743 Emendandum,
1898 1682 2205 1740 miseriorem,
2227 1695 2475 1730 monuere
2499 1681 2747 1730 Muretus

527 1754 590 1789 ac
614 1742 672 1790 Li
715 1758 852 1804 sius,
884 1745 1040 1810 idque
1063 1746 1269 1795 omnino
1289 1746 1519 1810 postulat
1558 1747 1807 1796 orationis
1831 1748 2010 1806 series,
2046 1753 2286 1795 constans
2307 1746 2484 1795 Taciti
2519 1760 2658 1805 usus,
2692 1753 2749 1795 et

526 1818 629 1854 vox
650 1758 896 1870 sertorum,
930 1826 1084 1890 quam
1106 1812 1157 1860 in
1186 1811 1391 1870 sutum
1411 1818 1663 1863 mutatam
1697 1810 1890 1862 frustra
1911 1813 2024 1862 vuit
2065 1810 2314 1862 Faernus.
2356 1811 2419 1860 In
2446 1812 2550 1863 Ms.
2586 1810 2748 1861 Corb.

520 1872 742 1933 priamus
760 1889 857 1936 pro
874 1876 1119 1938 meatim.
1186 1878 1411 1927 Brotier.

596 1939 623 1985 1
649 1937 733 1987 Ita
754 1941 879 1989 Mss.
903 1940 1158 1991 editiones
1181 1949 1383 1992 veteres
1408 1948 1465 1993 et
1485 1941 1824 1993 recentiores.
1891 1941 2451 2007 Rhenanus,sileatium
2463 1958 2486 2001 ,·
2519 1940 2598 1990 sic
2624 1953 2746 2006 quo-

1533 2110 1746 2160 No'rAE

595 2237 620 2263 ⁰
654 2230 729 2281 Eo
757 2234 988 2297 privatim
1016 2234 1329 2299 miser-iorem]
1375 2235 1458 2285 Sic
1482 2236 1598 2300 lego

530 2316 588 2357 et
611 2309 859 2360 sermonis
884 2317 1058 2361 textus
1084 2314 1158 2361 ita
1182 2314 1433 2378 postulat.
1482 2313 1600 2378 Lip-

532 2384 648 2435 sius.
714 2387 798 2436 Sic
822 2394 876 2437 et
901 2388 1124 2452 reposui.
1207 2414 1220 2421 =

592 2471 618 2505 Ρ
653 2464 861 2515 Publica·
880 2465 1159 2530 clementie]
1225 2467 1431 2534 Nempe
1456 2466 1598 2533 prin-

529 2542 660 2607 cipis
681 2551 733 2594 et
757 2551 980 2608 patrum.

591 2629 616 2663 ἱ
649 2621 908 2673 Servitium
928 2624 1157 2687 aliorum]
1189 2624 1277 2674 Sic
1297 2631 1432 2675 vett.
1455 2624 1597 2676 libri.

529 2697 606 2749 At
641 2701 791 2749 velim
817 2701 1128 2764 consideres,
1158 2700 1310 2751 satin’
1335 2717 1457 2752 sana
1480 2709 1597 2753 tota

525 2775 639 2826 haec
682 2778 909 2827 narratio
945 2779 1035 2846 sit.
1098 2777 1275 2829 Antea
1314 2781 1598 2844 praedixit:

524 2853 541 2880 ‘
562 2853 689 2902 Tum
705 2855 925 2919 primum
949 2864 1192 2906 revocata
1215 2873 1276 2906 ea
1299 2858 1383 2906 lex
1417 2858 1595 2908 crede-

526 2927 699 2988 batur,
723 2945 835 2995 quae
854 2932 988 2981 haud
1011 2934 1227 2995 perinde
1249 2935 1465 2984 exitium
1486 2935 1597 2985 Au-

525 3004 687 3066 tisun,
713 3022 864 3070 qnam
887 3007 1186 3071 imperatori
1211 3010 1425 3073 gloriam
1458 3026 1596 3075 qnae·

529 3079 670 3144 sivit,
685 3089 743 3130 ut
763 3083 1130 3135 condemnatus
1148 3101 1180 3136 a
1200 3094 1405 3150 senatu,
1438 3088 1597 3138 inter-

527 3157 756 3208 cessione
773 3159 1052 3210 tribunicia
1073 3163 1223 3213 morti
1242 3155 1594 3215 eximeretur!

592 3236 771 3288 Quid?
801 3238 1235 3290 condemnatusne
1272 3241 1531 3291 Antistius
1565 3258 1596 3293 a

526 3316 746 3365 senatu?
798 3316 993 3367 Contra
1025 3318 1210 3369 video:
1265 3320 1320 3368 in
1374 3319 1597 3371 insulam

526 3393 814 3456 seponitur.
879 3393 1027 3445 Idem
1065 3397 1435 3448 intercessione
1480 3399 1596 3449 Cat·-

530 3470 660 3520 saris
685 3473 838 3522 morti
883 3475 1162 3524 eximitur?
1197 3476 1436 3526 Falsum:
1495 3489 1595 3528 nec

531 3547 805 3612 quicquam
848 3551 900 3599 in
945 3557 1059 3601 tota
1092 3567 1167 3614 re,
1212 3553 1348 3618 quod
1397 3555 1597 3604 Neroni

528 3625 819 3675 clementiae
870 3626 1114 3691 gloriam;
1162 3629 1373 3679 saevitioe
1416 3630 1595 3694 potius

524 3698 773 3752 invidiam
798 3717 981 3768 parere
1001 3707 1181 3771 possit.

593 3778 707 3844 Ego
769 3795 890 3830 sane
948 3790 1139 3833 aestuo:
1207 3798 1305 3833 nec
1374 3801 1595 3836 cuneum

525 3857 730 3919 reperio
766 3858 885 3907 huic
926 3858 1099 3920 nodo;
1139 3860 1239 3909 nisi
1280 3862 1453 3924 placet
1474 3878 1595 3912 cum

523 3933 671 3985 Josia
695 3936 933 3987 Mercero
948 3938 1328 4000 elegantissimo
1339 3939 1595 4003 juvenum

524 4011 649 4075 legi,
672 4030 762 4077 qua
785 4015 910 4065 haud
948 4018 1164 4084 perinde,
1197 4025 1256 4065 nt
1296 4017 1364 4066 ad
1387 4031 1593 4068 accusa·

526 4093 693 4139 torem
738 4093 950 4154 referas,
998 4109 1100 4141 non
1140 4093 1205 4143 ad
1250 4095 1452 4158 legem:
1501 4096 1592 4160 qui

527 4177 629 4216 non
652 4175 759 4218 tam
781 4170 995 4219 exitium
1017 4186 1081 4220 eo
1116 4169 1260 4222 facto
1305 4174 1592 4236 quaerebat,

527 4255 681 4307 qnam
705 4245 919 4307 gloriam
944 4246 1199 4311 principi3
1235 4248 1327 4297 sed
1370 4248 1589 4299 hominis

525 4320 796 4373 consilium
831 4323 1081 4387 Thraseae
1101 4324 1365 4377 sententia
1379 4325 1593 4377 subver-

1680 2238 1763 2287 tit.
1830 2237 2043 2301 Lipsius.

1743 2314 1866 2363 Non
1890 2312 2165 2363 admodum
2203 2323 2325 2361 acer
2347 2311 2491 2361 Nero
2514 2310 2583 2360 ad
2624 2312 2750 2362 talia

1678 2390 2005 2453 vindicanda,
2031 2398 2163 2441 teste
2200 2390 2434 2451 sueton„
2473 2388 2584 2438 sive
2630 2405 2747 2440 con·

1677 2475 1846 2519 temtu
1881 2466 2125 2532 infamiae,
2163 2466 2272 2517 sive
2308 2482 2376 2516 ne
2413 2466 2488 2517 sic
2510 2466 2749 2519 irritaret

1675 2548 1906 2612 ingenia,
1924 2555 1985 2598 ut
2005 2546 2084 2598 fit.
2148 2547 2337 2611 Itaque
2372 2546 2644 2611 qnaercbat
2667 2563 2750 2597 ac-

1677 2633 1889 2675 cusator
1925 2625 2140 2689 gloriam
2164 2624 2386 2687 principi
2419 2624 2747 2674 ostentandae

1676 2701 2003 2750 clementiae:
2054 2701 2145 2751 sed
2188 2699 2490 2762 intervenit,
2537 2701 2628 2765 qui
2676 2707 2749 2750 tn·

1675 2781 1776 2830 lem
1793 2779 2138 2830 adulationem
2155 2784 2500 2843 perverteret,
2522 2780 2749 2829 Thrasea

1677 2872 1881 2921 nempe,
1904 2857 2057 2921 prisci
2082 2856 2238 2905 moris
2262 2855 2527 2919 pervicax.

1741 2932 2029 2996 Servitium]
2084 2932 2350 2983 Volebant
2372 2931 2494 2980 vilia
2510 2931 2602 2980 illa
2624 2932 2748 2981 adu-

1675 3012 1923 3062 lationum
1961 3008 2416 3076 mancipia,necori
2459 3009 2748 3059 Antistium

1675 3105 1802 3139 more
1818 3090 2063 3152 mqy‘ortmr.
2130 3089 2236 3138 Sed
2279 3088 2503 3138 Thrasea
2544 3087 2748 3137 abrum-

1676 3181 1805 3230 pens
1823 3167 1930 3216 tale
1970 3166 2252 3229 servitium,
2272 3162 2404 3213 fecit
2445 3169 2506 3212 ut
2543 3170 2746 3212 tantum

1677 3244 1832 3293 exilio
1866 3244 2218 3293 damnaretur.
2285 3240 2392 3291 Alii
2414 3240 2581 3304 igitur
2626 3255 2745 3290 cen·

1675 3321 1861 3371 sebant
1882 3335 2000 3370 eum
2039 3319 2328 3374 necandum
2348 3331 2462 3367 esse
2484 3332 2726 3367 morena

1662 3414 1843 3462 ,yos-um,
1863 3412 2052 3462 nempe
2074 3405 2134 3447 ut
2155 3397 2252 3447 sub
2293 3394 2447 3445 furca
2468 3396 2628 3458 virgis
2651 3409 2749 3444 ‹⁸ae-

1677 3475 1894 3525 deretur
1916 3490 2052 3538 reus,
2082 3473 2205 3523 dein
2241 3473 2289 3523 ei
2314 3487 2346 3522 a
2383 3472 2635 3522 carnifice
2675 3473 2746 3521 la-

1677 3567 1810 3618 queo
1862 3552 2039 3602 fauces
2096 3552 2432 3601 eliderentur.
2520 3550 2744 3613 Talique

1677 3632 1831 3679 morti
1855 3644 1974 3681 eum
1996 3630 2224 3679 eximere
2257 3630 2402 3679 Nero
2445 3627 2748 3676 destinabat

1593 3735 1596 3740 -
1676 3706 2047 3756 intercessione
2069 3704 2366 3755 tribunicia.

1737 3784 1841 3833 Sed
1860 3797 1975 3833 cem
1989 3782 2090 3833 alio
2103 3795 2161 3832 se
2177 3780 2519 3834 convertisset
2538 3787 2745 3843 patrum

1674 3873 1974 3921 consensus,
1994 3865 2210 3909 auctore
2230 3859 2474 3919 Thrasea,
2505 3856 2632 3904 nihil
2656 3856 2746 3905 im-

1675 3941 1894 3986 mutavit
1939 3939 2117 3998 Nero;
2177 3936 2360 4003 sicque
2410 3948 2514 3983 non
2570 3934 2748 3998 eapite

1674 4013 1948 4070 damnatus
1968 4019 2054 4064 est
2095 4012 2376 4075 Antistius,
2407 4011 2500 4060 sed
2540 4017 2743 4060 tantum

1672 4091 1831 4140 exilio
1853 4092 2163 4141 mulctatust
2198 4090 2274 4138 sic
2319 4088 2474 4137 morti
2505 4095 2745 4136 exemtus

1673 4174 1754 4215 est
1777 4182 1807 4214 a
1830 4174 2034 4231 senatu,
2063 4180 2167 4215 non
2207 4180 2238 4214 a
2271 4166 2503 4228 Caesare,
2542 4164 2632 4227 qui
2669 4173 2747 4212 ta·

1671 4257 1792 4294 men
1827 4242 1994 4293 dabat
2026 4242 2076 4294 ei
2114 4241 2418 4293 absolvendi
2457 4240 2745 4300 licentiam,

1671 4320 1765 4373 sed
1790 4319 1858 4370 ad
1889 4320 2054 4373 intur
2079 4319 2424 4385 indignantis.
2491 4317 2742 4371 Quamvis
