3063 4952
439 420 619 491 1506
1148 439 1214 489 c.
1262 434 1627 487 connum
1671 431 1926 485 'morri

2323 436 2415 502 [A.
2438 435 2509 488 n.
2535 438 2658 490 sm.

438 593 609 669 rant,
653 585 771 673 qui
828 589 1215 652 censerent.⁸
1297 582 1436 649 Sed
1493 580 1849 660 ConsuleS,
1885 580 2273 647 relationem
2322 578 2666 666 incipere*

441 763 548 809 tur.
602 754 707 810 Nec
726 754 932 821 defuere,
949 756 1027 820 qui
1048 753 1325 805 senteutiam
1341 753 1629 818 promerent.
1669 748 1739 800 At
1759 742 1963 800 comtes
1983 760 2076 798 uon
2095 746 2200 799 ausi
2230 752 2352 797 sunt
2373 746 2660 797 relationem

1369 879 1725 906 “eutem“

1254 972 1286 1020 2
1321 966 1427 1019 Ms.
1451 965 1586 1028 Reg.
1608 962 1836 1028 recipere.

1430 1125 1657 1182 No‘rAE

506 1262 625 1328 ἄιε]
690 1263 939 1319 Quamvis
974 1281 1146 1317 servos
1180 1265 1509 1317 manumitte-

444 1350 564 1393 rent
597 1357 658 1393 ac
695 1344 940 1394 libertate
975 1344 1249 1405 donarent,
1280 1349 1509 1392 attamen

424 1417 501 1470 ‘in
532 1420 666 1470 tales
701 1421 916 1471 libertos
947 1420 1035 1485 jus
1074 1426 1382 1484 patronatus
1414 1417 1510 1468 sibi

446 1496 800 1562 reservabant,
830 1512 929 1565 quo
952 1498 1065 1547 illos
1088 1498 1142 1546 in
1163 1495 1410 1562 obsequio
1432 1509 1512 1544 re-

447 1573 694 1631 tinereut.

508 1650 596 1699 Sic
641 1651 760 1709 lege
815 1650 1002 1716 Papia,
1040 1664 1155 1715 quae
1193 1646 1515 1720 temporibus

446 1723 676 1789 Augusti
705 1727 812 1775 lata
834 1733 932 1787 est,
952 1732 1182 1786 cautum,
1205 1732 1265 1774 ut
1284 1739 1349 1773 ex
1366 1724 1516 1773 bonis

446 1803 560 1866 ejus
577 1801 771 1863 liberti,
793 1801 880 1866 qui
904 1802 975 1852 H.
996 1801 1051 1850 S.
1074 1807 1281 1850 centum
1304 1799 1515 1851 millium

444 1876 812 1941 patrimonium
849 1877 1152 1940 reliquerat,
1187 1877 1333 1941 (sunt
1364 1878 1514 1925 2500.

446 1953 702 2017 coronati,
744 1966 836 2001 seu
867 1944 1016 2001 ⁷⁵00.
1040 1948 1237 2016 librae,)
1265 1957 1321 2002 et
1342 1950 1517 2015 pauci-

444 2042 563 2080 ores
583 2043 738 2094 quam
777 2035 882 2077 tres
915 2025 1115 2078 liberos
1145 2027 1389 2088 habebat,
1405 2026 1514 2075 sive

444 2106 488 2156 is
534 2110 847 2155 testamento
887 2102 1052 2167 facto,
1090 2105 1200 2153 sive
1235 2103 1514 2153 intestatus

446 2187 680 2233 mortuus
719 2188 855 2248 erat,
899 2181 1066 2232 virilis
1116 2195 1239 2246 pars
1295 2188 1516 2245 patrono

447 2259 752 2309 deberetur.

492 2335 689 2401 Itaque·
701 2350 817 2387 cum
832 2350 988 2386 unum
1007 2335 1213 2400 quidem
1229 2334 1389 2384 filium
1407 2333 1514 2383 11ae-

449 2411 627 2463 redem
668 2412 966 2478 reliqueratv
998 2412 1239 2475 libertus,
1294 2411 1514 2478 perinde

449 2503 572 2554 pars
592 2489 763 2540 media
784 2491 1077 2542 debebatur
1105 2496 1345 2555 patrono,
1369 2503 1430 2539 ae
1467 2489 1511 2539 si

448 2566 495 2616 is
517 2568 628 2617 sine
648 2568 752 2617 ullo
775 2567 884 2618 filio
916 2568 1088 2619 filiave
1126 2568 1404 2618 intestatus
1424 2565 1515 2616 de-

416 2693 423 2701 ,
450 2643 713 2694 cessisset.

517 2719 648 2769 Cum
695 2734 820 2770 vero
866 2719 997 2770 duos·
1047 2719 1241 2769 duasve
1284 2710 1520 2767 haeredes

451 2795 755 2860 reliquerat,
778 2797 935 2847 tertia
956 2811 1075 2861 pars
1112 2795 1399 2846 debebatur
1431 2809 1521 2858 pa-

451 2880 605 2923 trono
632 2891 646 2923 ε
703 2875 747 2923 si
808 2880 913 2924 tres
951 2875 1253 2938 reliquerat,
1308 2871 1524 2934 repelle·

450 2948 608 2999 batur
652 2955 926 3013 patronus.
1007 2950 1146 2998 Item
1189 2954 1250 2997 ut
1283 2947 1522 3010 libertus,

449 3024 539 3090 qui
561 3025 688 3076 duos
711 3027 905 3077 liberos
928 3025 982 3074 in
1005 3030 1265 3088 potestate
1285 3023 1525 3088 baberet,

434 3107 725 3168 ,operarum
747 3102 1065 3166 obligatione
1087 3099 1415 3151 liberaretur.

513 3185 533 3211 ⁸
550 3180 670 3230 ·Nee
690 3181 904 3239 deerant,
920 3176 1002 3241 qui
1023 3174 1287 3238 censerent]
1330 3175 1521 3226 Cense-

450 3257 580 3307 bant
603 3256 755 3319 pauci
788 3266 994 3316 nempe,
1022 3252 1295 3300 revocanda
1331 3250 1522 3301 liberta·

450 3331 607 3394 tisjus
618 3332 835 3396 patronis
855 3328 1080 3378 dandum
1103 3341 1235 3376 esse.
1303 3327 1402 3377 Sed
1415 3343 1521 3380 oau-

449 3409 576 3458 sules
604 3407 880 3457 relationem
904 3405 1112 3467 incipere
1147 3418 1239 3452 nau
1260 3402 1366 3453 ausi
1385 3404 1523 3469 sunt,

450 3484 746 3534 inconsulto
783 3481 1031 3546 principe.-
1063 3479 1133 3528 id
1152 3487 1251 3544 est,
1269 3480 1382 3544 Jam
1419 3481 1521 3531 Pa·

452 3569 565 3610 tres
612 3558 920 3624 promebant
958 3557 1288 3621 sententiam,
1320 3563 1376 3608 et
1413 3572 1521 3608 rem

453 3637 593 3686 hane
648 3634 1010 3697 proponebant
1062 3633 1113 3681 in
1169 3639 1369 3696 senatu,
1414 3639 1525 3684 tan·

456 3724 614 3777 quam
633 3709 690 3759 id
715 3724 746 3757 e
772 3708 980 3771 Repub.
1000 3715 1175 3770 esset;
1218 3715 1273 3759 et
1301 3710 1400 3759 hoc
1431 3709 1523 3774 jus

453 3785 641 3838 babuit
660 3785 826 3849 quivis
841 3789 1066 3835 senator.
1131 3785 1378 3836 Attamen
1397 3801 1525 3836 non·

457 3864 583 3914 dum
644 3859 947 3911 referebant
994 3863 1248 3922 consules,
1296 3862 1526 3912 nondum

458 3938 766 3990 relationem
822 3936 1164 4001 incipiebant,
1211 3939 1335 4004 quin
1384 3938 1528 4003 prius

459 4015 758 4067 adulatione
815 4020 908 4069 aut
952 4021 1094 4064 metu
1147 4016 1534 4085 consuluissent

462 4091 773 4160 principem.

528 4168 662 4219 Haec
686 4173 835 4217 certe
855 4166 1054 4217 malitia
1091 4174 1383 4232 temporum
1430 4166 1533 4218 suit

461 4248 603 4297 inter
646 4244 789 4306 alias,
824 4250 885 4294 at
915 4258 1033 4308 qnae
1070 4249 1245 4313 essent
1267 4258 1299 4292 e
1321 4244 1527 4308 Repub-

462 4319 660 4374 referre
683 4320 895 4385 nollent,
916 4325 1008 4369 aut
1023 4332 1124 4370 non
1140 4319 1530 4373 auderentcun·

1587 1261 1746 1325 eules,
1768 1258 1925 1311 etiam
1961 1264 2021 1309 ut
2058 1254 2261 1308 faveret
2282 1255 2533 1322 princeps
2556 1270 2671 1307 ser·

1588 1340 1669 1389 vis
1688 1337 1992 1403 libertisque
2015 1337 2263 1386 adversus
2283 1334 2539 1385 dominos.
2595 1335 2672 1390 Et

1591 1415 1782 1481 alioqui
1803 1428 1905 1464 non
1922 1413 2048 1464 levis
2066 1411 2313 1461 momenti
2331 1407 2442 1461 fuit
2454 1410 2520 1460 in·
2535 1410 2673 1476 pub·

1591 1495 1746 1543 licum
1768 1507 1829 1541 ea
1851 1490 2180 1552 deliberatio,
2225 1502 2291 1538 an
2327 1475 2549 1538 liberta's
2588 1491 2670 1537 se}

1592 1572 1696 1621 mel
1724 1571 1844 1619 data
1877 1567 2111 1618 revocari
2141 1572 2323 1630 posset
2345 1580 2377 1614 a
2402 1572 2630 1629 patrono
2647 1578 2668 1626 ’ς

1592 1661 1692 1697 nec
1708 1646 1759 1696 id
1794 1646 1878 1696 vel
1901 1644 2121 1709 proponi
2148 1642 2320 1708 potuit
2341 1642 2452 1691 sine
2476 1645 2673 1691 tumul·

1596 1731 1655 1772 tu
1678 1713 1941 1787 aliqno'ob
1971 1707 2361 1769 multitudinem
2397 1730 2672 1776 servorum

1594 1799 2020 1861 libertorumque,
2041 1794 2181 1845 forte
2205 1801 2260 1843 et
2280 1792 2676 1843 conniventiam

1597 1865 1822 1939 ipsorum
1862 1879 2242 1937 patronorum3
2280 1875 2370 1919 aut
2410 1869 2575 1919 etiam
2606 1869 2678 1919 ob

1594 1950 1828 2001 favorem
1873 1948 2273 2013 dominantium,
2323 1961 2415 1997 seu
2458 1945 2682 1997 liberto·

1595 2045 1711 2079 rum
1736 2023 2036 2079 aulicorum.
2113 2047 2116 2051 ⁴

1654 2095 1845 2170 Itaque
1889 2104 2124 2154 consules
2157 2118 2269 2153 rem
2300 2101 2503 2154 referre
2527 2101 2676 2170 apud

1592 2190 1771 2249 patres
1792 2196 1894 2232 non
1931 2181 2060 2245 ausi,
2081 2181 2415 2245 perscribunt
2444 2180 2680 2248 principi

1592 2273 1900 2311 consensum
1946 2264 2174 2317 senatus,
2207 2264 2265 2307 et
2299 2257 2354 2307 id
2386 2257 2549 2309 decus
2570 2258 2681 2323 ipsi

1594 2336 1851 2400 tribuunt,
1890 2341 1966 2386 ut*
1988 2336 2072 2386 ille
2110 2342 2298 2386 auetor-
2318 2337 2682 2392 constitution&

1578 2414 1750 2482 fieret,
1784 2418 1859 2463 ut·
1883 2427 2073 2478 nempe
2109 2412 2242 2466 inter
2277 2417 2480 2479 paucos,
2512 2415 2597 2480 qui
2632 2409 2681 2464 ei

1592 2490 1863 2554 sententie,
1908 2504 2002 2540 seu
2037 2490 2316 2541 consensui
2349 2497 2567 2542 senatus
2586 2491 2684 2542 ad·

1595 2571 1953 2618 versarentur.
2407 2562 2410 2565 ¹
2659 2576 2674 2623 .’

1666 2645 1976 2710 Quibusdam,
1996 2644 2051 2695 id
2073 2650 2175 2710 est,
2218 2645 2403 2711 paucis
2426 2646 2531 2696 illis
2557 2660 2684 2697 con-

1599 2722 1774 2771 sensui
1798 2728 2002 2787 patrum
2019 2722 2273 2788 adversis,
2289 2723 2376 2789 qui
2390 2723 2687 2775 censebant

1603 2797 1836 2847 revocari
1881 2797 2071 2847 debere
2111 2798 2448 2861 libertatern;
2501 2800 2590 2864 qui
2629 2806 2690 2851 et

1602 2871 1705 2935 ipsi
1725 2871 2035 2937 fremebant,
2066 2876 2290 2925 coalitam
2318 2875 2543 2926 libertate
2563 2876 2691 2928 irre·

1602 2950 1861 3000 verentium
1882 2967 1935 3001 eo
1958 2965 2119 3016 usque
2138 2952 2435 3016 prorupisse,
2457 2952 2583 3002 utvi
2605 2968 2687 3019 ne,

1601 3038 1666 3073 aa
1696 3040 1827 3088 oequo
1848 3042 1953 3076 eum
1970 3027 2311 3091 patronisjure
2330 3034 2552 3091 agerent,
2573 3043 2686 3080 sen-

1600 3102 1800 3153 tentiam
1820 3120 1998 3167 eorum,
2024 3118 2213 3170 nempe
2232 3096 2552 3167 senatorum,
2587 3096 2692 3158 seu

1600 3178 1825 3245 ipsorum
1865 3190 2220 3248 patronorum,
2248 3187 2590 3250 consultarent,
2630 3200 2693 3240 ae

1601 3254 1871 3308 verberibus
1893 3274 2058 3309 manus
2082 3262 2210 3310 ultro
2236 3260 2561 3328 intenderent,
2593 3262 2692 3314 ad.-

1601 3346 1783 3382 versus
1805 3341 2050 3398 patronos
2083 3350 2293 3401 nempe,
2326 3338 2691 3402 impelleremus

1601 3407 1766 3470 ipsos,
1814 3425 1999 3472 poeuam
2050 3425 2186 3461 uam
2217 3413 2291 3462 sic
2338 3413 2696 3471 dissuadentes.

1603 3481 1768 3532 Forte¹
1787 3486 1887 3549 leg.
1920 3488 2238 3552 impellerent,
2270 3491 2345 3539 oel
2372 3490 2452 3541 sic
2486 3506 2690 3555 paenam

1602 3574 1738 3608 sitam
1760 3560 2098 3612 dissuadentes.

1669 3633 1736 3685 'rb
1756 3636 2064 3700 impellerent,
2090 3638 2145 3689 id
2170 3644 2272 3705 est,
2290 3656 2460 3692 manus
2484 3657 2593 3694 non
2615 3657 2700 3694 so»

1605 3712 1713 3765 lum
1729 3711 2044 3777 intenderent,
2066 3715 2161 3764 sed
2195 3719 2359 3768 etiam
2390 3719 2699 3784 impellerent

1608 3803 1673 3839 ac
1715 3786 1987 3853 pulsarent
2023 3806 2140 3841 suos
2174 3800 2440 3856 patronos.
2506 3794 2577 3855 Τὸ
2594 3811 2701 3861 poe·

1607 3880 1738 3927 nam,
1761 3866 1815 3915 id
1850 3872 1951 3930 est,
1985 3868 2082 3918 hoc
2117 3869 2252 3932 loco,
2290 3872 2698 3925 revocationem

1607 3941 1887 4002 libertatis,
1908 3944 1990 3993 vel
2022 3943 2077 3994 in
2101 3959 2294 4009 genere
2318 3948 2703 4016 quodcumque

1611 4017 1941 4080 supplicium.

1676 4092 1782 4143 Sed
1806 4108 2028 4158 quaeres,
2051 4095 2190 4146 uude
2227 4112 2515 4150 consenum-
2543 4101 2700 4153 illum

1610 4174 1801 4218 senatus
1820 4169 2032 4222 babere-
2052 4173 2327 4236 potuerint
2363 4178 2636 4240 consules,
2656 4177 2702 4231 si

1608 4245 1836 4295 noudum
1853 4246 2131 4296 relationem
2146 4249 2476 4315 inceperant,
2500 4253 2547 4303 si
2569 4269 2708 4305 nono-

1609 4320 1732 4374 dem
1782 4330 2092 4388 rogaverant
2143 4331 2326 4393 patres
2363 4330 2494 4400 quid
2526 4333 2701 4385 sentia
