3063 4952
476 395 670 471 m,

1166 417 1232 466 G.
1276 411 1651 465 connum}
1689 409 1945 465 Tacta-1

2372 422 2466 487 [Α.
2487 424 2555 477 11.
2575 419 2695 475 sio.

480 580 1062 665 confessionesque
1093 578 1551 646 damnatorum
1580 579 1909 665 adjunxit.
1960 571 2222 645 Etenim
2247 583 2477 648 crebro
2506 585 2692 668 vulgi

479 704 742 749 rumore
763 685 1197 761 lacerabatur,
1247 689 1268 719 ‘
1287 691 1600 768 tanquam
1628 685 1838 748 viros²
1856 693 1884 721 ¹²
1916 687 2211 751 insontes
2252 687 2339 753 ob
2367 687 2691 753 invidiam

480 794 600 854 aut
640 794 908 852 metum³
964 787 1442 853 exstinxisset.’
1486 785 1796 854 Ceterum
1828 799 2121 874 coeptam
2167 790 2598 876 adultamque
2628 797 2696 855 et

476 892 796 958 revictam
857 885 1401 977 conjurationem,
1457 900 1702 979 neque4
1761 897 1917 958 tunc
1978 894 2382 975 dubitavere,
2442 897 2692 980 quibus

478 1016 707 1063 verum
761 995 1082 1060 noscendi
1141 1016 1300 1061 cura
1349 1004 1513 1075 erat,
1560 1002 1628 1062 et
1660 998 1996 1076 fatentur,5
2026 1000 2141 1082 qui
2171 1007 2328 1083 post
2355 1000 2691 1064 interitum

473 1197 637 1261 populi
654 1197 942 1248 sennanim
959 1199 1270 1261 lacerabatur,
1292 1201 1437 1265 quasi
1456 1199 1593 1250 viros
1603 1201 1907 1250 innocentes
1925 1214 2022 1263 per
2042 1200 2215 1248 odium
2232 1214 2314 1248 seu
2326 1199 2693 1262 oemuwtim,

479 1264 560 1310 vel
592 1263 662 1313 ob
680 1262 1026 1327 formidinem,
1048 1264 1413 1316 interfecisset.
1483 1267 1706 1316 Ceteram
1729 1271 1900 1326 ortam,
1931 1268 2199 1327 adauctam,
2219 1270 2268 1314 et
2288 1271 2572 1327 conpertam
2593 1280 2695 1316 esse

476 1328 858 1389 coniurationem,
901 1345 1043 1393 neque
1064 1336 1176 1380 tunc
1196 1330 1248 1380 ia
1265 1330 1455 1381 dubiam
1477 1346 1768 1390 revocavere,
1788 1330 1953 1394 quibus
1974 1331 2190 1379 veritatis
2218 1331 2507 1392 inquirenda>
2526 1330 2696 1392 capide

467 1393 613 1452 juin·
647 1399 695 1445 et
734 1396 1016 1461 confitentur
1058 1396 1205 1446 etiam
1247 1401 1367 1462 taen,
1408 1398 1493 1461 qut·
1521 1402 1633 1461 post
1666 1403 1863 1446 mrtem
1886 1397 2094 1472 Neronis
2110 1397 2162 1445 ia
2182 1396 2345 1445 tubera
2362 1397 2542 1445 reversi
2559 1401 2698 1446 aaut.

1405 1546 1638 1566 “9000“
1646 1548 1761 1567 ‘Ol‘

475 1632 684 1684 mutim
723 1633 905 1686 habita.
938 1635 1267 1686 Brotier.--2
1298 1636 1386 1687 Sic
1427 1635 1563 1686 bene
1609 1636 1712 1686 Ms.
1757 1635 1914 1686 Corb.
1960 1640 2015 1684 et
2051 1634 2311 1685 editiones
2349 1632 2699 1684 recentiores.

477 1696 648 1762 Vulgo
684 1699 736 1749 iu
772 1701 899 1749 Mss.
930 1707 986 1750 et
1024 1700 1340 1751 editionibus
1362 1701 1648 1764 veteribus,
1666 1702 1793 1751 viros
1815 1706 1860 1750 et
1880 1701 2118 1751 imstes:
2140 1700 2279 1749 unde
2308 1700 2700 1749 Freinshemius

479 1763 736 1828 tantabat,
770 1767 923 1815 claros
962 1770 1010 1816 et
1047 1766 1268 1817 insontes.
1319 1767 1486 1817 Idem.
1551 1768 1767 1830 Bipont.
1801 1766 2084 1816 emendant
2119 1770 2367 1815 veroa—3
2404 1766 2509 1815 Me.
2536 1765 2700 1816 θοι-1).

479 1833 756 1895 metumque,
776 1831 952 1881 deleto
971 1836 1174 1882 aut—4
1197 1833 1427 1883 Budens.
1449 1839 1645 1883 nece—5
1681 1830 1934 1882 Ernestus
1951 1830 2459 1895 mallet,satebantur,
2482 1832 2539 1879 ni
2560 1831 2707 1882 vixe÷

1476 1984 1527 2032 N
1535 1982 1690 2032 01*AE

387 2087 404 2102 ⁶
473 2094 632 2155 atque
670 2092 894 2143 collecta
925 2095 1176 2159 vulgavit,
1196 2096 1433 2148 oratione
1455 2098 1543 2146 ha·

473 2164 586 2217 bita
625 2168 792 2233 primo
814 2171 950 2234 apud
973 2181 1228 2236 senatum,
1263 2173 1386 2223 dein
1406 2176 1543 2237 apnd

473 2244 722 2307 populum
745 2245 941 2310 edicto,
964 2249 1136 2298 multis
1159 2250 1544 2312 exemplaribus

474 2319 633 2371 editis
656 2322 707 2371 in
729 2325 934 2388 vulgnS,
976 2324 1370 2392 distributisque
1407 2327 1545 2378 forte

475 2404 588 2474 toto
626 2400 832 2465 imperii
856 2404 1003 2466 orbe,
1039 2409 1098 2454 nt
1133 2403 1210 2454 sic
1233 2419 1289 2454 se
1312 2405 1544 2454 absolve-

473 2483 577 2535 ret,
593 2484 654 2528 ut
676 2476 775 2527 sibi
794 2480 907 2543 ipse
929 2482 1277 2533 innocentiam
1302 2484 1542 2547 donaret,

475 2558 568 2603 aut
589 2565 856 2619 arrogaret
877 2573 1201 2626 quocumque
1223 2562 1392 2611 modo.

537 2629 726 2682 Indicia
743 2638 792 2681 et
806 2634 1139 2700 confessiones]
1153 2639 1403 2702 Vertuut,
1416 2655 1540 2705 qua-

477 2704 521 2753 si
544 2705 748 2756 edictum
785 2709 912 2758 illud
938 2718 992 2760 et
1013 2712 1190 2762 indicia
1212 2714 1304 2763 illa
1325 2715 1377 2764 in
1413 2726 1539 2764 aera-

471 2781 623 2845 rium,
645 2798 738 2834 seu
756 2785 809 2833 in
834 2793 956 2836 acta
976 2789 1208 2852 publica,
1230 2790 1415 2842 referri
1429 2793 1538 2856 jus-

474 2860 627 2910 sisset
646 2861 808 2912 Nero.
842 2864 963 2913 Non
986 2880 1235 2931 repugno.

537 2937 601 2987 Id
622 2944 797 2988 tamen
833 2942 1050 3003 praecise
1084 2958 1150 2993 ex
1174 2946 1343 2996 verbis
1359 2947 1537 2997 Taciti

472 3026 578 3063 non
598 3015 724 3064 satis
744 3017 942 3081 liquet:
987 3019 1162 3084 immo,
1193 3029 1253 3071 ut
1275 3024 1450 3074 edicta
1473 3025 1541 3074 ad

467 3092 718 3155 populum
746 3093 957 3157 publice
988 3099 1262 3161 proposuit
1282 3101 1539 3165 proscrip-

471 3169 664 3234 sitque,
703 3170 782 3221 ita
812 3179 879 3222 ‘et
923 3172 1119 3224 indicia
1168 3177 1543 3229 consessiones-

469 3259 573 3310 que
614 3260 704 3298 eas
739 3250 874 3313 apud
907 3260 1146 3302 senatum
1188 3257 1541 3323 populumque

468 3322 619 3377 Rom.
641 3326 872 3391 vulgavit
907 3342 969 3378 ae
993 3330 1312 3392 publicavit;
1357 3334 1540 3385 addito

468 3400 580 3454 scil.
624 3404 821 3468 edicto,
858 3420 960 3470 quo
999 3409 1246 3471 populum
1271 3411 1537 3473 monebat,

468 3477 799 3544 increpabat,
820 3486 922 3532 &c-

439 3553 443 3559 '
534 3555 742 3621 Nempe
765 3565 828 3608 ut
847 3573 1055 3610 rumores
1078 3561 1222 3626 istos,
1264 3562 1432 3629 quibus
1467 3565 1538 3614 la-

467 3630 732 3693 cen-abatur,
779 3636 1063 3701 cohiberet,
1122 3640 1276 3691 lectis
1324 3640 1542 3704 publice

466 3706 614 3758 libris
629 3706 732 3757 illis
744 3711 1124 3764 confessionum
1141 3722 1198 3767 et
1210 3715 1538 3782 indiciorum,

467 3798 585 3850 qnae
630 3786 770 3837 ultro
808 3802 1133 3852 promserunt
1164 3794 1232 3845 de
1272 3810 1329 3845 se
1365 3802 1422 3846 et
1461 3797 1536 3848 in·

467 3861 636 3914 vicem
662 3866 936 3930 conjurati.
1362 3892 1375 3903 ·

529 3946 556 3973 ¹
596 3941 758 4006 Viros]
806 3934 1072 4011 Intellige,
1114 3949 1258 4013 quasi
1278 3963 1453 4000 omnes
1474 3951 1533 4001 ll-

468 4014 548 4064 los
569 4017 723 4082 viros,
749 4035 849 4069 non
871 4022 937 4072 ob
968 4025 1402 4089 conjurationem,
1437 4029 1530 4079 sed

465 4091 535 4169 ob
557 4103 753 4145 mettun
781 4100 863 4147 vel
887 4100 1131 4152 invidiam
1150 4103 1530 4167 interfecisset3

467 4173 529 4218 nt
548 4178 704 4223 antea
724 4175 1018 4228 Rubellium
1042 4178 1304 4245 Plautum,
1321 4182 1536 4248 Syllam,

451 4247 527 4293 et
568 4258 689 4296 mox
720 4249 1015 4304 Scribonios
1052 4252 1260 4320 status,
1284 4257 1536 4308 Corbulo-

465 4324 605 4384 nem,
642 4330 703 4373 et
736 4324 863 4378 alios
906 4331 1096 4383 multos
1136 4333 1350 4387 oceidit.
1416 4335 1534 4389 Nec

1625 2097 1761 2146 enim
1804 2095 2152 2160 distinguebat
2194 2095 2395 2156 vulgus,
2428 2107 2539 2142 nec.
2553 2099 2709 2142 certe

1626 2174 1827 2224 recenti
1872 2187 1929 2223 re
1974 2173 2103 2223 satis
2147 2172 2469 2236 distinguere
2516 2183 2703 2219 verum

1626 2251 1814 2316 potuit.

1688 2329 1899 2379 Arcana
1923 2329 2055 2378 aulae
2078 2334 2170 2377 aut
2186 2325 2429 2391 ambigua
2444 2330 2589 2387 sunt,
2607 2330 2702 2375 aut

1625 2406 1692 2458 de
1732 2407 1989 2457 industria
2045 2420 2184 2469 saepe
2234 2404 2600 2464 obscurantur,
2644 2408 2701 2451 et

1624 2487 1772 2536 Nero
1816 2494 1926 2535 tum
1966 2491 2114 2533 certe
2149 2488 2322 2531 sontes
2342 2483 2537 2530 multos
2562 2480 2700 2530 occi·

1624 2563 1703 2613 dit
1725 2579 1739 2623 ;
1764 2562 1858 2612 sed
1881 2562 2028 2611 simul
2058 2560 2326 2609 interemit
2350 2559 2509 2608 etiam
2527 2558 2700 2606 inson-

1624 2647 1731 2690 tem
1753 2639 2027 2689 Vestinum
2064 2636 2325 2686 consulem
2362 2628 2700 2683 aemulatione

1622 2717 1828 2779 uxoria,
1851 2722 1907 2766 et
1941 2715 2193 2766 Senecam
2216 2711 2337 2762 odio
2360 2709 2577 2774 proprio
2605 2716 2702 2759 aut

1619 2801 1780 2845 metu.

1682 2872 1770 2922 Sic
1792 2877 1850 2922 et
1883 2868 2081 2927 Rufum
2115 2866 2410 2931 Crispinum
2434 2861 2703 2915 subvertit

1622 2949 1782 2999 etiam
1804 2947 2098 3009 occasione,
2125 2958 2230 2994 non
2266 2941 2498 2992 crimine·
2522 2939 2704 3004 conju·

1624 3026 1857 3087 rationis,
1893 3023 2084 3089 aliique
2116 3021 2254 3086 pulsi
2290 3024 2433 3069 metu
2466 3022 2527 3066 et
2560 3017 2703 3080 odio,

1624 3103 1769 3168 quasi
1791 3100 2080 3166 principem
2121 3102 2136 3128 ‘
2160 3112 2264 3148 non
2309 3095 2522 3162 quidem
2558 3093 2699 3143 odis-

1624 3187 1760 3244 sent,
1778 3179 1869 3230 sed
1893 3186 2066 3229 tamen
2084 3174 2305 3244 (odisse)
2337 3172 2701 3224 existimaren-

1624 3256 1747 3310 tur!
1850 3276 1859 3281 ·

1688 3337 1932 3401 Tanquam
1963 3334 2091 3385 viros
2115 3331 2349 3395 insontes]
2382 3330 2546 3380 Oerte
2565 3330 2703 3378 mul·

1621 3415 1703 3461 tos
1719 3412 1980 3463 subvertit
2004 3412 2149 3462 Nero
2170 3409 2443 3460 occasione
2459 3407 2705 3471 conjura·

1620 3488 1794 3552 tionis,
1832 3489 1980 3555 quasi
2017 3487 2233 3538 saevitiae
2277 3485 2556 3549 impleudae
2590 3497 2703 3533 non

1619 3564 1926 3616 sufficerent
1947 3572 2029 3616 tot
2050 3564 2330 3630 conjurati.

1683 3644 1747 3693 In
1768 3645 1847 3693 his
1883 3646 2085 3694 Seneca
2108 3643 2218 3692 solo
2253 3641 2372 3691 odio
2396 3639 2703 3702 damnatus,

1617 3720 1864 3770 Vestinus
1903 3719 2087 3770 consul
2126 3719 2194 3768 ob
2228 3715 2449 3767 facetias
2487 3723 2547 3765 et
2569 3728 2705 3766 uxo-

1617 3810 1728 3846 rem
1745 3796 2026 3857 Statiliam,
2068 3793 2274 3843 Nonius
2311 3792 2521 3841 Priscus
2557 3792 2572 3819 ‘
2601 3802 2704 3855 per

1615 3873 1894 3924 amicitiam
1915 3871 2164 3934 Senecae,'
2198 3868 2366 3920 Rufus
2408 3869 2703 3933 Crispinus,

1613 3950 1630 3979 ‘
1653 3951 1790 4017 qnod
1831 3950 2121 4015 Poppaeam
2143 3947 2404 4013 quondam
2430 3946 2700 3996 matrimo-

1613 4029 1698 4079 nio
1736 4028 2017 4090 tenuerat,'
2053 4026 2331 4091 Verginius
2354 4024 2424 4074 ob
2446 4025 2702 4088 eloquen-

1615 4109 1761 4171 tiam,
1786 4109 2058 4158 Musonius
2080 4107 2149 4156 ob
2171 4105 2503 4169 sapientiam,
2526 4108 2581 4152 et
2605 4102 2701 4152 alii

1614 4187 1786 4251 multi,
1815 4186 1905 4252 qui
1948 4185 1965 4214 ‘
1982 4198 2039 4236 se
2061 4189 2266 4234 tantum
2289 4194 2404 4231 reos
2428 4193 2583 4246 poena
2608 4192 2704 4229 ex·

1616 4263 1755 4330 perti
1778 4263 1936 4315 sunt!
