3063 4952
2357 399 2543 466 1613

337 579 471 627 non
495 559 699 627 modo
749 578 881 627 sua
926 559 1155 645 copia,
1189 558 1311 625 sed
1340 558 1793 647 adjacentium
1820 560 2219 645 populorum
2264 559 2542 627 misera-

337 665 557 733 tione:
625 665 788 748 quia
815 664 993 749 pulsi
1024 683 1062 727 a
1099 662 1388 731 Chaucis
1414 674 1481 729 et
1509 663 1695 729 sedis
1724 663 1994 748 inopes⁸
2027 669 2235 729 tutum
2261 664 2543 731 exilium

336 769 636 834 orabant.
726 767 1112 853 Aderatque
1150 768 1285 847 iis,²
1339 769 1553 832 clarus
1604 788 1721 853 per
1766 768 1917 833 illas
1967 776 2192 851 gentes
2240 775 2305 833 et
2351 768 2544 835 nobis

336 891 605 956 quoque
647 871 843 950 fidae,
872 870 1136 935 nomine
1177 869 1598 951 BoiocaluS,³
1647 874 1668 906 ‘
1704 871 1993 936 vinctum
2040 888 2117 934 se
2159 869 2542 934 rebellione'

337 972 743 1053 Cherusca,'
788 973 985 1058 jussu
1044 971 1376 1052 Arminii‚’
1441 972 1753 1053 referens,
1822 978 1844 1008 ‘
1875 992 2060 1052 mox,
2115 971 2416 1038 Tiberio⁸
2473 976 2544 1036 et

335 1074 736 1142 Germanico
782 1077 1119 1155 DucibuS,
1171 1076 1501 1161 stipendia
1560 1077 1899 1142 meruisse.
2011 1074 2546 1161 Quinquaginta⁴

332 1188 693 1245 annorum!
746 1180 1101 1265 obsequio⁵
1158 1178 1229 1244 id
1286 1199 1552 1264 quoque
1609 1178 1988 1264 adjungere,
2043 1177 2225 1263 quod
2287 1183 2546 1261 gentem

335 418 390 474 J.
414 421 476 473 c,
497 419 604 485 sa]
1015 413 1434 465 nnumin«
1481 412 1638 465 mu.
1677 415 1842 466 xm.

331 1356 488 1406 etiam
504 1356 830 1405 misericordia
843 1356 1246 1417 eircunjeetarum
1258 1355 1475 1417 gentium
1487 1371 1504 1413 ,-
1526 1356 1638 1419 quia
1651 1355 1786 1417 eiecti
1797 1371 1827 1404 α
1842 1355 2062 1418 Chaucis,
2079 1360 2125 1405 et
2143 1355 2306 1419 patria
2317 1359 2550 1416 extorres,

330 1422 567 1484 rogabant
587 1435 800 1473 securum
818 1422 1033 1471 exilium
1103 1421 1404 1484 Favebutque
1419 1422 1518 1470 illis
1539 1422 1748 1485 inclytus
1764 1436 1852 1484 per
1873 1422 1980 1470 illas
2001 1422 2229 1484 nationes,
2245 1428 2292 1472 et
2309 1420 2442 1470 nobis
2455 1420 2549 1469 eti·

329 1502 407 1536 aas
420 1486 593 1563 fidelis
611 1487 738 1544 dux,
755 1487 969 1563 vocabulo
987 1486 1254 1546 Boiocalus,
1268 1500 1529 1563 memorans
1547 1501 1602 1535 se
1625 1488 1675 1533 in
1693 1486 1899 1563 ’vinc-ula
1918 1486 2238 1562 conjectum,
2254 1486 2321 1533 im
2364 1492 2546 1535 erant·

330 1549 1342 1681 3313&Zffiffiemcqefflffigg&
1361 1550 2042 1667 ..2⁰:1¹323'25‘3355r22532?
2048 1562 2552 1682 {maffia

1263 1735 1620 1783 ’θθθιθθωθ

329 1860 477 1912 barii.
541 1860 679 1913 Bud.
718 1860 1098 1911 Amabam—2
1132 1861 1448 1912 Puteolanus
1489 1867 1546 1912 et
1580 1864 1915 1915 recentiores.
1984 1864 2047 1913 In
2087 1861 2212 1914 Mss.
2249 1861 2400 1913 Harl.
2437 1861 2549 1912 Jes.

331 1928 495 1979 Corb.
523 1925 653 1990 Agr.
691 1934 745 1977 et
779 1928 1008 1976 editione
1048 1928 1303 1992 principe,
1327 1928 1419 1977 his.
1469 1928 1699 1980 Brotier‚
1785 1930 1970 1995 Ryrkii
1999 1930 2128 1980 Cod.
2152 1929 2310 1979 babet
2340 1928 2551 1994 postulo-

329 1992 447 2069 bagrt
468 1993 730 2070 aderatque
745 1991 934 2042 laia-3
960 1993 1047 2041 Sic
1068 1993 1389 2042 Puteolanus
1412 1997 1468 2042 et
1490 1994 1829 2073 recentiores.
1888 1996 1953 2045 In
1977 1997 2077 2048 Ms.
2098 1997 2227 2061 Reg.
2247 2000 2302 2045 et
2321 1994 2551 2043 editione

318 2057 939 2198 ‚ffirssssfss'frssmssouefff'kt
970 2057 1481 2173 ιῑῐέήῗιῗιῖεἶθῖᾱῑῗῖ.
1504 2058 1764 2190 Οἶῗὲξῑιξ
1797 2142 1826 2176 e
1865 2058 2551 2185 iib'rffv'eltssiffiflaffigi}

330 2192 673 2251 quam-amnia.
741 2188 806 2237 In
849 2189 977 2237 Mss.
1013 2188 1146 2240 Flor.
1187 2190 1315 2253 Reg.
1356 2189 1513 2239 Corb.
1559 2188 1682 2253 Agr.
1715 2197 1763 2239 et
1784 2192 2151 2256 quinquaginta.-
2187 2192 2260 2241 sie
2285 2197 2341 2240 et
2363 2188 2549 2254 Ryckii

332 2254 469 2305 Cod.
509 2253 756 2302 Heinsius
795 2253 998 2303 volebat
1033 2253 1229 2303 seda—5
1264 2254 1349 2303 Sic
1385 2254 1640 2305 editiones
1681 2265 1884 2306 veteres
1913 2264 1969 2308 et
2003 2258 2339 2307 recentiores.
2406 2255 2550 2304 Male

1333 2428 1554 2482 NOTAE

339 2566 393 2610 et
434 2557 570 2609 forte
610 2559 889 2619 recentius,
928 2559 1116 2609 multas
1164 2558 1403 2609 nationes
1482 2559 1596 2608 nius
1619 2560 1774 2610 etiam
1799 2566 1907 2610 tum
1932 2560 1984 2610 in
2009 2560 2226 2610 vinculis
2246 2557 2470 2608 habitus.

339 2638 564 2702 propriis
609 2636 775 2686 adbuc
819 2635 1257 2700 appellationibus
1306 2636 1404 2686 dis-

339 2715 528 2765 tinctas
551 2714 936 2778 complectens:
981 2713 1116 2764 sicut
1137 2720 1192 2764 et
1213 2714 1403 2764 Suevo-

340 2806 449 2841 rum
489 2790 723 2855 plurimis
760 2791 883 2840 olim
922 2805 1208 2843 commune.
1272 2791 1403 2842 Rhe-

339 2883 501 2917 mas.

402 2951 426 2976 ¹
457 2942 599 2992 Sedis
616 2941 799 3008 inopes]
830 2943 917 2992 De
940 2942 1080 2992 hisce
1103 2943 1404 3007 commigra-

339 3021 562 3070 tionibns
603 3019 869 3084 eleganter
913 3019 1258 3070 Tertullianus
1310 3020 1402 3071 lib.

340 3099 404 3150 de
439 3099 663 3149 Anima:
714 3098 731 3126 ‘
753 3099 1047 3148 Invenimus
1086 3098 1226 3163 apud
1265 3114 1402 3150 com·

337 3177 619 3244 mentarios
642 3176 799 3225 etiam
822 3175 1152 3224 humanarum
1185 3175 1408 3241 antiqui-

340 3258 521 3316 tatum,
545 3252 793 3317 paulatim
817 3250 1091 3300 humanum
1126 3266 1286 3317 genus
1319 3267 1409 3302 ex·

324 3326 603 3391 'uber-asse,
637 3326 760 3376 dum
781 3320 1127 3390 A'borigenes,
1165 3328 1250 3376 vel
1273 3327 1411 3394 vagi,

324 3403 419 3455 'vel
456 3411 711 3467 exter-ree,
733 3405 817 3454 vel
851 3402 1062 3468 gloriosi
1099 3404 1287 3469 quique
1321 3420 1406 3455 oc·

338 3490 535 3547 cupant
570 3489 755 3542 terras,
775 3487 836 3531 ut
871 3481 1081 3546 Scytliae
1118 3480 1412 3548 Parthicas,

339 3568 398 3612 ut
418 3561 655 3627 Amyclae
689 3560 1127 3626 Peloponnesum,
1162 3567 1221 3611 ut
1244 3560 1408 3612 Athe-

339 3625 545 3687 nienses
567 3637 765 3698 Asiam,
804 3643 863 3687 ut
899 3637 1138 3701 Phryges
1177 3636 1407 3701 Italiam,

322 3719 397 3786 ‘ut
418 3717 697 3768 Phoenices
724 3715 987 3780 Africam3
1021 3716 1144 3767 dum
1168 3716 1405 3767 solennes

320 3789 499 3844 'etiam
532 3794 877 3856 migrationes,
911 3808 1038 3858 quas
1071 3791 1285 3844 ὰποικίας
1320 3807 1408 3859 ap-

336 3871 555 3935 pellant,
576 3871 790 3919 consilio
813 3870 1154 3921 exonerandae
1198 3871 1407 3936 popula·

320 3939 530 4011 ‘ritatis,
552 3947 606 3996 in
641 3948 768 3998 alios
803 3945 931 3996 fines
964 3947 1205 3998 examina
1236 3948 1405 4013 gentis

326 4022 618 4074 'eructant.'

326 4099 333 4102 ’
404 4107 429 4131 ⁷
466 4100 691 4151 vinctum
710 4116 762 4150 se
778 4099 1048 4164 rebellione]
1070 4101 1276 4166 Nempe
1297 4107 1406 4152 tum

342 4192 459 4228 cnm
499 4176 777 4228 rebellavit
809 4174 1074 4227 Arminius
1112 4193 1232 4229 cum
1274 4178 1406 4229 Che·

344 4254 506 4305 ruscis
540 4255 667 4319 suis,
689 4254 1043 4321 Varianasque
1074 4255 1300 4321 legiones
1332 4255 1408 4306 in·

343 4331 555 4385 ter-fecit
578 4332 674 4384 sub
702 4329 963 4398 Augusto.
1026 4331 1116 4384 Sic
1152 4338 1209 4384 et
1238 4331 1410 4384 Armi-

1556 2638 1772 2690 Vinetum
1789 2639 1862 2703 se]
1906 2639 1992 2689 Sic
2016 2653 2172 2702 supra
2195 2638 2231 2688 1.
2254 2652 2292 2689 1.
2316 2642 2395 2688 58.
2461 2636 2553 2687 Se·

1481 2722 1652 2780 gestes
1674 2715 1822 2766 socer
1849 2715 2064 2766 Arminii
2085 2714 2345 2782 loquitur-2
2387 2714 2403 2742 ‘
2426 2714 2552 2764 Vio-

1477 2794 1701 2844 latorem
1755 2793 1966 2845 foederis
2022 2794 2187 2843 vestri
2238 2791 2551 2855 Arminium,

1480 2871 1620 2935 apud
1657 2871 1872 2935 Varum,
1894 2871 1980 2937 qui
2015 2877 2123 2921 tum
2145 2870 2402 2920 exercitui
2426 2885 2555 2935 prae-

1480 2947 1705 3011 sidebat,
1741 2964 1883 2999 reum
1919 2946 2054 2999 feci:
2109 2948 2302 2997 dilatus
2336 2947 2555 3011 segnitia

1482 3024 1652 3087 ducis,
1689 3025 1811 3090 quia
1848 3039 2030 3089 parum
2070 3024 2295 3089 praesidii
2337 3024 2389 3073 in
2424 3021 2554 3088 legi-

1480 3100 1576 3150 bus
1601 3108 1733 3164 erat,
1753 3108 1812 3151 ut
1834 3117 1917 3151 me
1941 3108 1996 3152 et
2020 3102 2324 3166 Arminium,
2349 3108 2405 3151 et
2437 3116 2555 3152 con·

1481 3178 1618 3227 scios
1641 3178 1879 3239 vinciret,
1902 3177 2169 3242 flagitavi,’
2189 3181 2289 3228 διο.
2352 3180 2368 3207 ⁸
2397 3178 2552 3228 Cete-

1480 3267 1595 3304 rum
1638 3260 1694 3305 et
1733 3253 1891 3319 injeci
1930 3263 2141 3305 catenas
2166 3252 2399 3304 Arminio
2434 3261 2488 3304 et
2522 3268 2554 3304 a

1478 3329 1709 3382 factione
1732 3333 1845 3395 ejus
1868 3332 2091 3396 injectas
2110 3345 2387 3397 perpessus
2410 3330 2556 3381 sum?

1556 3407 1778 3458 Vinctum
1820 3406 1892 3472 se]
1958 3408 2096 3461 Quia
2137 3406 2305 3458 fideli·
2335 3413 2391 3458 et
2430 3403 2553 3458 ami-

1484 3499 1578 3535 cus
1620 3484 1864 3534 Romanis
1911 3490 2068 3536 esset.
2137 3483 2293 3536 Unde
2330 3483 2555 3537 Arminii

1483 3562 1563 3612 ira
1585 3562 1636 3611 in
1658 3563 1816 3613 illum.

1549 3643 1586 3671 θ
1617 3638 1878 3704 Cherusca]
1930 3640 2018 3691 De
2062 3639 2140 3690 his
2175 3638 2212 3689 l.
2253 3652 2332 3693 11.
2378 3655 2424 3691 c.
2472 3633 2555 3692 16.

1490 3716 1814 3768 Haemonius.

1550 3801 1578 3828 ¹
1612 3796 1756 3859 Mox,
1781 3795 1993 3860 Tiberio]
2030 3796 2221 3847 Tiberio
2243 3795 2397 3857 duce,
2419 3794 2559 3859 prin-

1486 3871 1607 3936 cipe
1669 3873 1928 3937 Augusto,
1972 3881 2029 3925 et
2073 3873 2357 3924 Germanico
2401 3873 2555 3935 duee,

1487 3948 1676 4011 partim
1711 3948 1808 3999 sub
1833 3948 2088 4015 Augusto,
2122 3949 2312 4015 partim
2338 3948 2433 3999 sub
2466 3945 2557 3998 Ti·

1486 4022 1633 4073 berio
1658 4025 1912 4088 principe·
2513 4031 2520 4034 '

1550 4110 1575 4146 ἲ
1599 4104 1958 4169 Quinquaginta
1978 4101 2226 4167 annorum]
2252 4102 2392 4153 Libri
2403 4102 2554 4153 Vett.

1485 4181 1822 4247 quadraginta.
1888 4179 1939 4233 A
1977 4179 2127 4230 clade
2156 4185 2300 4229 certe
2324 4167 2556 4229 Variana

1486 4255 1555 4307 ad
1586 4256 1686 4306 hoc
1721 4271 1907 4321 aevum,
1927 4255 2270 4322 quadraginta
2289 4270 2382 4308 sex
2405 4255 2555 4317 circi·

1489 4340 1574 4384 ter
1595 4331 1715 4384 anni
1737 4339 1878 4385 sunt.
1943 4331 2150 4398 nepam
