3063 4952
372 445 420 496 J.
442 446 495 495 e.
516 446 627 510 ss]

1081 442 1496 492 summum
1546 423 1704 493 ιιιιζ
1740 442 1918 492 xm.

2399 429 2572 495 1397

371 582 698 652 narnis!
776 586 1048 653 Decreti
1100 592 1169 653 et
1217 608 1260 654 a
1299 587 1551 656 Senatu
1606 592 1629 622 ‘
1660 588 1793 654 duo
1840 590 2136 669 lictores,
2175 589 2572 655 Flaminium

370 687 807 772 Claudiale;'⁸
867 691 1067 755 simul
1121 696 1142 724 ‘
1174 692 1461 774 Claudio
1513 691 1905 757 Censorium
1957 691 2229 773 funuS,’¹³
2286 701 2353 759 et
2408 713 2571 759 mox

367 795 388 823 ‘
415 792 895 861 consecratio.’⁵

365 910 654 961 MATRIS.
717 911 908 961 Stetisti
938 911 1040 976 ipsi
1078 929 1108 961 a
1126 912 1359 963 Patribus
1380 914 1483 963 duo
1506 914 1737 973 lictores,
1760 915 2107 964 sacerdotium
2130 912 2359 964 Claudias
2382 913 2578 980 gentis,

360 975 492 1025 duna
506 982 556 1026 et
579 976 733 1026 funus
753 979 1040 1027 censorium
1062 978 1299 1042 Claudio,
1327 984 1375 1029 et
1395 996 1507 1029 m
1526 981 1818 1044 apotheosis
1832 983 2161 1031 decernuntur.

1352 1076 1576 1127 NOTAE

362 1161 449 1213 hus
491 1167 695 1230 palatii.
760 1168 894 1232 Nec,
938 1175 1083 1233 puto,
1110 1170 1270 1220 dabat
1309 1170 1422 1235 ipse

357 1242 556 1306 signnm
598 1246 654 1294 in
692 1247 881 1296 castris
920 1248 1266 1311 praetorianis,
1305 1263 1420 1314 qnoe

355 1325 536 1384 procul
573 1324 808 1388 aberant,
847 1325 939 1375 sed
981 1333 1182 1376 tautum
1205 1326 1256 1375 iu
1281 1328 1422 1391 pala-

354 1399 423 1449 tio
444 1402 730 1453 excubanti
752 1404 972 1467 cohorti,
994 1404 1093 1453 uisi
1114 1402 1248 1453 forte
1283 1410 1422 1453 utro-

353 1476 503 1544 bique
531 1479 673 1530 idem
693 1481 891 1545 signum
911 1488 1070 1531 esset.

410 1554 433 1587 f
442 1558 659 1621 Optima
676 1558 866 1622 matris]
886 1560 1031 1609 Suet.
1051 1559 1179 1608 Ner.
1203 1563 1252 1609 9.
1276 1559 1293 1587 ‘
1309 1560 1421 1611 Ma·

350 1633 413 1682 tri
449 1648 705 1684 summam
737 1638 961 1686 omnium
997 1651 1167 1685 rerum
1191 1636 1419 1699 publica-

350 1724 456 1761 rum
478 1713 912 1780 privatarumque
934 1714 1190 1778 permisit.
1243 1715 1418 1764 Primo

349 1791 504 1841 etiam
533 1792 736 1857 imperii
770 1795 876 1857 die,
901 1796 1103 1859 siguum
1137 1793 1418 1845 excubanti

346 1867 587 1919 'l'ribnno
641 1870 805 1934 dedit,
853 1873 1121 1936 Optimam
1159 1873 1420 1937 Matrem:

348 1959 457 2009 quae
483 1945 718 1996 dederat
739 1947 1030 2012 imperium.
1096 1949 1217 2001 Jam
1242 1957 1296 1999 et
1329 1950 1418 1999 illo

346 2022 506 2084 primo
543 2016 633 2072 die‘
638 2020 641 2021 ⁷
657 2025 799 2074 exire
822 2026 939 2075 aula
969 2033 1025 2075 et
1059 2026 1214 2076 rebus
1237 2026 1420 2077 debuit

344 2106 537 2163 mater,
560 2100 602 2149 si
622 2116 806 2167 sapere
829 2104 1102 2168 potuisset.

403 2185 429 2221 t
452 2180 582 2228 Duo
601 2179 805 2244 lictores,
828 2182 1116 2231 Flaminium
1147 2180 1417 2246 Claudiale]

342 2253 413 2305 At
429 2256 607 2307 Livia:
618 2257 860 2307 decretus
876 2259 1036 2309 lictor
1048 2266 1251 2310 tautum
1270 2274 1422 2319 unus,

341 2338 393 2382 et
427 2334 483 2382 id
517 2334 698 2398 ipsum
721 2344 993 2385 recusante
1010 2337 1236 2387 Tiberio.
1305 2339 1419 2389 Fla-

343 2412 542 2464 miuium
568 2414 835 2476 Claudiae,
866 2414 1123 2481 quomodo
1145 2417 1211 2467 ad
1233 2417 1418 2468 hones·

341 2492 551 2542 tandam
576 2491 711 2543 facit
735 2492 1112 2558 Agrippinam?
1170 2495 1343 2546 Credo
1361 2503 1421 2546 ut

340 2568 447 2632 ipsa
477 2571 772 2620 Flaminica
804 2571 1011 2620 Claudii
1044 2579 1211 2623 esset:
1245 2588 1418 2624 exem·

339 2647 421 2712 plo
445 2649 642 2712 Liviae,
666 2664 780 2713 quae
805 2648 1049 2713 Augusti.

398 2727 541 2777 Nam
583 2743 704 2776 eam
740 2728 1063 2778 sacerdotem
1083 2727 1313 2794 Augusti
1336 2729 1416 2780 fu-

336 2802 433 2853 isse
456 2806 621 2857 doeui
645 2805 710 2854 ad
751 2807 785 2856 l.
820 2819 859 2856 1.
881 2807 1154 2874 velimque
1174 2807 1295 2857 addi
1317 2809 1417 2859 Pa-

339 2884 522 2933 terculi
559 2884 754 2946 locum,
785 2885 823 2933 l.
852 2898 915 2935 11.
948 2885 964 2913 ‘
992 2886 1141 2936 Livia
1161 2887 1415 2937 Romana·

336 2971 447 3008 rum
471 2961 905 3024 eminentissima,
923 2977 1075 3027 qnam
1094 2970 1277 3027 postea
1296 2978 1415 3014 con·

328 3036 508 3103 jugem
535 3039 762 3102 Augusti
796 3039 1034 3105 vidimus,
1063 3056 1214 3106 quam
1248 3049 1416 3093 trans-

339 3117 501 3177 gressi
525 3116 596 3165 ad
626 3118 765 3164 Deos
789 3118 1111 3167 sacerdotem
1135 3133 1196 3167 ac
1220 3118 1415 3170 filiam!

334 3191 506 3242 Recte
530 3194 629 3243 sic.
652 3193 800 3242 Livia
821 3194 959 3243 enim
980 3201 1081 3256 est,
1105 3209 1219 3259 qnae
1242 3197 1415 3246 mariti

336 3270 430 3333 sui,
450 3271 505 3319 in
531 3271 677 3319 Deos
700 3272 870 3336 relati,
889 3277 946 3321 et
963 3272 1206 3324 sacerdos
1227 3273 1327 3325 fuit
1361 3281 1416 3326 et

335 3345 458 3396 filia.
525 3347 744 3411 Lipsius.

399 3426 516 3475 Duo
533 3426 752 3490 lictores]
796 3429 976 3478 Decus
994 3430 1132 3480 idem
1150 3432 1271 3481 olim
1287 3433 1415 3483 Ves-

333 3508 403 3552 tae
427 3504 722 3568 virginibus
753 3507 1105 3558 attribuerant
1123 3509 1415 3562 Triumviri.

334 3577 421 3628 Ita
464 3587 668 3642 tamen,
707 3589 767 3629 ut
806 3597 964 3632 uuum
998 3585 1233 3634 lictorem
1267 3587 1419 3636 habe·

335 3664 475 3721 rent,
501 3666 561 3707 at
596 3673 733 3707 nunc
758 3659 1065 3725 Agrippinae
1084 3662 1242 3713 decus
1265 3679 1417 3729 ange-

334 3739 439 3797 tur,
462 3735 557 3784 cui
580 3737 669 3783 duo
692 3735 881 3785 lictores
899 3737 1271 3792 decernuntur.

400 3812 478 3862 Hi
520 3813 754 3876 lictores,
777 3829 877 3863 non
900 3817 1065 3866 solum
1099 3819 1419 3870 comitaban-

333 3895 425 3940 tur
464 3892 521 3940 in
562 3892 827 3955 publicum
868 3896 1170 3960 turbamque
1195 3911 1416 3947 summo-

332 3969 556 4032 vebant,
577 3970 667 4018 sed
686 3972 1002 4022 assistebant
1022 3975 1345 4037 imperitanti
1364 3976 1418 4025 in

330 4046 636 4109 penatibus,
648 4049 799 4111 jussa
817 4052 1111 4112 executuri,
1132 4053 1419 4103 salutantes

218 4119 231 4138 ⁸
332 4122 646 4173 accersituri
667 4127 749 4173 vel
773 4128 1015 4190 amoturi,
1038 4135 1093 4177 et
1132 4130 1227 4177 alia
1250 4130 1303 4179 id
1328 4145 1413 4194 ge-

328 4209 427 4251 nus
451 4199 634 4250 officia
660 4203 957 4256 exhibituri.

397 4283 520 4331 Duo
555 4280 767 4345 lictores]
818 4284 1129 4351 Intelligunt
1170 4290 1381 4338 custodes
1394 4304 1414 4347 ,-

330 4359 516 4424 vulgo,
556 4359 640 4407 des
674 4363 867 4421 gar-des.
934 4363 1227 4444 Sed-certe
1249 4366 1413 4432 majus

1501 1170 1682 1235 decus,
1703 1178 1763 1222 ut
1785 1177 1930 1236 puto,
1951 1169 2055 1220 fuit
2077 1170 2130 1220 in
2149 1167 2397 1219 excubiis.
2462 1169 2572 1219 Ha·

1502 1247 1619 1298 buit
1638 1246 1932 1313 Agrippina
1968 1247 2209 1298 custodes
2242 1246 2573 1312 pretorio-os,

1502 1332 1559 1375 et
1576 1333 1832 1391 praeterea
1849 1326 2126 1387 Germanos,
2140 1324 2228 1389 qui
2246 1338 2340 1388 pro
2354 1322 2572 1388 foribus,

1502 1410 1561 1453 et
1596 1405 1730 1454 haud
1765 1405 1922 1454 dubie
1961 1419 2056 1469 pro
2089 1404 2282 1452 lectica
2314 1408 2570 1465 astarent,

1502 1483 1587 1532 vel
1622 1484 1781 1532 etiam
1819 1485 2089 1549 praeireut,
2130 1495 2298 1547 neque
2328 1481 2442 1545 ipsa
2461 1480 2571 1532 Au-

1498 1567 1650 1625 gusta
1672 1561 1794 1611 olim
1817 1562 1945 1611 tales
1967 1561 2167 1610 habuit.

1564 1640 1637 1688 Et
1674 1638 1829 1702 forte,
1871 1647 1929 1689 ut
1953 1637 2241 1689 Flaminica
2277 1650 2368 1686 sen
2399 1650 2568 1687 sacer—

1499 1715 1595 1765 dos
1644 1717 1869 1779 Claudii,
1909 1716 2092 1765 habuit
2146 1715 2302 1763 hosce
2355 1712 2570 1765 lictores

1498 1792 1811 1858 Agrippina,
1846 1800 1904 1844 et
1938 1794 2002 1842 ad
2036 1793 2199 1842 instar
2239 1789 2571 1841 sacerdotnm

1499 1884 1592 1919 sen
1637 1871 1888 1935 virginum
1930 1872 2129 1935 Vestae,
2182 1883 2277 1934 per
2315 1882 2570 1919 summum

1498 1948 1677 2001 decus.
1745 1950 1882 2001 Nam
1922 1950 2078 1999 etiam
2124 1954 2374 2014 carpento
2414 1953 2571 1998 vecta

1496 2024 1631 2089 ipsa.

1564 2100 1815 2152 Attamen
1858 2103 2005 2155 Livia
2037 2103 2291 2154 habuerat
2327 2102 2572 2152 lictorem

1498 2193 1676 2241 unum,
1699 2186 1758 2230 nt
1782 2182 1975 2245 regina,
1993 2190 2052 2231 ut
2074 2196 2202 2232 uxor
2225 2180 2572 2242 dominantis;

1498 2270 1602 2306 non
1642 2262 1702 2305 nt
1740 2259 1980 2308 sacerdos
2002 2258 2241 2323 praecise,
2260 2258 2353 2309 sed
2377 2268 2568 2321 tamen,

1497 2330 1638 2383 forte
1668 2336 1908 2399 exemplo
1931 2336 2237 2385 Vestalium.
2302 2335 2407 2385 Sed
2444 2349 2572 2386 non·

1498 2412 1620 2461 dum
1662 2413 1834 2462 statim
1889 2428 1951 2464 eo
1996 2429 2158 2480 usque
2197 2420 2384 2464 evecta
2418 2412 2570 2463 Livia

1496 2490 1752 2557 Augusta,
1809 2501 1869 2543 ut
1911 2495 2132 2545 haberet
2170 2496 2298 2544 duos
2333 2494 2568 2557 lictores,

1495 2579 1587 2620 aut
1639 2572 1885 2621 custodes
1956 2573 2298 2637 praetorianos
2352 2572 2571 2622 Germa-

1495 2663 1729 2715 nosque;
1784 2663 1952 2715 neque
2015 2655 2073 2699 ut
2117 2654 2367 2714 carpento
2411 2650 2567 2699 vehe-

1494 2734 1658 2776 retur.

1560 2803 1666 2853 Sed
1688 2808 1748 2854 ut
1773 2803 1966 2854 crescit
2000 2816 2205 2868 semper
2240 2801 2470 2852 adulatio
2510 2808 2569 2853 et

1497 2881 1733 2946 audacia,
1753 2883 1916 2933 hocce
1953 2881 2141 2933 decore
2165 2896 2222 2931 se
2246 2881 2568 2944 provehebat

1501 2960 1615 3023 ipsa
1648 2958 1962 3025 Agrippina,
2003 2960 2097 3009 sub
2135 2957 2278 3009 facili
2317 2958 2571 3024 principe,

1500 3037 1641 3101 quod
1676 3039 1805 3087 nulli
1841 3037 2061 3088 foeminae
2085 3039 2333 3087 hactenus
2360 3051 2571 3087 conces·

1500 3128 1615 3163 sum
1669 3121 1799 3165 erat.
1885 3117 2006 3168 Jam
2058 3117 2218 3166 etiam
2271 3129 2568 3166 consessum

1498 3192 1680 3242 habuit
1718 3194 1864 3244 Livia
1908 3195 1961 3243 in
2008 3194 2227 3244 theatris
2265 3194 2405 3243 inter
2439 3194 2570 3243 Ves-

1497 3271 1649 3320 tales.

1514 3361 1527 3370 “
1561 3347 1678 3399 Jam
1696 3347 1797 3413 ipsi
1831 3355 1887 3399 et
1912 3348 2150 3399 Octaviae
2171 3345 2570 3410 concessumjus

1496 3426 1647 3475 trium
1667 3427 1935 3489 liberorum,
1965 3433 2019 3475 et
2038 3426 2263 3487 Augusta
2301 3424 2570 3489 appellata

1498 3510 1643 3554 erat:
1681 3505 1821 3570 quod
1841 3519 2026 3554 nomen
2051 3509 2143 3553 aut
2163 3504 2322 3553 decus
2344 3516 2445 3551 non
2468 3507 2582 3552 sta-·

1499 3582 1595 3631 tim
1634 3583 2014 3646 pervulgatum.
2085 3583 2271 3646 Neque
2310 3580 2439 3630 illud
2481 3580 2570 3629 ha·

1498 3661 1659 3711 buere
1700 3662 1875 3711 statim
1908 3676 2094 3711 uxores
2135 3667 2226 3708 aut
2250 3661 2453 3709 sorores
2476 3657 2567 3707 do·

1498 3740 1837 3801 minantium3
1869 3738 1970 3790 fuit
1995 3745 2169 3788 tamen
2191 3752 2356 3788 nomen
2379 3737 2566 3799 uxoris,

1496 3817 1665 3881 inquit
1686 3818 1906 3879 Plinius,
1927 3833 2021 3867 seu
2043 3819 2256 3881 reginae.

1566 3897 1678 3946 Duo
1698 3895 1907 3959 lictores]
1947 3895 2118 3959 Igitur
2141 3895 2304 3959 major
2324 3893 2374 3942 ei
2404 3891 2570 3941 honos

1498 3973 1706 4022 habitus
1766 3988 1917 4037 quam
1961 3973 2124 4021 Liviae
2167 3971 2440 4035 Augustas,
2484 3968 2570 4018 cni

1500 4066 1632 4099 uuus
1656 4059 1856 4100 tantum
1875 4051 2045 4111 lictor,
2063 4051 2138 4099 sic
2164 4047 2423 4113 posterior
2444 4046 2570 4095 adu·

1499 4129 1629 4178 latio
1652 4131 1812 4192 magis
1852 4128 2132 4191 ingeniosa.
2200 4127 2263 4176 Id
2302 4131 2451 4190 puto,
2489 4123 2570 4173 ἰοί

1495 4208 1796 4257 troductutu
1840 4205 2080 4268 exemplo
2110 4203 2416 4266 Vestalium,
2455 4202 2567 4266 qui-

1495 4284 1590 4333 bus
1627 4297 1759 4332 uuus
1803 4283 1958 4331 lictor
1992 4280 2213 4344 astabat,
2254 4279 2342 4345 qui
2387 4280 2440 4330 in
2479 4278 2567 4327 via

1496 4362 1705 4413 turbam
1747 4360 2077 4412 submoveret
2135 4357 2346 4410 honoris
2389 4351 2572 4409 causa*
