3063 4952
347 373 628 442 ‚BC-ot]

1031 371 1446 423 annuatur
1493 374 1644 439 mu.
1688 376 1820 427 xv.

2389 360 2561 437 19⁰1

1342 587 1563 639 NOTAE

354 736 471 772 esse
494 720 608 772 sine
631 721 738 772 ullo
757 719 895 772 bono
915 735 1084 770 aensu.
1139 722 1247 771 Cur
1276 720 1417 770 enim

353 795 567 848 infamia
583 798 723 847 Paeti
741 798 1051 861 angeretur?
1083 799 1294 846 aemulus
1312 796 1416 846 for·

355 881 412 925 te
437 875 566 925 alias
586 881 644 924 et
661 875 987 925 obtrectator
1006 873 1181 924 fuerat
1200 875 1414 934 Paetus;

352 950 450 1000 sed
469 974 474 979 ²
490 965 630 1000 nnuc
673 951 839 1001 vietus
879 950 1290 1016 debellatosque,
1319 965 1416 1000 eur

350 1031 590 1076 moveret
611 1026 856 1075 invidiam
870 1026 891 1074 Ξ

421 1102 582 1152 Certe
605 1102 683 1150 vir
703 1100 872 1163 fortis,
907 1101 1073 1168 qualis
1095 1101 1196 1152 fuit
1215 1103 1412 1152 Corbu·

350 1177 424 1239 lo,
440 1178 566 1228 talia
597 1178 829 1241 sprevit:
863 1193 1035 1243 neque
1056 1180 1175 1244 angi
1197 1194 1315 1230 eum
1337 1181 1412 1229 in-

350 1252 514 1302 famia
534 1254 687 1315 Paeti,
698 1269 864 1319 neque
888 1256 1027 1305 illam
1047 1271 1235 1320 augere
1258 1256 1411 1305 decu·

348 1329 413 1380 it.
451 1331 640 1394 Neque
661 1330 802 1380 illam
824 1331 890 1381 de
913 1329 1057 1381 facto
1078 1334 1241 1394 anxit,
1257 1333 1411 1382 immo

347 1405 497 1459 illam
509 1411 737 1470 operuit,
758 1416 917 1474 atque
938 1409 1236 1459 obliteravit
1253 1425 1413 1474 quan-

347 1489 463 1548 tum
484 1483 538 1532 in
559 1484 673 1546 ipso
694 1482 815 1545 fuit,
847 1500 966 1534 cum
980 1486 1087 1536 filio
1109 1487 1225 1550 ejus
1245 1487 1412 1536 tribu-

347 1575 438 1623 no,
457 1561 684 1611 ‘ducere
711 1563 1180 1629 manipulos,atque
1202 1564 1410 1631 operire

346 1638 595 1704 reliquias
614 1639 765 1688 malae
785 1655 971 1704 pugnae
995 1641 1306 1705 imperavit!

415 1716 502 1767 Ne
530 1729 714 1781 nempe
735 1717 823 1766 illa
843 1717 1069 1768 infamiae
1092 1718 1232 1768 Paeti
1256 1719 1410 1770 vesti-

345 1793 436 1857 gia
475 1801 823 1857 remanerent,
855 1809 1005 1858 qnam
1045 1795 1252 1859 quidem
1295 1795 1409 1860 ipse

346 1868 501 1927 filius,
508 1869 619 1933 jam
638 1870 798 1919 veluti
820 1871 986 1920 victor
1006 1887 1122 1921 cum
1146 1873 1408 1937 Romanis,

344 1946 558 2010 penitus
612 1946 812 1997 deleret
852 1947 1207 2014 aboleretque.
1272 1952 1406 2001 Tum

346 2023 487 2073 euim
507 2030 712 2072 mutata
731 2022 940 2074 fortuna
963 2025 1122 2088 Paeti,
1156 2027 1200 2075 si
1228 2027 1405 2076 nonin

343 2105 518 2164 patre,
562 2106 793 2150 attamen
827 2102 880 2149 in
921 2100 1031 2151 filio
1066 2118 1184 2153 cum
1219 2104 1404 2154 Roma-

342 2175 446 2237 nis,
468 2175 557 2240 qui
580 2181 690 2225 tum
715 2177 964 2226 insultare
985 2179 1155 2242 potuit
1179 2180 1402 2229 vicissim

339 2253 600 2314 hostibus,
620 2251 947 2317 Parthosque
989 2255 1189 2316 ulcisci,
1211 2255 1402 2319 deleta,

341 2334 592 2394 quantum
632 2329 685 2377 in
728 2343 786 2378 se
837 2327 955 2394 fuit,
1002 2330 1279 2393 ignominia
1311 2347 1402 2396 pa-

333 2413 512 2459 iterna.

407 2485 849 2536 Dissimilitudine
905 2484 1131 2537 fortuna
1187 2489 1400 2553 gloriam

339 2576 488 2611 suam
509 2576 701 2626 angere
726 2562 898 2625 potuit
919 2563 1168 2625 Corbulo,
1193 2580 1298 2622 ,nec
1322 2573 1401 2616 ta·

337 2653 459 2705 men
483 2652 674 2703 augere
707 2638 1036 2702 ignominiam
1061 2641 1220 2704 Paeti,
1249 2657 1401 2707 quam

338 2721 526 2764 eontra
570 2715 777 2779 operire
810 2715 971 2779 jubet
1012 2730 1110 2779 per
1152 2732 1403 2768 summum

339 2791 500 2843 decus
520 2792 601 2841 vic
610 2799 710 2855 tor,
732 2791 1007 2857 obruitque
1029 2792 1158 2857 ipse,
1178 2795 1403 2859 compel-

340 2869 501 2920 lendo
518 2870 743 2920 Parthos
765 2870 944 2919 eodem
977 2870 1090 2919 loco
1127 2871 1193 2920 ad
1227 2887 1401 2937 aeqnas

338 2948 487 3012 pacis
509 2947 850 3009 conditiones,
871 2947 1302 3014 instaurandoque
1324 2964 1403 2999 ar·

337 3024 436 3074 mis
458 3022 718 3073 fortunam
740 3023 984 3086 partium.

404 3100 699 3149 Videbatur
743 3099 1010 3162 despicere
1031 3097 1218 3150 famam
1242 3101 1400 3166 Paeti,

338 3192 459 3229 cum
481 3176 639 3242 ipsius
662 3176 821 3225 filium
844 3177 897 3224 in
916 3178 1085 3227 locum
1104 3179 1398 3241 ignominiae

337 3261 577 3323 paternae
601 3254 932 3318 produceret,
959 3254 1136 3319 sicque
1153 3257 1399 3320 evulgare

337 3337 397 3381 et
432 3330 694 3394 publicare
732 3330 798 3379 de
819 3345 952 3380 novo
973 3329 1236 3381 infamiam
1261 3334 1399 3382 Paeti

337 3406 635 3455 videbatur.
689 3406 919 3457 Aliunde
953 3412 1126 3455 tamen
1165 3408 1306 3457 clare
1324 3409 1397 3458 vi-

337 3483 562 3534 debatur
583 3484 726 3533 illam
749 3483 915 3533 labem
950 3498 1137 3546 angere
1160 3484 1398 3547 noluisse,

336 3575 458 3626 cum
495 3560 632 3624 ipsas
665 3560 906 3623 reliquias
944 3556 1170 3609 infelicis
1208 3573 1396 3624 puguae

337 3623 588 3687 obrueret
609 3636 954 3724 sepeliretque
980 3651 1075 3699 per
1097 3631 1257 3686 filium
1280 3637 1396 3686 Pae-

336 3714 400 3777 ti,
412 3714 524 3778 jam
544 3713 694 3763 victis
713 3713 938 3761 vicissim
959 3712 1210 3775 hostibus,
1233 3722 1288 3763 et
1324 3714 1398 3763 in-

337 3795 574 3840 staurata
589 3802 682 3853 per
698 3803 945 3837 summam
962 3777 1173 3853 gloriam
1188 3788 1399 3841 fortuna

334 3867 590 3917 Romana.

404 3942 593 4004 Sicque
638 3941 854 3990 victoria
895 3939 1006 4006 ipsa
1041 3948 1097 3991 et
1150 3942 1399 4005 praesenti

335 4019 519 4083 gloria,
546 4019 766 4082 priorem
808 4018 1132 4082 ignominiam
1174 4019 1398 4084 abolere,

335 4112 441 4148 uon
474 4112 664 4162 augere
690 4098 975 4147 videbatur.
1038 4098 1167 4145 Tum
1203 4097 1397 4168 quippe

338 4182 538 4234 summa
559 4174 722 4238 gloria
744 4173 857 4235 fuit,
890 4188 1007 4223 cum
1032 4174 1275 4236 princeps
1297 4173 1395 4223 Ar-

337 4249 516 4301 sacida
532 4250 599 4300 ad
621 4265 790 4316 genua
801 4249 1019 4301 Caesaris
1035 4248 1397 4315 procumbere,

1497 734 1675 770 coram
1697 720 2012 771 exercitibus
2053 720 2223 786 palam
2243 724 2557 788 conspeetu·

1495 804 1596 847 est.

1560 873 1774 934 Infamia
1798 876 1950 940 Pati]
1981 874 2066 925 An
2094 890 2160 924 ex
2183 891 2267 933 eo,
2291 876 2427 940 quod
2446 876 2558 926 filio

1491 950 1609 1014 ejus
1649 952 1855 1015 operire
1890 952 2131 1016 reliquias
2174 953 2322 1001 malae
2366 958 2556 1017 pugni

1491 1026 1770 1090 imperavit
1805 1027 2050 1088 Corbulo,
2096 1029 2230 1077 bene
2274 1029 2555 1092 colligitur,

1491 1105 1632 1166 qnod
1675 1104 1789 1168 ejus
1844 1103 2051 1152 infamia
2111 1119 2211 1152 non
2253 1103 2560 1165 angebatur?

1490 1179 1658 1230 Immo
1682 1183 1851 1246 patuit
1873 1182 2007 1243 hinc,
2029 1196 2131 1231 non
2153 1183 2333 1245 augeri
2355 1180 2558 1243 infami·

1491 1273 1574 1305 am
1593 1259 1705 1321 ejus
1730 1273 1761 1307 a
1784 1258 2096 1320 Corbulone,
2128 1273 2247 1307 cum
2279 1260 2414 1308 illius
2442 1260 2557 1324 jus-

1491 1348 1574 1394 su,
1596 1333 1733 1383 filius
1774 1335 1933 1398 ipsius
1966 1335 2125 1384 veluti
2167 1336 2350 1398 victor,
2372 1336 2551 1388 tristes

1489 1416 1643 1458 notas
1685 1420 1911 1473 pateruae
1953 1410 2245 1474 ignominia
2300 1412 2553 1477 operiret.

1490 1484 1718 1549 Operire
1730 1487 1887 1547 jubet
1904 1486 2144 1550 reliquias
2163 1494 2394 1551 paterna·
2414 1489 2555 1552 iguo-

1488 1561 1679 1625 miniae,
1697 1577 1820 1626 ergo
1860 1564 1976 1627 ejus
2015 1562 2227 1612 infamia
2259 1578 2363 1613 non
2398 1579 2553 1628 ange·-

1489 1637 1659 1687 batur.
1745 1641 1878 1692 Quae
1934 1640 2338 1705 consequentia?
2404 1649 2556 1709 puto,

1490 1717 1649 1766 nulla.

1555 1794 1719 1856 Neque
1740 1791 1940 1853 wamia
1960 1793 2087 1843 Pati
2102 1793 2386 1859 angebatur]
2407 1794 2548 1853 Vera

1488 1875 1545 1918 et
1587 1872 1762 1934 prisca
1800 1872 1978 1932 lectio,
2012 1873 2289 1936 augebatur,
2309 1880 2367 1923 et
2399 1874 2547 1938 quasi

1488 1948 1609 1997 lusit
1653 1949 1706 1997 in
1748 1948 1826 1998 his
1862 1950 2035 1999 verbis
2066 1950 2297 2016 Tacitus,
2330 1955 2549 2014 ungeret,

1484 2026 1771 2087 angebatur.
1836 2025 2071 2077 Attende
2115 2027 2259 2091 ipse:
2300 2028 2367 2077 Ut
2404 2028 2544 2077 dissi·

1481 2104 1703 2152 mititudo
1716 2102 1933 2163 fortune
1947 2104 2155 2165 gloriam
2176 2108 2390 2166 augeret.
2447 2104 2547 2152 Ne-

1481 2196 1569 2244 que
1583 2185 1742 2231 tamen
1760 2180 1960 2241 infamia
1982 2181 2113 2229 Poeti
2132 2181 2410 2243 augebatur.
2471 2182 2546 2231 Et

1481 2256 1616 2306 ratio
1639 2256 1931 2320 manifesta,
1954 2272 2107 2321 quam
2131 2255 2284 2307 affert
2307 2257 2420 2321 ipse
2441 2258 2544 2307 Ta·

1482 2332 1639 2383 cituS.

1546 2407 1669 2457 Non
1691 2408 1868 2472 angeri
1887 2407 2151 2458 infamiam
2173 2406 2397 2470 Poeti,eo
2412 2394 2545 2461 ηαξ

1478 2482 1573 2534 inte
1590 2486 1771 2547 patuit,
1793 2485 1904 2550 quia
1922 2485 2036 2550 filio
2072 2484 2170 2543 <jus
2205 2484 2371 2533 ducere
2394 2486 2544 2535 mani-

1479 2562 1629 2625 pulos,
1648 2567 1786 2624 atque
1822 2563 2025 2625 operire,
2046 2576 2137 2610 seu
2169 2561 2413 2625 sepelire,
2430 2563 2543 2630 ren}

1480 2641 1619 2702 quius
1658 2640 1795 2689 mule
1825 2654 2022 2702 pugna,
2064 2643 2292 2701 paternae
2338 2652 2545 2702 nempe,

1481 2717 1763 2782 imperavitg
1787 2718 1911 2783 quia
1930 2717 2042 2768 scil.
2066 2716 2353 2777 Vologeses
2378 2730 2543 2778 nuper

1483 2807 1627 2842 arma
1659 2799 1717 2843 et
1750 2808 1973 2857 corpora
2009 2808 2145 2843 caesa
2167 2792 2394 2850 ostentui
2430 2808 2546 2843 nos·

1484 2876 1581 2920 trae
1605 2871 1769 2920 cladis
1795 2878 2144 2935 congesserat,
2162 2885 2266 2920 non
2288 2876 2461 2921 tamen
2478 2885 2543 2936 ea

1480 2955 1758 3009 cremarat,
1779 2955 1871 2998 aut
1892 2948 2195 3011 sepelierat.

1545 3024 1737 3074 Gloriae
1783 3024 1974 3090 quippe
2020 3029 2076 3074 et
2127 3024 2383 3089 superbiae
2432 3039 2541 3076 suae

1479 3106 1679 3151 tantum
1703 3100 1858 3164 forte,
1873 3116 1977 3151 non
1999 3101 2306 3150 humanitati
2327 3102 2440 3150 Rex
2464 3116 2545 3150 re-

1479 3193 1602 3241 gum
1642 3180 1961 3227 consulebat.
2032 3178 2208 3226 Caesos
2250 3178 2422 3226 hostes
2454 3177 2545 3227 de·

1478 3253 1758 3316 spiciebat,
1779 3254 1956 3317 sicque
1975 3253 2163 3302 ovabat
2187 3268 2279 3301 suo
2302 3253 2475 3301 modo.

1545 3328 1713 3392 Neque
1732 3327 1933 3388 iufamia
1957 3329 2086 3377 Pa’ti
2107 3326 2392 3390 augebatur]
2417 3329 2543 3377 Cer·

1479 3411 1534 3454 te
1556 3401 1695 3454 Anu.
1719 3405 1753 3454 l.
1778 3418 1819 3455 t.
1852 3406 1868 3432 ‘
1889 3404 2090 3453 Bellica
2106 3417 2308 3468 qnoque
2322 3403 2541 3453 Germa·

1478 3482 1585 3532 uici
1605 3481 1770 3545 gloria
1792 3479 2112 3545 angebatur!
2144 3480 2382 3529 Tiberius
2402 3494 2542 3530 nem-

1479 3574 1560 3622 pe.
1609 3557 1860 3606 Attamen
1882 3557 1978 3605 boc
2002 3556 2116 3605 loco
2140 3555 2309 3618 potius
2333 3556 2435 3619 leg.
2456 3570 2542 3604 σιι-

1471 3634 1677 3697 gebatur
1694 3650 1713 3693 ,·
1747 3635 1791 3681 si
1832 3633 1961 3682 bene
1986 3632 2212 3681 attendis
2252 3631 2319 3680 ad
2351 3632 2541 3683 seriem

1476 3719 1535 3761 et
1572 3726 1776 3760 sensum
1815 3710 2063 3761 orationis
2093 3708 2294 3758 Taciti:
2331 3709 2346 3736 ‘
2373 3709 2542 3759 Locus

1476 3790 1530 3838 in
1576 3803 1678 3853 quo
1716 3801 1879 3850 nuper
1924 3786 2166 3845 obsessae,
2205 3788 2303 3840 ἃς.
2352 3800 2471 3835 cnm
2508 3800 2542 3836 a

1475 3865 1718 3915 Barbaris
1750 3866 1982 3913 delectus
2018 3869 2177 3923 esset,
2212 3862 2277 3910 ob
2302 3862 2540 3911 memori·

1477 3956 1560 3990 am
1585 3941 1794 3990 laetioris
1818 3940 1919 3988 sibi
1940 3940 2034 3998 rvi,
2064 3953 2163 3986 non
2188 3943 2268 3985 est
2290 3952 2321 3985 a
2343 3936 2541 3987 Corbu·

1476 4019 1596 4068 lone
1621 4018 1829 4075 vitatus,
1856 4023 1912 4068 nt
1934 4014 2291 4064 dissimilitudo
2315 4012 2539 4063 fortuuae

1476 4095 1691 4159 gloriam
1749 4100 1985 4156 augeret.
2088 4091 2273 4154 Neque
2325 4087 2540 4139 infamia

1475 4171 1617 4221 Paeti
1639 4166 1962 4231 augebatur!

1545 4247 1706 4300 Quasi
1736 4246 1937 4296 diceret
1953 4242 2181 4311 Tacitus,
2200 4241 2426 4294 Corbulo
2463 4237 2538 4293 lo·¹
