3063 4952
208 1883 215 1889 ·
294 1872 591 1934 Armenia3
625 1875 803 1939 sicque
833 1876 973 1924 velut
997 1890 1063 1924 ex
1086 1878 1373 1941 composito

2347 428 2548 499 1833·

300 593 940 677 interpretabantur;
1006 595 1029 625 ‘
1054 596 1155 669 ut,
1205 593 1455 655 omisso
1499 590 1830 675 utrimque
1884 592 2062 656 bello
2118 597 2186 658 et
2223 576 2518 659 ‘abeunte

300 696 665 778 Vologese,
723 696 1077 779 Tigranes!
1144 715 1410 779 quoque
1468 694 1787 759 Armenia
1859 698 2263 763 abscederet.
2381 698 2522 763 Cur

301 801 484 867 enim
506 804 895 864 exercitum*
922 799 1298 864 Romanum
1328 807 1398 864 a²
1425 800 1916 883 Tigranocertis
1946 798 2303 865 deductum
2321 803 2352 865 ‘l
2377 818 2521 867 ‘cur

301 449 356 500 J.
376 449 441 501 e.
465 449 579 514 ss]
1013 438 1225 492 nun
1238 442 1425 493 mun
1470 442 1622 494 nin.
1669 443 1801 492 xv.

301 1019 465 1083 genis,
487 1018 743 1082 minisque
767 1017 1089 1068 Corbulonis.
1136 986 1255 1066 'Alii
1275 1016 1612 1081 concipiebant,
1636 1019 1805 1068 'elucent
1837 1033 2088 1080 regemque
2111 1026 2319 1068 secreto
2339 1033 2524 1069 conve·

295 1085 439 1134 nisse
464 1084 595 1133 inter
621 1099 688 1146 se,
723 1091 780 1132 ut
814 1084 997 1146 positis
1031 1083 1290 1148 utrimque
1325 1085 1501 1144 armis,
1541 1093 1595 1133 et
1629 1084 1944 1133 abscedente
1978 1085 2252 1148 Vologese,
2273 1084 2527 1155 Tigranes

301 1150 464 1199 etiam
490 1147 791 1198 Armeniam
814 1150 1150 1212 relinqueret.
1216 1149 1324 1198 Cur
1362 1149 1499 1197 enim
1535 1149 1765 1211 legiones
1806 1150 1957 1198 Rom.
1981 1165 2010 1198 a
2033 1150 2417 1214 Tigranocertis
2438 1149 2530 1200 ab·

1236 1277 1598 1297 OOOOOOOOOOOO

297 1357 485 1411 Guelf.
508 1365 564 1408 et
587 1359 881 1409 Rhenanus.
949 1360 1009 1408 In
1032 1361 1134 1409 Ms.
1158 1361 1289 1423 Reg.
1314 1368 1369 1410 et
1400 1360 1631 1409 editione
1659 1361 1895 1426 principe
1932 1361 2049 1411 duae
2074 1362 2178 1411 illae
2204 1376 2359 1411 voces
2387 1360 2523 1411 desi-

297 1427 573 1476 derantur.
639 1424 981 1488 Puteolanus,
1013 1431 1211 1491 patrata
1243 1426 1495 1492 magnifice
1526 1426 1829 1477 extollebant.
1896 1425 2049 1477 Infra
2069 1442 2118 1478 c.
2140 1432 2224 1478 26.
2259 1430 2275 1465 -‘
2301 1426 2529 1476 orditur-

1299 1607 1519 1660 No'rAE

1451 1722 1698 1786 Tigranes
1736 1719 2044 1770 abscederet
2071 1716 2353 1768 Armenia:
2392 1721 2526 1767 atta·

1452 1815 1572 1850 men
1594 1805 1741 1850 certe
1764 1799 1817 1848 id
1839 1796 2056 1847 factum.
2124 1796 2242 1846 Nec
2263 1795 2418 1844 aliter
2441 1795 2526 1844 liic

294 1721 588 1785 Ronsauus,
623 1728 678 1771 et
699 1722 847 1771 simul
878 1736 992 1772 cum
1016 1738 1079 1773 eo
1100 1722 1374 1788 Tigranes,

295 1798 391 1863 qui
413 1798 519 1846 vim
556 1798 820 1861 propriam
843 1813 948 1847 nou
979 1799 1180 1861 habuit,
1203 1800 1374 1849 exiret

1454 1878 1719 1942 componit
1734 1876 2006 1925 historiam
2028 1874 2263 1935 Tacitus,
2281 1887 2436 1937 quam
2459 1886 2526 1922 ex
2579 1938 2582 1941 ,

294 1949 608 2002 differretur
625 1952 837 2016 bellum,
854 1961 908 2002 et
926 1953 1147 2003 induciae
1166 1954 1373 2005 interim

298 2035 500 2079 essent.
948 2040 955 2047 ·
1168 2071 1177 2079 .

368 2103 530 2156 Quod
553 2120 653 2154 non
676 2120 813 2168 aegre
837 2107 1047 2170 accepit
1068 2108 1375 2172 VologeseS,

296 2182 369 2232 ob
392 2181 623 2244 inopiam
650 2182 841 2245 pabuli,
861 2181 996 2232 fesso
1020 2185 1214 2249 equite,
1235 2194 1292 2235 et
1311 2194 1372 2235 ut

297 2259 529 2324 spatium
553 2259 770 2308 baberet
785 2259 1025 2309 mittendi
1041 2262 1243 2325 legatos
1265 2264 1314 2313 N
1320 2279 1372 2312 e·

298 2335 437 2399 roni,
485 2336 566 2384 vel
609 2336 1001 2401 redintegrandi
1040 2337 1234 2387 bellum
1276 2354 1373 2402 pro

298 2412 579 2462 commodo
606 2431 619 2462 ε
688 2428 786 2463 ncc
841 2414 1114 2465 admodum
1169 2416 1373 2466 curavit

299 2489 553 2549 Corbulo,
594 2490 682 2554 qui
726 2497 1035 2555 expectaret
1075 2492 1264 2545 ducem
1301 2508 1370 2543 ex

296 2565 471 2629 Urbe,
492 2572 548 2615 et
571 2581 654 2615 res
677 2567 910 2632 integras
943 2569 1043 2633 ipsi
1076 2571 1371 2636 relinquere

294 2644 510 2706 maluit,
551 2658 705 2708 quam
742 2644 886 2695 adire
930 2645 1052 2695 belli
1094 2647 1370 2700 discrimen

290 2720 543 2784 injussus.

364 2796 625 2848 Attamen
648 2797 899 2863 flagitium
936 2801 1082 2851 ducis
1117 2804 1266 2852 Rom.
1289 2803 1370 2854 fu-

296 2873 402 2923 isse
429 2875 689 2939 videatur,
709 2878 846 2942 quod
866 2880 1114 2944 Tigranes
1136 2896 1231 2930 rex
1249 2883 1370 2932 ami·

296 2964 393 3000 cus
417 2957 476 3002 et
497 2952 666 3003 socius
696 2954 1040 3006 Romanorum
1073 2956 1370 3009 Armeniam

298 3026 495 3078 donum
518 3031 699 3095 populi
733 3034 883 3083 Rom.
916 3034 1216 3098 desereret3
1252 3038 1374 3102 quia

296 3120 493 3170 nempe
528 3106 766 3159 desertus
798 3108 902 3159 fuit
944 3126 978 3161 a
1016 3114 1186 3163 milite
1221 3115 1370 3165 Rom.

297 3184 390 3248 qui
425 3184 749 3235 abscedebat
783 3186 837 3236 in
860 3188 1282 3253 Cappadociam:
1316 3198 1373 3241 et

295 3260 398 3309 hoc
422 3276 625 3312 verum.

363 3336 474 3386 Sed
510 3337 760 3388 Mouesus
795 3340 1070 3404 Tigranem
1109 3342 1373 3392 obsessum

295 3413 640 3480 clausumque
658 3416 903 3479 babebat,
924 3418 1107 3468 aderat
1128 3420 1242 3483 ipse
1261 3435 1375 3479 rex,

297 3492 523 3555 urgebat
563 3506 630 3541 ex
671 3494 984 3559 propinquo,
1013 3496 1258 3558 juvabat,
1301 3497 1375 3545 in-

289 3567 496 3632 stabat,
518 3568 897 3636 ingruebatque
919 3579 1034 3621 tota
1054 3572 1369 3624 mole‘belli:

296 3659 400 3696 nec
423 3645 539 3696 siue
562 3646 859 3698 discrimine
892 3650 1082 3712 praelii,
1106 3656 1196 3699 aut
1217 3657 1373 3714 pacto

296 3721 631 3772 induciarum
675 3724 849 3789 aliquo
883 3726 1066 3789 repelli
1106 3734 1257 3778 tanta
1293 3729 1372 3779 vis

294 3801 498 3864 potuit.

364 3878 526 3931 Quod
546 3876 825 3928 discrimen
850 3877 1041 3928 subire.
1056 3880 1223 3931 noluit
1252 3882 1375 3932 Cor·-

290 3951 448 4017 bulo,
491 3954 689 4018 injussu
729 3956 970 4018 Caesaris,
997 3963 1053 4006 et
1088 3960 1178 4022 qui
1215 3960 1372 4010 alium

296 4032 510 4091 ducem,
532 4047 772 4098 novaque
795 4034 1042 4084 mandata
1074 4051 1105 4083 a
1137 4037 1374 4103 principe

294 4110 646 4175 expectabat,
671 4110 759 4175 qui
782 4126 924 4175 saepe
946 4113 1253 4164 metuendus
1273 4132 1374 4167 ma-

297 4186 379 4251 gis
400 4201 564 4251 quam
584 4186 772 4235 hostis.

366 4263 566 4314 Occulta
614 4263 854 4327 pepigisse
915 4265 1371 4332 incunctatam]

293 4341 421 4393 Siue
441 4342 641 4407 occulte,
662 4341 771 4392 sive
794 4342 951 4394 aliter
969 4344 1291 4413 pepigerint,
1311 4355 1373 4399 ut

1454 1955 1795 2014 sermonibus,
1850 1961 1904 2002 et
1959 1967 2025 2002 ex
2085 1950 2533 2015 interpretatione

1453 2032 1767 2095 prudentum
1793 2031 1939 2095 hujus
1964 2028 2080 2078 aevi.
2505 2026 2518 2101 ’1

1507 2109 1624 2158 Nec
1642 2108 1881 2170 auten-,ut
1901 2113 2046 2170 puto,
2063 2105 2128 2155 ad
2147 2105 2256 2169 ejus
2275 2103 2528 2168 cognitio-

1452 2197 1571 2232 nem
1616 2189 1930 2247 pervenerat
1976 2181 2193 2230 historia
2236 2180 2367 2230 haec.
2452 2179 2526 2229 Et

1453 2260 1577 2326 quia
1595 2261 1674 2309 hae
1698 2258 1908 2309 foederis
1944 2256 2268 2307 conditiones
2302 2255 2525 2309 occultae

1454 2343 1626 2400 erant,
1648 2345 1704 2385 et
1725 2341 2025 2386 manserunt
2055 2341 2296 2395 secretae,
2317 2348 2414 2383 nec
2438 2347 2530 2397 paq

1455 2415 1558 2463 lam
1594 2422 1708 2464 tum
1745 2414 2004 2476 evulgatas
2039 2416 2176 2472 suut,
2198 2411 2321 2474 quia
2359 2411 2529 2473 promi

1450 2491 1505 2541 in
1541 2492 1725 2556 vulgus
1749 2492 1890 2551 talia,
1922 2505 2019 2540 nec
2053 2488 2281 2552 Reipub.
2305 2493 2406 2550 est,
2428 2502 2528 2539 nec

1453 2568 1723 2633 principis.
1790 2567 2001 2616 Idcirco
2035 2580 2134 2615 nec
2157 2566 2315 2616 etiam
2341 2564 2419 2613 rei
2443 2578 2536 2614 ve«

1450 2646 1662 2696 ritatem
1696 2645 1956 2710 propalat,
2000 2650 2092 2694 aut
2130 2642 2258 2693 satis
2298 2639 2527 2692 affirmat

1445 2723 1682 2774 Tacitus.

1514 2802 1587 2852 Et
1608 2802 1769 2851 solum
1794 2800 2011 2863 exponit
2043 2797 2231 2848 famam
2264 2796 2528 2860 ambigue,

1451 2885 1511 2928 nt
1533 2878 1773 2942 ambigua
1806 2884 1940 2940 erat,
1961 2877 2292 2940 rationesque
2328 2875 2447 2925 hinc
2469 2882 2529 2925 et

1451 2956 1574 3006 inde
1621 2956 1885 3022 proponit,
1928 2954 2111 3020 quibus
2146 2953 2235 3002 olii
2266 2952 2355 3002 isti
2386 2951 2531 3001 evin-

1454 3041 1601 3097 cunt,
1623 3034 1832 3084 occulte
1866 3032 2087 3082 invicem
2117 3031 2244 3081 talia
2266 3030 2528 3095 pepigisse

1452 3112 1650 3175 Regem
1671 3118 1728 3161 et
1749 3109 2110 3161 Corbulonem.
2503 3115 2512 3130 ⁸

1518 3195 1542 3230 5
1569 3186 1823 3249 Tigranes]
1849 3187 2004 3235 Forte
2027 3186 2093 3234 de
2117 3186 2204 3252 illo
2228 3185 2356 3234 nihil
2379 3185 2527 3249 pepi-

1453 3270 1639 3326 gerant
1676 3276 1942 3325 expresse,
1987 3261 2078 3310 sed
2126 3258 2437 3310 sufficiebat·
2459 3261 2527 3310 ad

1453 3338 1601 3387 illum
1644 3337 2051 3398 destituendum,
2105 3335 2265 3385 fuisse
2321 3336 2527 3386 silentio

1453 3415 1808 3477 praeteritum:
1848 3421 1905 3462 et
1948 3415 2072 3462 satis
2119 3412 2279 3462 tacite
2325 3412 2391 3462 de
2433 3411 2525 3463 illo

1455 3490 1745 3541 abdicando
1788 3498 2144 3540 couvenerant
2181 3505 2274 3539 rex
2318 3496 2375 3539 et
2417 3490 2526 3540 dux

1448 3571 1736 3631 Romanus,
1757 3584 1873 3619 cum
1898 3569 2111 3619 daretur
2134 3568 2357 3618 facultas
2396 3570 2528 3619 Pan-

1455 3648 1546 3696 tho
1581 3645 1825 3696 mitteudi
1865 3646 2077 3694 Romam
2117 3646 2318 3710 legatos
2342 3646 2410 3694 de
2432 3659 2526 3709 pe·

1454 3725 1617 3775 tenda
1637 3724 1902 3774 Armenia.
1970 3726 2040 3773 Et
2073 3724 2206 3774 hand
2229 3724 2389 3774 dubie
2414 3733 2524 3774 tum

1452 3801 1703 3852 abscessit
1737 3799 1987 3850 Armenia
2017 3802 2286 3864 Tigranes,
2323 3816 2441 3852 cum
2474 3817 2529 3852 e·

1457 3880 1583 3929 tiam
1624 3878 1879 3927 abscessit
1930 3879 2174 3939 Parthus,
2228 3878 2354 3927 licet
2396 3877 2524 3928 nibil

1453 3963 1636 4020 aperte
1660 3954 1960 4019 pronuntiet
1978 3955 2204 4003 Tacitus.
2264 3956 2398 4004 Nam
2416 3968 2523 4004 cer-

1457 4043 1509 4083 te
1549 4040 1731 4099 postea
1763 4032 1906 4081 nulla
1947 4032 2144 4081 mentio
2185 4033 2423 4096 Tigranis
2467 4031 2524 4081 in

1453 4111 1691 4162 historia.

1514 4197 1539 4221 ⁸
1571 4184 1878 4247 Exercitum]
1921 4184 2182 4249 Intelligit
2218 4184 2345 4234 nulle
2381 4185 2527 4247 legio-

1451 4267 1632 4330 narios,
1670 4272 1727 4316 et
1762 4266 1864 4314 alas
1896 4262 2197 4326 canonesque
2215 4261 2525 4313 mnium-iuss

1453 4344 1602 4395 datas
1614 4343 1838 4408 primum
1853 4339 1971 4405 regi
1983 4337 2229 4404 Tigrani,
2255 4337 2375 4400 deii!
2394 4338 2524 4391 duas
