3063 4952
332 483 338 496 2
350 432 491 494 &roez
500 431 617 497 ω’]

1027 426 1442 479 ΑΝΝΑΒΙῙΙΜ
1468 430 1642 479 Lm.
1688 429 1866 483 XIII.

2301 385 2304 388 ’
2361 413 2562 485 ‘us-7

353 578 462 639 aut
518 574 669 657 quis
716 574 914 652 alim,
980 571 1228 657 Remp.
1296 574 1724 659 judicaturus
1746 572 1818 622 Ν
1851 627 1856 633 .
1885 575 2263 655 obtinuerit,
2318 577 2559 656 desunt

341 748 675 822 imperante:
710 756 767 804 at
788 750 832 801 si
856 750 1092 814 Plautus,
1111 756 1202 800 aut
1225 751 1337 817 quis
1360 753 1492 801 alius
1515 766 1689 802 rernm
1712 751 1910 816 potitus
1931 750 2116 816 fuerit,
2133 755 2191 803 de
2210 768 2283 802 me
2292 753 2562 817 judicatu·

1277 886 1634 906 OONOOOOOOOO

348 987 510 1040 tentia.
578 988 903 1038 Erotion—8
939 987 1154 1051 Optime
1177 992 1233 1036 et
1272 986 1337 1035 ad
1371 999 1480 1035 rem
1517 984 1735 1047 dictum,
1754 983 2072 1046 judicatum.
2136 986 2305 1036 Miror
2329 987 2558 1050 Lipsium

324 1060 329 1064 ’
350 1062 599 1116 tentasse,
622 1054 940 1115 judicatu-we,
975 1054 1072 1102 hoc
1118 1059 1217 1108 est,
1227 1052 1449 1113 judicia.-
1485 1050 1816 1115 Rodolphum
1861 1051 2180 1116 Agricolam,
2225 1054 2559 1130 rempublicam

350 1118 620 1168 invasurus.-
657 1119 895 1180 Grotium
945 1119 1134 1179 judicia
1176 1119 1472 1167 dictatum.-
1505 1116 1695 1167 Jannm
1756 1117 2107 1181 Rntgersinm,
2140 1116 2420 1168 Vennsmae
2458 1119 2563 1168 lec·

352 1179 533 1246 tiones,
555 1199 675 1247 cap.
710 1188 791 1234 31.
815 1185 1149 1247 rempublicam
1171 1183 1512 1232 vindicaturus.
1582 1182 1636 1230 Si
1661 1183 1825 1240 Nero,
1847 1183 1889 1231 si
1906 1183 2238 1232 Britannicus
2264 1198 2364 1233 uon
2400 1184 2564 1248 impeq

340 1258 545 1311 rarent,
568 1249 864 1314 Agrippina
885 1265 917 1298 a
938 1249 1137 1315 quovis,
1157 1249 1243 1314 qui
1269 1246 1637 1310 rempublicam
1661 1248 1993 1310 obtinuisset,
2004 1246 2287 1312 judicanda
2308 1255 2439 1311 erat,
2464 1264 2563 1299 nec

348 1313 678 1365 absolvenda.
745 1311 960 1365 Brotier.
1027 1313 1210 1364 Codex
1235 1328 1378 1363 meus
1401 1312 1649 1376 Rempube.
1680 1314 1951 1362 incasurus:
1984 1313 2073 1362 sed
2098 1316 2362 1379 vulgatam
2389 1320 2565 1365 tuetur

1348 1446 1559 1498 NOTAE

340 1567 585 1635 Tiberio,
611 1587 679 1622 ne
704 1572 949 1637 imperium
971 1573 1159 1636 habere,
1175 1589 1313 1637 quam
1335 1588 1418 1623 ex-

347 1658 532 1715 pectare
567 1652 734 1701 mallet
752 1668 771 1709 ,·
804 1658 863 1701 ut
888 1643 971 1701 ¹sic
1003 1650 1156 1700 rebus
1180 1650 1418 1713 turbidis,

352 1730 461 1793 ipsa
494 1728 611 1779 filia
663 1727 958 1778 Germanici
1003 1726 1237 1777 fautores
1280 1727 1421 1777 inve·

352 1799 485 1856 ni'ret
538 1820 651 1854 suae
708 1804 1009 1869 cupiditatis
1060 1804 1113 1852 in
1166 1805 1420 1853 alterutro

346 1881 472 1945 filio,
493 1888 550 1933 et
574 1880 860 1932 factionem
896 1897 1114 1947 surasque
1137 1889 1313 1946 partes
1333 1882 1421 1931 ha-

354 1958 515 2011 beret.

421 2038 588 2087 Vivere
624 2036 735 2100 ego]
802 2037 1006 2087 Cuncta
1026 2038 1139 2087 haec
1162 2038 1246 2087 vel
1275 2037 1422 2087 dicta

354 2114 502 2179 serie,
517 2114 610 2165 vel
624 2114 782 2164 etiam
802 2116 972 2165 omnia
987 2116 1182 2182 ironice
1201 2130 1424 2180 pronun·

354 2190 476 2241 tiata
513 2196 673 2254 sunt3
711 2195 801 2240 aut
843 2190 980 2241 forte
1025 2192 1159 2242 serio
1192 2193 1422 2257 loquitur

355 2268 461 2333 ipsa
483 2285 608 2320 cum
648 2270 715 2319 de
752 2270 1096 2320 dominatione
1125 2270 1428 2335 Britannici,

354 2354 406 2397 et
427 2336 591 2398 etiam
617 2348 752 2399 serio
791 2348 928 2397 ridet
954 2348 1263 2414 deridetqne
1285 2348 1425 2398 dela·

353 2431 508 2491 tores,
567 2441 689 2476 cum
734 2426 799 2475 de
848 2425 1067 2490 imperio
1115 2426 1290 2476 Plauti
1335 2432 1426 2478 aut

356 2503 483 2553 alius
507 2502 604 2569 qni
629 2517 801 2552 rerum
824 2503 1101 2566 potiretur.

415 2581 611 2647 Itaque
648 2581 732 2629 vel
774 2580 968 2630 ironice
1016 2580 1097 2629 vel
1137 2578 1273 2629 serio
1312 2580 1423 2630 baec

353 2656 664 2724 Agrippinas
710 2655 874 2708 dicta.
959 2657 1012 2707 Si
1068 2657 1279 2719 ironice,
1327 2659 1424 2709 hoc

322 2750 329 2753 ·
351 2732 501 2786 sensu
527 2752 596 2786 ea
617 2735 823 2801 capies:
867 2732 1036 2786 Vivere
1069 2751 1153 2797 ego
1176 2736 1427 2785 Britanni·

353 2828 403 2861 eo
416 2814 636 2877 potiente
657 2827 813 2861 rerum
830 2816 1063 2876 poteram,
1082 2811 1320 2875 inquiunt
1341 2811 1426 2860 de-

355 2889 543 2940 latores
568 2889 695 2951 mei,
732 2890 868 2954 quia,
910 2896 967 2938 nt
1001 2888 1123 2936 mihi
1160 2887 1428 2953 objiciunt,

355 2974 576 3016 mortem
599 2964 734 3014 illius
754 2980 1066 3029 magnopere
1090 2962 1228 3015 flevi.
1268 2965 1427 3017 Quasi

355 3043 531 3091 verol‘
564 3042 639 3091 At
681 3042 724 3090 ei
768 3041 990 3104 ΡΙαιιιιιε,
1030 3046 1114 3089 aut
1159 3040 1264 3105 quis
1304 3041 1429 3090 alias

359 3120 590 3187 Rempub.
630 3120 697 3170 de
722 3135 803 3177 me
829 3119 1134 3181 ,iudicaturus
1154 3120 1428 3183 obtinuerit,

359 3207 465 3249 tum
486 3198 660 3249 desunt
681 3198 860 3248 scilicet
882 3202 1189 3262 accusatores,
1206 3199 1289 3261 qui
1310 3198 1428 3247 mihi

358 3293 449 3328 non
479 3279 642 3340 verba,
665 3274 744 3341 &a
783 3278 865 3326 sed
886 3292 942 3327 ea
960 3278 1163 3327 crimina
1182 3276 1426 3338 objiciant,

359 3355 521 3418 quibus
560 3355 658 3405 nisi
701 3370 731 3404 a
766 3353 881 3421 fiIio
924 3358 1077 3404 mater
1117 3354 1295 3405 absolvi
1337 3369 1429 3404 noa

356 3434 547 3495 possim.

420 3511 477 3559 Si
499 3510 658 3573 serio,
681 3525 747 3560 ne
784 3510 1012 3559 irrisorie
1035 3510 1178 3559 dicta
1198 3511 1331 3573 haec,
1355 3511 1427 3561 sic

362 3588 533 3651 capies
549 3588 760 3638 :Vivere
775 3587 1180 3651 egoBritannico
1192 3587 1428 3652 principe

363 3671 615 3728 poteram,
639 3664 761 3730 quia
804 3679 868 3714 eo
904 3679 1025 3714 casu
1069 3665 1316 3714 innocens
1351 3663 1425 3720 fof

365 3757 491 3806 rem,
533 3747 786 3808 quatenus
827 3743 891 3790 ad
935 3741 1100 3804 ipsum
1125 3748 1426 3806 spectaret:

340 3818 480 3882 ''Vel,
496 3820 676 3869 vivere
692 3816 790 3883 'ego
810 3818 1117 3869 Britannico
1131 3819 1431 3870 dominante

364 3894 635 3960 poteram3
668 3897 792 3962 quia
815 3911 881 3945 ex
911 3896 1183 3960 hypothesi
1208 3896 1432 3961 recepis-

364 3972 444 4025 'set
476 3976 774 4041 imperium,
797 3974 934 4040 quod
965 3975 1029 4024 ad
1071 3976 1238 4040 ipsum
1274 3975 1433 4039 perti-

365 4048 550 4115 ‘nebat3
587 4058 680 4103 aut
720 4053 902 4103 saltem
948 4068 1159 4104 consors
1204 4051 1434 4102 domina-

367 4129 520 4187 tionis
562 4136 720 4197 esset,
755 4145 871 4182 cum
914 4130 1013 4197 spe,
1045 4129 1284 4194 proxima
1317 4145 1433 4179 eam

371 4207 706 4274 adipiscendi.

354 4288 357 4289 ’
435 4283 509 4335 At
531 4282 733 4350 contra,
763 4288 807 4336 si
844 4288 1061 4351 Plautus,
1083 4294 1166 4338 aut
1188 4287 1292 4352 quis
1311 4287 1436 4339 alius

348 4366 351 4369 '
370 4356 609 4430 'acapna'
622 4364 931 4428 judicaturus
946 4362 1436 4433 'obtinueritfdesunt

1476 1573 1483 1580 '
1498 1570 1701 1621 scilicet
1715 1576 2061 1633 accusatores,
2072 1570 2153 1633 qui
2169 1569 2287 1619 mihi
2302 1585 2394 1619 non
2408 1570 2569 1634 verba,

1499 1652 1581 1712 ᾅτ.
1624 1651 1707 1698 sed
1745 1664 1800 1698 ea
1835 1648 2037 1697 crimina
2074 1647 2341 1709 objiciant3
2378 1663 2568 1712 nempe

1501 1725 1776 1784 adulteria,
1794 1724 2063 1789 veneficia,
2079 1724 2249 1774 caedes
2264 1724 2571 1789 Silanorum,

1502 1809 1557 1853 et
1593 1803 1694 1852 alia
1715 1801 1933 1867 flagitia,
1959 1802 2140 1867 quibus
2164 1817 2265 1851 non
2287 1801 2384 1851 nisi
2408 1817 2438 1852 a
2459 1801 2569 1852 filio

1501 1888 1670 1930 mater
1696 1881 1892 1930 absolvi
1919 1880 2127 1942 possim.

1566 1958 1637 2007 Et
1681 1963 1808 2022 puto
1850 1956 2271 2021 distinguendum
2318 1955 2568 2008 esse-hoc

1501 2037 1638 2098 loco,
1664 2051 1850 2101 nempe
1868 2038 1943 2087 ita
1965 2037 2152 2099 utilia,
2174 2038 2328 2086 virere
2344 2051 2431 2106 ego
2451 2035 2571 2085 Bri·

1502 2116 1689 2165 tannico
1706 2116 1915 2179 potiente
1932 2130 2089 2166 reram
2105 2121 2339 2179 poteram,
2360 2113 2493 2164 serio
2516 2118 2573 2163 et

1505 2209 1569 2242 ex
1590 2194 1758 2243 animo
1782 2193 1927 2243 dicta
1942 2194 2044 2243 sint
2067 2193 2131 2242 ab
2154 2191 2480 2257 Agrippina3
2515 2197 2573 2241 at:

1503 2288 1630 2323 vero
1669 2273 1943 2339 sequentia
1976 2272 2042 2322 de
2066 2273 2257 2322 Plauto
2290 2272 2482 2322 ironice
2518 2275 2575 2324 et

1504 2349 1734 2399 irrisorie
1747 2349 1895 2413 jacta
1914 2348 2018 2397 siut
2041 2347 2288 2397 adversus
2312 2346 2469 2397 falsos
2488 2346 2578 2395 de-

1504 2426 1717 2475 latores.
2461 2467 2464 2468 a

1573 2505 1689 2554 Nec
1727 2508 1871 2553 certe
1909 2502 2084 2566 potuit
2127 2501 2340 2551 diffiteri
2388 2500 2575 2567 Agrip-

1505 2584 1646 2648 pina,
1671 2574 1725 2632 se
1749 2581 2070 2631 desiderasse
2108 2581 2471 2631 Britannicum
2497 2596 2575 2631 se-

1505 2661 1583 2709 rio
1607 2666 1661 2709 et
1680 2675 1744 2709 ex
1766 2659 1954 2721 animo,
1973 2673 2300 2723 quocumque
2319 2666 2439 2707 voto
2487 2650 2580 2707 aut

1507 2737 1717 2787 consilio
1742 2736 2074 2800 desiderarit,
2113 2735 2270 2800 idque
2302 2734 2375 2784 illi
2401 2734 2578 2799 objec-

1507 2823 1618 2865 tum
1643 2830 1765 2865 vere
1790 2821 1955 2879 patet,
1979 2829 2043 2863 ex
2065 2814 2252 2863 Tacito
2274 2826 2428 2875 snpra
2452 2811 2495 2860 :‘
2512 2809 2579 2869 Id

1509 2892 1670 2942 solum
1696 2892 1788 2941 sibi
1820 2898 1877 2941 et
1899 2892 2017 2941 Diis
2043 2891 2321 2956 provisum,
2347 2888 2482 2957 quod
2506 2888 2578 2939 vi·

1510 2977 1656 3019 veret
1681 2968 1985 3034 privignus!
2566 2961 2570 2967 ’

1575 3048 1784 3114 Itaque,
1820 3056 1878 3098 ut
1915 3056 2062 3113 puto,
2093 3048 2289 3113 pariter
2309 3046 2442 3097 serio
2479 3045 2579 3099 hoc

1508 3128 1623 3176 loco
1651 3133 1825 3177 nostro
1865 3127 2040 3176 locuta
2078 3132 2160 3176 est
2183 3125 2473 3190 Agrippina
2513 3123 2580 3172 de

1510 3203 1850 3264 Britannic03
1888 3202 2119 3268 quamvis
2152 3202 2327 3251 statim
2360 3200 2584 3250 irrideat

1507 3281 1623 3345 ipsa
1645 3281 1926 3342 delatores,
1961 3279 2050 3330 ubi
2091 3280 2155 3329 de
2187 3281 2396 3329 Plauto.
2464 3277 2581 3328 Nec

1511 3357 1602 3408 abs
1638 3372 1712 3421 re,
1734 3358 1856 3422 quia
1885 3355 2159 3406 falsissima
2184 3355 2275 3404 illa
2298 3353 2582 3416 accusatio,

1510 3442 1565 3486 et
1579 3436 1843 3486 cerebello
1858 3434 2054 3484 aemulae
2074 3432 2298 3483 mulieris
2310 3428 2585 3496 fabricata,

1513 3517 1569 3562 et
1594 3527 1712 3577 quoe
1735 3511 1908 3575 seipsa
1930 3509 2244 3560 vanescebat
2267 3510 2419 3558 ultro.

1593 3593 1780 3656 Neque
1832 3590 1992 3640 etiam
2042 3589 2300 3654 cogitarat
2356 3601 2582 3653 unquam

1510 3669 1803 3736 Agrippina
1868 3669 1935 3718 de
1980 3669 2172 3719 Plauto
2215 3670 2430 3734 juvene,
2459 3663 2584 3723 'nec

1511 3747 1625 3812 ipse
1671 3747 1926 3809 invicem3
1960 3748 2192 3811 quamvis
2233 3753 2419 3811 postea
2448 3759 2584 3807 vana

1511 3822 1652 3874 fama
1698 3829 1754 3873 et
1793 3816 1931 3877 malo
1970 3824 2079 3874 fato
2126 3840 2218 3877 suo
2254 3829 2585 3888 suspectatus

1515 3901 1586 3951 sit
1608 3900 1728 3963 iue;
1761 3901 1851 3950 sed
1896 3901 2014 3950 huic
2052 3900 2335 3964 suspicioni
2368 3900 2589 3949 nullate·

1514 3993 1614 4027 nus
1643 3975 1807 4027 affinis
1848 3976 2160 4043 Agrippina.
2230 3976 2305 4027 At
2327 3977 2591 4026 desidera-

1514 4055 1593 4105 vit
1631 4053 1930 4119 Agrippina
1970 4070 2092 4105 vere
2134 4063 2192 4105 et
2231 4055 2366 4104 serio
2408 4052 2587 4107 vivere

1514 4132 1899 4192 Britannicum,
1918 4131 2057 4182 forte
2082 4139 2136 4182 et
2172 4133 2445 4198 imperare,
2477 4131 2587 4182 vin·

1513 4208 1673 4259 dictae
1720 4208 1984 4273 cupidine,
2028 4209 2146 4258 loco
2201 4210 2326 4258 saevi
2375 4208 2589 4273 ingrati·

1514 4301 1617 4352 que
1660 4286 1905 4348 Neronis,
1940 4285 2025 4352 qui
2067 4282 2277 4336 tandem
2312 4285 2590 4350 parricidio

1512 4364 1699 4418 'matris
1716 4364 1953 4432 praelusit
1965 4364 2130 4418 exitio
2145 4365 2351 4431 imperii
2366 4372 2421 4416 et
2433 4364 2584 4422 orbis.
