<?xml version="1.0" encoding="UTF-8"?>
<!DOCTYPE html PUBLIC "-//W3C//DTD XHTML 1.0 Transitional//EN"
    "http://www.w3.org/TR/xhtml1/DTD/xhtml1-transitional.dtd">
<html xmlns="http://www.w3.org/1999/xhtml" xml:lang="en" lang="en">
 <head>
  <title>
</title>
<meta http-equiv="Content-Type" content="text/html;charset=utf-8" />
  <meta name='ocr-system' content='tesseract 3.04.00' />
  <meta name='ocr-capabilities' content='ocr_page ocr_carea ocr_par ocr_line ocrx_word'/>
</head>
<body>
  <div class='ocr_page' id='page_1' title='image "./operaomniavolum00tacigoog_0034.png"; bbox 0 0 3063 4952; ppageno 0'>
   <div class='ocr_carea' id='block_1_1' title="bbox 290 4416 347 4470">
    <p class='ocr_par' dir='ltr' id='par_1_1' title="bbox 290 4416 347 4470">
     <span class='ocr_line' id='line_1_1' title="bbox 290 4416 347 4470; baseline -0.053 0"><span class='ocrx_word' id='word_1_1' title='bbox 290 4416 319 4470; x_wconf 52' lang='grc' dir='ltr'>Ἀ.</span> <span class='ocrx_word' id='word_1_2' title='bbox 341 4462 347 4467; x_wconf 90' lang='grc'>.</span> 
     </span>
    </p>
   </div>
   <div class='ocr_carea' id='block_1_2' title="bbox 406 865 1114 941">
    <p class='ocr_par' dir='ltr' id='par_1_2' title="bbox 406 865 1114 941">
     <span class='ocr_line' id='line_1_2' title="bbox 406 865 1114 941; baseline 0 -12"><span class='ocrx_word' id='word_1_3' title='bbox 406 935 412 941; x_wconf 54' lang='grc'>,</span> <span class='ocrx_word' id='word_1_4' title='bbox 457 865 844 937; x_wconf 70' lang='lat' dir='ltr'>necessitas‘</span> <span class='ocrx_word' id='word_1_5' title='bbox 901 867 1114 932; x_wconf 66' lang='lat' dir='ltr'>esset?</span> 
     </span>
    </p>
   </div>
   <div class='ocr_carea' id='block_1_3' title="bbox 462 385 1281 625">
    <p class='ocr_par' dir='ltr' id='par_1_3' title="bbox 462 385 1281 625">
     <span class='ocr_line' id='line_1_3' title="bbox 462 385 635 457; baseline 0.012 -2"><span class='ocrx_word' id='word_1_6' title='bbox 462 385 635 457; x_wconf 77' lang='lat'>1403</span> 
     </span>
     <span class='ocr_line' id='line_1_4' title="bbox 546 554 1281 625; baseline 0.01 -7"><span class='ocrx_word' id='word_1_7' title='bbox 546 555 613 619; x_wconf 87' lang='lat'>5.</span> <span class='ocrx_word' id='word_1_8' title='bbox 663 554 811 620; x_wconf 89' lang='lat' dir='ltr'>Nec</span> <span class='ocrx_word' id='word_1_9' title='bbox 858 555 1065 622; x_wconf 84' lang='lat' dir='ltr'>defuit</span> <span class='ocrx_word' id='word_1_10' title='bbox 1093 557 1281 625; x_wconf 80' lang='lat' dir='ltr'>fides,</span> 
     </span>
    </p>
   </div>
   <div class='ocr_carea' id='block_1_4' title="bbox 1178 408 2002 465">
    <p class='ocr_par' dir='ltr' id='par_1_4' title="bbox 1178 408 2002 465">
     <span class='ocr_line' id='line_1_5' title="bbox 1178 408 2002 465; baseline 0.008 -6"><span class='ocrx_word' id='word_1_11' title='bbox 1178 413 1243 460; x_wconf 63' lang='grc' dir='ltr'>θ’.</span> <span class='ocrx_word' id='word_1_12' title='bbox 1290 408 1661 461; x_wconf 79' lang='lat' dir='ltr'>CORNELII</span> <span class='ocrx_word' id='word_1_13' title='bbox 1709 408 2002 465; x_wconf 73' lang='lat' dir='ltr'>TAci&#39;rt‘</span> 
     </span>
    </p>
   </div>
   <div class='ocr_carea' id='block_1_5' title="bbox 2356 419 2684 490">
    <p class='ocr_par' dir='ltr' id='par_1_5' title="bbox 2356 419 2684 490">
     <span class='ocr_line' id='line_1_6' title="bbox 2356 419 2684 490; baseline 0.006 -13"><span class='ocrx_word' id='word_1_14' title='bbox 2356 419 2452 490; x_wconf 67' lang='grc' dir='ltr'>[ΑΖ</span> <span class='ocrx_word' id='word_1_15' title='bbox 2477 425 2542 478; x_wconf 72' lang='lat' dir='ltr'>n.</span> <span class='ocrx_word' id='word_1_16' title='bbox 2566 430 2684 479; x_wconf 80' lang='lat' dir='ltr'>sos.</span> 
     </span>
    </p>
   </div>
   <div class='ocr_carea' id='block_1_6' title="bbox 1374 559 2692 646">
    <p class='ocr_par' dir='ltr' id='par_1_6' title="bbox 1374 559 2692 646">
     <span class='ocr_line' id='line_1_7' title="bbox 1374 559 2692 646; baseline 0.011 -22"><span class='ocrx_word' id='word_1_17' title='bbox 1374 559 1725 646; x_wconf 83' lang='lat' dir='ltr'>Multaque</span> <span class='ocrx_word' id='word_1_18' title='bbox 1774 565 2043 631; x_wconf 85' lang='lat' dir='ltr'>arbitrio</span> <span class='ocrx_word' id='word_1_19' title='bbox 2095 566 2379 634; x_wconf 86' lang='lat' dir='ltr'>Senatus</span> <span class='ocrx_word' id='word_1_20' title='bbox 2427 572 2692 639; x_wconf 76' lang='lat' dir='ltr'>consti-.-</span> 
     </span>
    </p>
   </div>
   <div class='ocr_carea' id='block_1_7' title="bbox 458 658 2679 863">
    <p class='ocr_par' dir='ltr' id='par_1_7' title="bbox 458 658 2679 863">
     <span class='ocr_line' id='line_1_8' title="bbox 458 658 2678 745; baseline 0.007 -22"><span class='ocrx_word' id='word_1_21' title='bbox 458 662 606 724; x_wconf 84' lang='lat' dir='ltr'>tuta</span> <span class='ocrx_word' id='word_1_22' title='bbox 636 664 812 723; x_wconf 87' lang='lat' dir='ltr'>sunt:</span> <span class='ocrx_word' id='word_1_23' title='bbox 847 662 868 692; x_wconf 88' lang='lat'><em>‘</em></span> <span class='ocrx_word' id='word_1_24' title='bbox 891 658 999 723; x_wconf 93' lang='lat' dir='ltr'>Ne</span> <span class='ocrx_word' id='word_1_25' title='bbox 1029 662 1183 745; x_wconf 90' lang='lat' dir='ltr'>quis</span> <span class='ocrx_word' id='word_1_26' title='bbox 1213 662 1299 729; x_wconf 87' lang='lat' dir='ltr'>ad</span> <span class='ocrx_word' id='word_1_27' title='bbox 1330 684 1607 729; x_wconf 86' lang='lat' dir='ltr'>causam</span> <span class='ocrx_word' id='word_1_28' title='bbox 1638 661 1977 733; x_wconf 80' lang='lat' dir='ltr'>orandam³</span> <span class='ocrx_word' id='word_1_29' title='bbox 2003 672 2306 738; x_wconf 82' lang='lat' dir='ltr'>mercede</span> <span class='ocrx_word' id='word_1_30' title='bbox 2337 679 2455 737; x_wconf 84' lang='lat' dir='ltr'>aut</span> <span class='ocrx_word' id='word_1_31' title='bbox 2483 674 2678 739; x_wconf 87' lang='lat' dir='ltr'>donis</span> 
     </span>
     <span class='ocr_line' id='line_1_9' title="bbox 459 751 2679 863; baseline 0.008 -39"><span class='ocrx_word' id='word_1_32' title='bbox 459 751 816 827; x_wconf 85' lang='lat' dir='ltr'>emeretur:</span> <span class='ocrx_word' id='word_1_33' title='bbox 884 783 968 827; x_wconf 90' lang='lat' dir='ltr'>ne</span> <span class='ocrx_word' id='word_1_34' title='bbox 1023 764 1390 849; x_wconf 85' lang='lat' dir='ltr'>designatis</span> <span class='ocrx_word' id='word_1_35' title='bbox 1450 767 1923 847; x_wconf 83' lang='lat' dir='ltr'>Quaestoribus</span> <span class='ocrx_word' id='word_1_36' title='bbox 1981 773 2230 863; x_wconf 65' lang='lat' dir='ltr'>edendi¹</span> <span class='ocrx_word' id='word_1_37' title='bbox 2274 776 2679 858; x_wconf 79' lang='lat' dir='ltr'>gladiatores</span> 
     </span>
    </p>
   </div>
   <div class='ocr_carea' id='block_1_8' title="bbox 1231 867 2675 969">
    <p class='ocr_par' dir='ltr' id='par_1_8' title="bbox 1231 867 2675 969">
     <span class='ocr_line' id='line_1_10' title="bbox 1231 867 2675 969; baseline 0.01 -38"><span class='ocrx_word' id='word_1_38' title='bbox 1231 867 1436 948; x_wconf 86' lang='lat' dir='ltr'>Quod</span> <span class='ocrx_word' id='word_1_39' title='bbox 1495 872 1763 956; x_wconf 88' lang='lat' dir='ltr'>quidem</span> <span class='ocrx_word' id='word_1_40' title='bbox 1819 868 2213 942; x_wconf 64' lang='lat' dir='ltr'>&#39;adversante</span> <span class='ocrx_word' id='word_1_41' title='bbox 2271 876 2675 969; x_wconf 81' lang='lat' dir='ltr'>Agrippina,</span> 
     </span>
    </p>
   </div>
   <div class='ocr_carea' id='block_1_9' title="bbox 454 1054 2679 1278">
    <p class='ocr_par' dir='ltr' id='par_1_9' title="bbox 454 1054 2679 1278">
     <span class='ocr_line' id='line_1_11' title="bbox 472 1054 2676 1145; baseline 0.006 -29"><span class='ocrx_word' id='word_1_42' title='bbox 472 1102 483 1109; x_wconf 58' lang='lat'>.</span> <span class='ocrx_word' id='word_1_43' title='bbox 520 1065 687 1132; x_wconf 78' lang='lat' dir='ltr'>Neque</span> <span class='ocrx_word' id='word_1_44' title='bbox 692 1069 845 1133; x_wconf 85' lang='lat' dir='ltr'>fidem</span> <span class='ocrx_word' id='word_1_45' title='bbox 855 1069 1070 1132; x_wconf 81' lang='lat' dir='ltr'>fefellit.-</span> <span class='ocrx_word' id='word_1_46' title='bbox 1104 1073 1396 1137; x_wconf 77' lang='lat' dir='ltr'>plurimaque</span> <span class='ocrx_word' id='word_1_47' title='bbox 1416 1075 1701 1127; x_wconf 76' lang='lat' dir='ltr'>auctoritate</span> <span class='ocrx_word' id='word_1_48' title='bbox 1726 1074 1929 1127; x_wconf 71' lang='lat' dir='ltr'>Petrum</span> <span class='ocrx_word' id='word_1_49' title='bbox 1949 1079 2137 1128; x_wconf 81' lang='lat' dir='ltr'>decreta</span> <span class='ocrx_word' id='word_1_50' title='bbox 2169 1085 2307 1128; x_wconf 70' lang='lat' dir='ltr'>sunt:</span> <span class='ocrx_word' id='word_1_51' title='bbox 2345 1081 2436 1129; x_wconf 50' lang='lat' dir='ltr'>Nc·¹</span> <span class='ocrx_word' id='word_1_52' title='bbox 2452 1054 2564 1144; x_wconf 82' lang='lat' dir='ltr'>quis</span> <span class='ocrx_word' id='word_1_53' title='bbox 2583 1071 2676 1145; x_wconf 53' lang='lat' dir='ltr'>‘pe-</span> 
     </span>
     <span class='ocr_line' id='line_1_12' title="bbox 454 1133 2676 1210; baseline 0.007 -29"><span class='ocrx_word' id='word_1_54' title='bbox 454 1133 678 1197; x_wconf 87' lang='lat' dir='ltr'>cuniam,</span> <span class='ocrx_word' id='word_1_55' title='bbox 691 1143 782 1184; x_wconf 90' lang='lat' dir='ltr'>aut</span> <span class='ocrx_word' id='word_1_56' title='bbox 797 1152 981 1186; x_wconf 87' lang='lat' dir='ltr'>munus</span> <span class='ocrx_word' id='word_1_57' title='bbox 998 1146 1225 1188; x_wconf 79' lang='lat' dir='ltr'>sumeret</span> <span class='ocrx_word' id='word_1_58' title='bbox 1238 1139 1302 1188; x_wconf 84' lang='lat' dir='ltr'>a&#39;d</span> <span class='ocrx_word' id='word_1_59' title='bbox 1323 1142 1466 1189; x_wconf 82' lang='lat' dir='ltr'>litem</span> <span class='ocrx_word' id='word_1_60' title='bbox 1491 1142 1735 1190; x_wconf 84' lang='lat' dir='ltr'>tuendam</span> <span class='ocrx_word' id='word_1_61' title='bbox 1754 1159 1766 1202; x_wconf 91' lang='lat'>;</span> <span class='ocrx_word' id='word_1_62' title='bbox 1802 1148 1849 1192; x_wconf 80' lang='lat' dir='ltr'>et</span> <span class='ocrx_word' id='word_1_63' title='bbox 1869 1145 2023 1192; x_wconf 81' lang='lat' dir='ltr'>etiam</span> <span class='ocrx_word' id='word_1_64' title='bbox 2043 1159 2106 1192; x_wconf 90' lang='lat' dir='ltr'>ne</span> <span class='ocrx_word' id='word_1_65' title='bbox 2123 1144 2368 1194; x_wconf 86' lang='lat' dir='ltr'>destinati</span> <span class='ocrx_word' id='word_1_66' title='bbox 2392 1152 2676 1210; x_wconf 76' lang='lat' dir='ltr'>quaestores</span> 
     </span>
     <span class='ocr_line' id='line_1_13' title="bbox 455 1200 2679 1278; baseline 0.007 -31"><span class='ocrx_word' id='word_1_67' title='bbox 455 1200 808 1263; x_wconf 72' lang='lat' dir='ltr'>spectaculum</span> <span class='ocrx_word' id='word_1_68' title='bbox 833 1203 1178 1267; x_wconf 82' lang='lat' dir='ltr'>gladiatorum</span> <span class='ocrx_word' id='word_1_69' title='bbox 1202 1205 1449 1255; x_wconf 84' lang='lat' dir='ltr'>exhibere</span> <span class='ocrx_word' id='word_1_70' title='bbox 1474 1214 1797 1257; x_wconf 87' lang='lat' dir='ltr'>tenerentur.</span> <span class='ocrx_word' id='word_1_71' title='bbox 1857 1209 1995 1266; x_wconf 76' lang='lat' dir='ltr'>Quod</span> <span class='ocrx_word' id='word_1_72' title='bbox 2018 1211 2203 1273; x_wconf 76' lang='lat' dir='ltr'>quidem</span> <span class='ocrx_word' id='word_1_73' title='bbox 2216 1211 2423 1275; x_wconf 83' lang='lat' dir='ltr'>pervicit</span> <span class='ocrx_word' id='word_1_74' title='bbox 2447 1211 2679 1278; x_wconf 80' lang='lat' dir='ltr'>Senatus,</span> 
     </span>
    </p>
   </div>
   <div class='ocr_carea' id='block_1_10' title="bbox 1456 1353 1671 1407">
    <p class='ocr_par' dir='ltr' id='par_1_10' title="bbox 1456 1353 1671 1407">
     <span class='ocr_line' id='line_1_14' title="bbox 1456 1353 1671 1407; baseline 0.019 -4"><span class='ocrx_word' id='word_1_75' title='bbox 1456 1353 1671 1407; x_wconf 83' lang='lat' dir='ltr'>NOTAE</span> 
     </span>
    </p>
   </div>
   <div class='ocr_carea' id='block_1_11' title="bbox 441 1444 1529 3065">
    <p class='ocr_par' dir='ltr' id='par_1_11' title="bbox 451 1444 1527 1746">
     <span class='ocr_line' id='line_1_15' title="bbox 520 1444 1527 1517; baseline 0.01 -24"><span class='ocrx_word' id='word_1_76' title='bbox 520 1444 621 1494; x_wconf 90' lang='lat' dir='ltr'>Sed</span> <span class='ocrx_word' id='word_1_77' title='bbox 649 1459 746 1495; x_wconf 89' lang='lat' dir='ltr'>nec</span> <span class='ocrx_word' id='word_1_78' title='bbox 769 1446 835 1496; x_wconf 88' lang='lat' dir='ltr'>ab</span> <span class='ocrx_word' id='word_1_79' title='bbox 856 1448 957 1497; x_wconf 89' lang='lat' dir='ltr'>alia</span> <span class='ocrx_word' id='word_1_80' title='bbox 979 1463 1136 1500; x_wconf 86' lang='lat' dir='ltr'>causa</span> <span class='ocrx_word' id='word_1_81' title='bbox 1160 1453 1390 1517; x_wconf 66' lang='lat' dir='ltr'>evenisse</span> <span class='ocrx_word' id='word_1_82' title='bbox 1416 1468 1527 1503; x_wconf 89' lang='lat' dir='ltr'>cre-</span> 
     </span>
     <span class='ocr_line' id='line_1_16' title="bbox 453 1519 1524 1594; baseline 0.01 -24"><span class='ocrx_word' id='word_1_83' title='bbox 453 1519 694 1584; x_wconf 88' lang='lat' dir='ltr'>diderim,</span> <span class='ocrx_word' id='word_1_84' title='bbox 716 1524 853 1587; x_wconf 88' lang='lat' dir='ltr'>quod</span> <span class='ocrx_word' id='word_1_85' title='bbox 877 1525 1078 1574; x_wconf 84' lang='lat' dir='ltr'>Claudii</span> <span class='ocrx_word' id='word_1_86' title='bbox 1097 1528 1262 1577; x_wconf 89' lang='lat' dir='ltr'>oratio</span> <span class='ocrx_word' id='word_1_87' title='bbox 1283 1530 1524 1594; x_wconf 88' lang='lat' dir='ltr'>Lugduni</span> 
     </span>
     <span class='ocr_line' id='line_1_17' title="bbox 451 1604 1524 1665; baseline 0.013 -18"><span class='ocrx_word' id='word_1_88' title='bbox 451 1605 629 1649; x_wconf 90' lang='lat' dir='ltr'>nostro</span> <span class='ocrx_word' id='word_1_89' title='bbox 669 1615 781 1650; x_wconf 81' lang='lat' dir='ltr'>aevo</span> <span class='ocrx_word' id='word_1_90' title='bbox 822 1609 1034 1665; x_wconf 86' lang='lat' dir='ltr'>reperta</span> <span class='ocrx_word' id='word_1_91' title='bbox 1069 1604 1124 1654; x_wconf 91' lang='lat' dir='ltr'>in</span> <span class='ocrx_word' id='word_1_92' title='bbox 1165 1607 1346 1657; x_wconf 88' lang='lat' dir='ltr'>tabula</span> <span class='ocrx_word' id='word_1_93' title='bbox 1389 1610 1524 1663; x_wconf 76' lang='lat' dir='ltr'>aeris.</span> 
     </span>
     <span class='ocr_line' id='line_1_18' title="bbox 453 1677 1459 1746; baseline 0.01 -18"><span class='ocrx_word' id='word_1_94' title='bbox 453 1677 665 1740; x_wconf 79' lang='lat' dir='ltr'>Lipsius.</span> <span class='ocrx_word' id='word_1_95' title='bbox 1453 1738 1459 1746; x_wconf 73' lang='grc'><strong><em>,</em></strong></span> 
     </span>
    </p>

    <p class='ocr_par' dir='ltr' id='par_1_12' title="bbox 446 1755 1529 2604">
     <span class='ocr_line' id='line_1_19' title="bbox 514 1755 1519 1821; baseline 0.011 -18"><span class='ocrx_word' id='word_1_96' title='bbox 514 1761 535 1786; x_wconf 80' lang='grc'>“’</span> <span class='ocrx_word' id='word_1_97' title='bbox 567 1755 632 1806; x_wconf 82' lang='lat' dir='ltr'>Se</span> <span class='ocrx_word' id='word_1_98' title='bbox 674 1757 914 1807; x_wconf 77' lang='lat' dir='ltr'>mandatis</span> <span class='ocrx_word' id='word_1_99' title='bbox 957 1759 1242 1810; x_wconf 74' lang='lat' dir='ltr'>exercitibus</span> <span class='ocrx_word' id='word_1_100' title='bbox 1287 1766 1519 1821; x_wconf 63' lang='lat' dir='ltr'>con-sidtu-</span> 
     </span>
     <span class='ocr_line' id='line_1_20' title="bbox 447 1833 1522 1902; baseline 0.01 -23"><span class='ocrx_word' id='word_1_101' title='bbox 447 1834 580 1897; x_wconf 59' lang='grc' dir='ltr'><strong><em>ωιτη]</em></strong></span> <span class='ocrx_word' id='word_1_102' title='bbox 645 1833 954 1884; x_wconf 83' lang='lat' dir='ltr'>Provincias</span> <span class='ocrx_word' id='word_1_103' title='bbox 978 1850 1093 1886; x_wconf 91' lang='lat' dir='ltr'>cum</span> <span class='ocrx_word' id='word_1_104' title='bbox 1119 1839 1312 1902; x_wconf 87' lang='lat' dir='ltr'>populo</span> <span class='ocrx_word' id='word_1_105' title='bbox 1335 1839 1522 1890; x_wconf 87' lang='lat' dir='ltr'>divise-</span> 
     </span>
     <span class='ocr_line' id='line_1_21' title="bbox 451 1908 1523 1978; baseline 0.009 -20"><span class='ocrx_word' id='word_1_106' title='bbox 451 1916 535 1960; x_wconf 86' lang='lat' dir='ltr'>rat</span> <span class='ocrx_word' id='word_1_107' title='bbox 572 1908 854 1974; x_wconf 84' lang='lat' dir='ltr'>Augustus,</span> <span class='ocrx_word' id='word_1_108' title='bbox 893 1912 970 1962; x_wconf 92' lang='lat' dir='ltr'>ita</span> <span class='ocrx_word' id='word_1_109' title='bbox 1007 1919 1065 1963; x_wconf 88' lang='lat' dir='ltr'>ut</span> <span class='ocrx_word' id='word_1_110' title='bbox 1100 1922 1318 1978; x_wconf 82' lang='lat' dir='ltr'>pacatas</span> <span class='ocrx_word' id='word_1_111' title='bbox 1342 1924 1398 1967; x_wconf 88' lang='lat' dir='ltr'>et</span> <span class='ocrx_word' id='word_1_112' title='bbox 1431 1917 1523 1967; x_wconf 88' lang='lat' dir='ltr'>im-</span> 
     </span>
     <span class='ocr_line' id='line_1_22' title="bbox 447 1982 1529 2057; baseline 0.008 -20"><span class='ocrx_word' id='word_1_113' title='bbox 447 1986 612 2037; x_wconf 83' lang='lat' dir='ltr'>belles</span> <span class='ocrx_word' id='word_1_114' title='bbox 647 1990 839 2053; x_wconf 87' lang='lat' dir='ltr'>popnlo</span> <span class='ocrx_word' id='word_1_115' title='bbox 880 1991 1030 2040; x_wconf 88' lang='lat' dir='ltr'>Rom.</span> <span class='ocrx_word' id='word_1_116' title='bbox 1075 1982 1420 2057; x_wconf 64' lang='lat' dir='ltr'>relinqueret,</span> <span class='ocrx_word' id='word_1_117' title='bbox 1465 2001 1529 2046; x_wconf 84' lang='lat' dir='ltr'>at</span> 
     </span>
     <span class='ocr_line' id='line_1_23' title="bbox 447 2065 1520 2140; baseline 0.01 -26"><span class='ocrx_word' id='word_1_118' title='bbox 447 2065 501 2115; x_wconf 92' lang='lat' dir='ltr'>in</span> <span class='ocrx_word' id='word_1_119' title='bbox 523 2066 772 2117; x_wconf 86' lang='lat' dir='ltr'>limitibus</span> <span class='ocrx_word' id='word_1_120' title='bbox 808 2069 1012 2133; x_wconf 85' lang='lat' dir='ltr'>imperii</span> <span class='ocrx_word' id='word_1_121' title='bbox 1054 2071 1269 2136; x_wconf 87' lang='lat' dir='ltr'>positas,</span> <span class='ocrx_word' id='word_1_122' title='bbox 1303 2089 1520 2140; x_wconf 80' lang='lat' dir='ltr'>quaeque</span> 
     </span>
     <span class='ocr_line' id='line_1_24' title="bbox 450 2143 1519 2210; baseline 0.009 -18"><span class='ocrx_word' id='word_1_123' title='bbox 450 2143 516 2193; x_wconf 85' lang='lat' dir='ltr'>ob</span> <span class='ocrx_word' id='word_1_124' title='bbox 562 2144 883 2196; x_wconf 85' lang='lat' dir='ltr'>vicinitatem</span> <span class='ocrx_word' id='word_1_125' title='bbox 927 2148 1169 2210; x_wconf 87' lang='lat' dir='ltr'>bostium,</span> <span class='ocrx_word' id='word_1_126' title='bbox 1210 2150 1519 2203; x_wconf 87' lang='lat' dir='ltr'>militaribus</span> 
     </span>
     <span class='ocr_line' id='line_1_25' title="bbox 450 2221 1522 2291; baseline 0.011 -22"><span class='ocrx_word' id='word_1_127' title='bbox 450 2221 610 2284; x_wconf 84' lang='lat' dir='ltr'>copiis</span> <span class='ocrx_word' id='word_1_128' title='bbox 632 2224 864 2275; x_wconf 21' lang='lat' dir='ltr'>etrarmis</span> <span class='ocrx_word' id='word_1_129' title='bbox 907 2226 1230 2291; x_wconf 82' lang='lat' dir='ltr'>indigebant,</span> <span class='ocrx_word' id='word_1_130' title='bbox 1266 2229 1365 2278; x_wconf 79' lang='lat' dir='ltr'>sibi</span> <span class='ocrx_word' id='word_1_131' title='bbox 1401 2232 1522 2282; x_wconf 88' lang='lat' dir='ltr'>reti-</span> 
     </span>
     <span class='ocr_line' id='line_1_26' title="bbox 446 2297 1519 2375; baseline 0.013 -29"><span class='ocrx_word' id='word_1_132' title='bbox 446 2297 577 2348; x_wconf 86' lang='lat' dir='ltr'>nuit.</span> <span class='ocrx_word' id='word_1_133' title='bbox 644 2300 752 2350; x_wconf 92' lang='lat' dir='ltr'>Per</span> <span class='ocrx_word' id='word_1_134' title='bbox 774 2305 1027 2368; x_wconf 80' lang='lat' dir='ltr'>exercitus,</span> <span class='ocrx_word' id='word_1_135' title='bbox 1047 2305 1295 2375; x_wconf 76' lang='lat' dir='ltr'>intelligit</span> <span class='ocrx_word' id='word_1_136' title='bbox 1314 2315 1372 2359; x_wconf 89' lang='lat' dir='ltr'>et</span> <span class='ocrx_word' id='word_1_137' title='bbox 1402 2321 1519 2373; x_wconf 66' lang='lat' dir='ltr'>pro-⁴</span> 
     </span>
     <span class='ocr_line' id='line_1_27' title="bbox 446 2376 1518 2452; baseline 0.015 -29"><span class='ocrx_word' id='word_1_138' title='bbox 446 2376 733 2443; x_wconf 59' lang='lat' dir='ltr'>vincias,‘in</span> <span class='ocrx_word' id='word_1_139' title='bbox 757 2382 941 2445; x_wconf 87' lang='lat' dir='ltr'>quibus</span> <span class='ocrx_word' id='word_1_140' title='bbox 963 2386 1262 2437; x_wconf 86' lang='lat' dir='ltr'>constitutae</span> <span class='ocrx_word' id='word_1_141' title='bbox 1288 2388 1518 2452; x_wconf 85' lang='lat' dir='ltr'>legiones</span> 
     </span>
     <span class='ocr_line' id='line_1_28' title="bbox 446 2458 1521 2533; baseline 0.013 -28"><span class='ocrx_word' id='word_1_142' title='bbox 446 2462 617 2522; x_wconf 79' lang='lat' dir='ltr'>erant,</span> <span class='ocrx_word' id='word_1_143' title='bbox 634 2464 693 2509; x_wconf 89' lang='lat' dir='ltr'>ut</span> <span class='ocrx_word' id='word_1_144' title='bbox 712 2458 1066 2524; x_wconf 79' lang='lat' dir='ltr'>Germaniam,</span> <span class='ocrx_word' id='word_1_145' title='bbox 1084 2464 1307 2529; x_wconf 84' lang='lat' dir='ltr'>Syriam,</span> <span class='ocrx_word' id='word_1_146' title='bbox 1330 2467 1521 2533; x_wconf 85' lang='lat' dir='ltr'>AEgyp·</span> 
     </span>
     <span class='ocr_line' id='line_1_29' title="bbox 446 2538 1236 2604; baseline 0.016 -24"><span class='ocrx_word' id='word_1_147' title='bbox 446 2539 576 2595; x_wconf 88' lang='lat' dir='ltr'>tum,</span> <span class='ocrx_word' id='word_1_148' title='bbox 597 2543 652 2583; x_wconf 89' lang='lat' dir='ltr'>et</span> <span class='ocrx_word' id='word_1_149' title='bbox 675 2542 846 2586; x_wconf 85' lang='lat' dir='ltr'>castra</span> <span class='ocrx_word' id='word_1_150' title='bbox 869 2538 939 2588; x_wconf 87' lang='lat' dir='ltr'>ibi</span> <span class='ocrx_word' id='word_1_151' title='bbox 966 2540 1236 2604; x_wconf 84' lang='lat' dir='ltr'>disposita.</span> 
     </span>
    </p>

    <p class='ocr_par' dir='ltr' id='par_1_13' title="bbox 441 2613 1516 2988">
     <span class='ocr_line' id='line_1_30' title="bbox 507 2613 1515 2685; baseline 0.017 -26"><span class='ocrx_word' id='word_1_152' title='bbox 507 2618 526 2643; x_wconf 83' lang='lat'>⁸</span> <span class='ocrx_word' id='word_1_153' title='bbox 559 2613 638 2661; x_wconf 88' lang='lat' dir='ltr'>Ne</span> <span class='ocrx_word' id='word_1_154' title='bbox 669 2615 774 2678; x_wconf 77' lang='lat' dir='ltr'>quis</span> <span class='ocrx_word' id='word_1_155' title='bbox 794 2618 856 2664; x_wconf 80' lang='lat' dir='ltr'>ad</span> <span class='ocrx_word' id='word_1_156' title='bbox 891 2633 1080 2667; x_wconf 76' lang='lat' dir='ltr'>causam</span> <span class='ocrx_word' id='word_1_157' title='bbox 1110 2622 1359 2685; x_wconf 79' lang='lat' dir='ltr'>orandam]</span> <span class='ocrx_word' id='word_1_158' title='bbox 1427 2626 1515 2680; x_wconf 87' lang='lat' dir='ltr'>De</span> 
     </span>
     <span class='ocr_line' id='line_1_31' title="bbox 442 2688 1516 2761; baseline 0.016 -25"><span class='ocrx_word' id='word_1_159' title='bbox 442 2688 538 2738; x_wconf 86' lang='lat' dir='ltr'>hac</span> <span class='ocrx_word' id='word_1_160' title='bbox 561 2704 616 2739; x_wconf 85' lang='lat' dir='ltr'>re</span> <span class='ocrx_word' id='word_1_161' title='bbox 639 2698 892 2743; x_wconf 85' lang='lat' dir='ltr'>statutum</span> <span class='ocrx_word' id='word_1_162' title='bbox 918 2702 1034 2746; x_wconf 86' lang='lat' dir='ltr'>erat</span> <span class='ocrx_word' id='word_1_163' title='bbox 1058 2713 1215 2761; x_wconf 86' lang='lat' dir='ltr'>supra</span> <span class='ocrx_word' id='word_1_164' title='bbox 1247 2702 1341 2755; x_wconf 66' lang='lat' dir='ltr'>,sub</span> <span class='ocrx_word' id='word_1_165' title='bbox 1363 2703 1516 2758; x_wconf 85' lang='lat' dir='ltr'>Clau-¹</span> 
     </span>
     <span class='ocr_line' id='line_1_32' title="bbox 443 2766 1516 2842; baseline 0.013 -26"><span class='ocrx_word' id='word_1_166' title='bbox 443 2766 545 2816; x_wconf 87' lang='lat' dir='ltr'>dio.</span> <span class='ocrx_word' id='word_1_167' title='bbox 567 2782 632 2817; x_wconf 90' lang='lat'>11.</span> <span class='ocrx_word' id='word_1_168' title='bbox 656 2772 707 2817; x_wconf 81' lang='grc'>7.</span> <span class='ocrx_word' id='word_1_169' title='bbox 739 2772 753 2795; x_wconf 94' lang='lat'>‘</span> <span class='ocrx_word' id='word_1_170' title='bbox 778 2771 1057 2834; x_wconf 80' lang='lat' dir='ltr'>capiendis</span> <span class='ocrx_word' id='word_1_171' title='bbox 1080 2778 1315 2839; x_wconf 85' lang='lat' dir='ltr'>pecuniis</span> <span class='ocrx_word' id='word_1_172' title='bbox 1340 2781 1516 2842; x_wconf 88' lang='lat' dir='ltr'>posuit</span> 
     </span>
     <span class='ocr_line' id='line_1_33' title="bbox 442 2843 1512 2922; baseline 0.014 -29"><span class='ocrx_word' id='word_1_173' title='bbox 442 2843 669 2907; x_wconf 87' lang='lat' dir='ltr'>modum,</span> <span class='ocrx_word' id='word_1_174' title='bbox 682 2861 845 2911; x_wconf 88' lang='lat' dir='ltr'>usque</span> <span class='ocrx_word' id='word_1_175' title='bbox 864 2850 930 2898; x_wconf 92' lang='lat' dir='ltr'>ad</span> <span class='ocrx_word' id='word_1_176' title='bbox 943 2850 1077 2901; x_wconf 87' lang='lat' dir='ltr'>dena</span> <span class='ocrx_word' id='word_1_177' title='bbox 1095 2853 1512 2922; x_wconf 71' lang='lat' dir='ltr'>sestert&#39;ia,quem</span> 
     </span>
     <span class='ocr_line' id='line_1_34' title="bbox 441 2922 1426 2988; baseline 0.018 -19"><span class='ocrx_word' id='word_1_178' title='bbox 441 2922 636 2984; x_wconf 79' lang='lat' dir='ltr'>egressi</span> <span class='ocrx_word' id='word_1_179' title='bbox 660 2926 1065 2988; x_wconf 85' lang='lat' dir='ltr'>repetundarum</span> <span class='ocrx_word' id='word_1_180' title='bbox 1093 2935 1426 2986; x_wconf 63' lang='lat' dir='ltr'>tenerentur!</span> 
     </span>
    </p>

    <p class='ocr_par' dir='ltr' id='par_1_14' title="bbox 456 3000 1513 3065">
     <span class='ocr_line' id='line_1_35' title="bbox 456 3000 1513 3065; baseline 0.018 -19"><span class='ocrx_word' id='word_1_181' title='bbox 456 3041 461 3044; x_wconf 95' lang='lat'>.</span> <span class='ocrx_word' id='word_1_182' title='bbox 506 3000 583 3049; x_wconf 84' lang='lat' dir='ltr'>At</span> <span class='ocrx_word' id='word_1_183' title='bbox 621 3001 837 3055; x_wconf 86' lang='lat' dir='ltr'>Sueton.</span> <span class='ocrx_word' id='word_1_184' title='bbox 882 3006 1012 3056; x_wconf 90' lang='lat' dir='ltr'>Ner.</span> <span class='ocrx_word' id='word_1_185' title='bbox 1056 3021 1195 3059; x_wconf 88' lang='lat' dir='ltr'>xvu.</span> <span class='ocrx_word' id='word_1_186' title='bbox 1235 3010 1513 3065; x_wconf 80' lang='lat' dir='ltr'>dissentire</span> 
     </span>
    </p>
   </div>
   <div class='ocr_carea' id='block_1_12' title="bbox 439 3076 1534 3150">
    <p class='ocr_par' dir='ltr' id='par_1_15' title="bbox 439 3076 1534 3150">
     <span class='ocr_line' id='line_1_36' title="bbox 439 3076 1534 3150; baseline 0.017 -27"><span class='ocrx_word' id='word_1_187' title='bbox 439 3076 650 3127; x_wconf 85' lang='lat' dir='ltr'>videtur</span> <span class='ocrx_word' id='word_1_188' title='bbox 692 3095 722 3129; x_wconf 95' lang='lat' dir='ltr'>a</span> <span class='ocrx_word' id='word_1_189' title='bbox 765 3083 966 3134; x_wconf 88' lang='lat' dir='ltr'>Tacito.</span> <span class='ocrx_word' id='word_1_190' title='bbox 1036 3087 1171 3136; x_wconf 91' lang='lat' dir='ltr'>Nam</span> <span class='ocrx_word' id='word_1_191' title='bbox 1218 3089 1292 3138; x_wconf 88' lang='lat' dir='ltr'>sic</span> <span class='ocrx_word' id='word_1_192' title='bbox 1328 3090 1534 3150; x_wconf 42' lang='lat' dir='ltr'>habeti</span> 
     </span>
    </p>
   </div>
   <div class='ocr_carea' id='block_1_13' title="bbox 425 3154 1515 4240">
    <p class='ocr_par' dir='ltr' id='par_1_16' title="bbox 435 3154 1515 3460">
     <span class='ocr_line' id='line_1_37' title="bbox 439 3154 1509 3232; baseline 0.015 -29"><span class='ocrx_word' id='word_1_193' title='bbox 439 3154 697 3206; x_wconf 89' lang='lat' dir='ltr'>‘Cautum</span> <span class='ocrx_word' id='word_1_194' title='bbox 752 3158 895 3219; x_wconf 88' lang='lat' dir='ltr'>item,</span> <span class='ocrx_word' id='word_1_195' title='bbox 950 3169 1009 3211; x_wconf 91' lang='lat' dir='ltr'>ut</span> <span class='ocrx_word' id='word_1_196' title='bbox 1063 3163 1355 3227; x_wconf 83' lang='lat' dir='ltr'>litigatores</span> <span class='ocrx_word' id='word_1_197' title='bbox 1413 3183 1509 3232; x_wconf 88' lang='lat' dir='ltr'>pro</span> 
     </span>
     <span class='ocr_line' id='line_1_38' title="bbox 435 3234 1515 3307; baseline 0.016 -28"><span class='ocrx_word' id='word_1_198' title='bbox 435 3234 741 3304; x_wconf 82' lang='lat' dir='ltr'>patrociniis</span> <span class='ocrx_word' id='word_1_199' title='bbox 764 3245 963 3287; x_wconf 88' lang='lat' dir='ltr'>certam</span> <span class='ocrx_word' id='word_1_200' title='bbox 991 3239 1289 3307; x_wconf 75' lang='lat' dir='ltr'>justamque</span> <span class='ocrx_word' id='word_1_201' title='bbox 1314 3259 1515 3296; x_wconf 78' lang='lat' dir='ltr'>merce-</span> 
     </span>
     <span class='ocr_line' id='line_1_39' title="bbox 436 3308 1511 3378; baseline 0.018 -21"><span class='ocrx_word' id='word_1_202' title='bbox 436 3308 572 3373; x_wconf 91' lang='lat' dir='ltr'>dem,</span> <span class='ocrx_word' id='word_1_203' title='bbox 588 3327 686 3376; x_wconf 88' lang='lat' dir='ltr'>pro</span> <span class='ocrx_word' id='word_1_204' title='bbox 704 3314 962 3365; x_wconf 87' lang='lat' dir='ltr'>subselliis</span> <span class='ocrx_word' id='word_1_205' title='bbox 978 3319 1171 3368; x_wconf 87' lang='lat' dir='ltr'>nullam</span> <span class='ocrx_word' id='word_1_206' title='bbox 1193 3322 1398 3372; x_wconf 88' lang='lat' dir='ltr'>omnino</span> <span class='ocrx_word' id='word_1_207' title='bbox 1419 3324 1511 3378; x_wconf 63' lang='lat' dir='ltr'>da·⁴</span> 
     </span>
     <span class='ocr_line' id='line_1_40' title="bbox 436 3391 1352 3460; baseline 0.016 -24"><span class='ocrx_word' id='word_1_208' title='bbox 436 3393 573 3452; x_wconf 73' lang='lat' dir='ltr'>rent,</span> <span class='ocrx_word' id='word_1_209' title='bbox 589 3391 854 3453; x_wconf 81' lang='lat' dir='ltr'>praebente</span> <span class='ocrx_word' id='word_1_210' title='bbox 881 3396 1065 3458; x_wconf 76' lang='lat' dir='ltr'>aerarjo</span> <span class='ocrx_word' id='word_1_211' title='bbox 1090 3401 1352 3460; x_wconf 62' lang='lat' dir='ltr'>gratuita!</span> 
     </span>
    </p>

    <p class='ocr_par' dir='ltr' id='par_1_17' title="bbox 428 3465 1507 4071">
     <span class='ocr_line' id='line_1_41' title="bbox 498 3465 1507 3545; baseline 0.016 -31"><span class='ocrx_word' id='word_1_212' title='bbox 498 3465 594 3515; x_wconf 89' lang='lat' dir='ltr'>Sic·</span> <span class='ocrx_word' id='word_1_213' title='bbox 614 3474 785 3518; x_wconf 87' lang='lat' dir='ltr'>tamen</span> <span class='ocrx_word' id='word_1_214' title='bbox 809 3470 948 3521; x_wconf 86' lang='lat' dir='ltr'>forte</span> <span class='ocrx_word' id='word_1_215' title='bbox 988 3476 1252 3525; x_wconf 85' lang='lat' dir='ltr'>conciliari</span> <span class='ocrx_word' id='word_1_216' title='bbox 1290 3480 1507 3545; x_wconf 77' lang='lat' dir='ltr'>possint,</span> 
     </span>
     <span class='ocr_line' id='line_1_42' title="bbox 432 3544 1505 3619; baseline 0.019 -31"><span class='ocrx_word' id='word_1_217' title='bbox 432 3546 493 3589; x_wconf 89' lang='lat' dir='ltr'>ut</span> <span class='ocrx_word' id='word_1_218' title='bbox 516 3544 693 3592; x_wconf 89' lang='lat' dir='ltr'>statim</span> <span class='ocrx_word' id='word_1_219' title='bbox 717 3546 864 3596; x_wconf 88' lang='lat' dir='ltr'>initio</span> <span class='ocrx_word' id='word_1_220' title='bbox 889 3549 1091 3614; x_wconf 87' lang='lat' dir='ltr'>imperii</span> <span class='ocrx_word' id='word_1_221' title='bbox 1117 3553 1359 3619; x_wconf 69' lang='lat' dir='ltr'>NeroniS,</span> <span class='ocrx_word' id='word_1_222' title='bbox 1383 3572 1505 3607; x_wconf 90' lang='lat' dir='ltr'>cau-</span> 
     </span>
     <span class='ocr_line' id='line_1_43' title="bbox 432 3620 1503 3695; baseline 0.019 -31"><span class='ocrx_word' id='word_1_223' title='bbox 432 3623 542 3679; x_wconf 82' lang='lat' dir='ltr'>tum</span> <span class='ocrx_word' id='word_1_224' title='bbox 566 3620 649 3684; x_wconf 85' lang='lat' dir='ltr'>sit,</span> <span class='ocrx_word' id='word_1_225' title='bbox 670 3635 734 3669; x_wconf 91' lang='lat' dir='ltr'>ne</span> <span class='ocrx_word' id='word_1_226' title='bbox 776 3624 878 3674; x_wconf 86' lang='lat' dir='ltr'>ulla</span> <span class='ocrx_word' id='word_1_227' title='bbox 916 3642 1116 3678; x_wconf 88' lang='lat' dir='ltr'>merces</span> <span class='ocrx_word' id='word_1_228' title='bbox 1158 3633 1503 3695; x_wconf 79' lang='lat' dir='ltr'>acciperetur.</span> 
     </span>
     <span class='ocr_line' id='line_1_44' title="bbox 431 3694 1502 3767; baseline 0.018 -25"><span class='ocrx_word' id='word_1_229' title='bbox 431 3694 518 3743; x_wconf 86' lang='lat' dir='ltr'>Sic</span> <span class='ocrx_word' id='word_1_230' title='bbox 572 3697 833 3762; x_wconf 81' lang='lat' dir='ltr'>principia</span> <span class='ocrx_word' id='word_1_231' title='bbox 876 3702 1112 3767; x_wconf 78' lang='lat' dir='ltr'>fervent3</span> <span class='ocrx_word' id='word_1_232' title='bbox 1171 3708 1260 3757; x_wconf 84' lang='lat' dir='ltr'>sed</span> <span class='ocrx_word' id='word_1_233' title='bbox 1313 3711 1502 3761; x_wconf 85' lang='lat' dir='ltr'>deinde</span> 
     </span>
     <span class='ocr_line' id='line_1_45' title="bbox 432 3773 1504 3854; baseline 0.02 -36"><span class='ocrx_word' id='word_1_234' title='bbox 432 3773 655 3836; x_wconf 88' lang='lat' dir='ltr'>cognitis</span> <span class='ocrx_word' id='word_1_235' title='bbox 679 3776 1068 3831; x_wconf 87' lang='lat' dir='ltr'>difficultatibus</span> <span class='ocrx_word' id='word_1_236' title='bbox 1092 3794 1146 3834; x_wconf 91' lang='lat' dir='ltr'>et</span> <span class='ocrx_word' id='word_1_237' title='bbox 1171 3787 1331 3837; x_wconf 89' lang='lat' dir='ltr'>abusu</span> <span class='ocrx_word' id='word_1_238' title='bbox 1354 3774 1504 3854; x_wconf 74' lang='lat' dir='ltr'>legis,</span> 
     </span>
     <span class='ocr_line' id='line_1_46' title="bbox 431 3854 1500 3927; baseline 0.02 -31"><span class='ocrx_word' id='word_1_239' title='bbox 431 3854 686 3906; x_wconf 79' lang='lat' dir='ltr'>statutum</span> <span class='ocrx_word' id='word_1_240' title='bbox 710 3868 822 3903; x_wconf 86' lang='lat' dir='ltr'>esse</span> <span class='ocrx_word' id='word_1_241' title='bbox 861 3858 1067 3909; x_wconf 91' lang='lat' dir='ltr'>modum</span> <span class='ocrx_word' id='word_1_242' title='bbox 1110 3863 1201 3911; x_wconf 85' lang='lat' dir='ltr'>tali</span> <span class='ocrx_word' id='word_1_243' title='bbox 1241 3867 1500 3927; x_wconf 88' lang='lat' dir='ltr'>mercedi;</span> 
     </span>
     <span class='ocr_line' id='line_1_47' title="bbox 428 3927 1501 4006; baseline 0.02 -33"><span class='ocrx_word' id='word_1_244' title='bbox 428 3927 568 3990; x_wconf 89' lang='lat' dir='ltr'>quod</span> <span class='ocrx_word' id='word_1_245' title='bbox 612 3929 782 3980; x_wconf 83' lang='lat' dir='ltr'>innuit</span> <span class='ocrx_word' id='word_1_246' title='bbox 819 3934 966 3984; x_wconf 84' lang='lat' dir='ltr'>Suet.</span> <span class='ocrx_word' id='word_1_247' title='bbox 1001 3939 1252 3992; x_wconf 75' lang='lat' dir='ltr'>‘&#39;Certam</span> <span class='ocrx_word' id='word_1_248' title='bbox 1280 3941 1501 4006; x_wconf 89' lang='lat' dir='ltr'>justam-</span> 
     </span>
     <span class='ocr_line' id='line_1_48' title="bbox 429 4006 1468 4071; baseline 0.019 -18"><span class='ocrx_word' id='word_1_249' title='bbox 429 4019 532 4071; x_wconf 82' lang='lat' dir='ltr'>que</span> <span class='ocrx_word' id='word_1_250' title='bbox 552 4011 886 4062; x_wconf 65' lang='lat' dir='ltr'>mercedem!</span> <span class='ocrx_word' id='word_1_251' title='bbox 1460 4006 1468 4023; x_wconf 65' lang='lat'>&#39;</span> 
     </span>
    </p>

    <p class='ocr_par' dir='ltr' id='par_1_18' title="bbox 425 4084 1499 4240">
     <span class='ocr_line' id='line_1_49' title="bbox 437 4084 1498 4161; baseline 0.022 -33"><span class='ocrx_word' id='word_1_252' title='bbox 437 4131 445 4140; x_wconf 56' lang='lat'>,</span> <span class='ocrx_word' id='word_1_253' title='bbox 494 4084 573 4130; x_wconf 89' lang='lat' dir='ltr'>Ne</span> <span class='ocrx_word' id='word_1_254' title='bbox 613 4087 733 4148; x_wconf 74' lang='lat' dir='ltr'>qais,</span> <span class='ocrx_word' id='word_1_255' title='bbox 773 4091 857 4149; x_wconf 58' lang='lat' dir='ltr'>&amp;aa</span> <span class='ocrx_word' id='word_1_256' title='bbox 906 4107 964 4141; x_wconf 86' lang='lat' dir='ltr'>ne</span> <span class='ocrx_word' id='word_1_257' title='bbox 1005 4094 1293 4161; x_wconf 76' lang='lat' dir='ltr'>designatis]</span> <span class='ocrx_word' id='word_1_258' title='bbox 1379 4100 1498 4152; x_wconf 84' lang='lat' dir='ltr'>Hoc</span> 
     </span>
     <span class='ocr_line' id='line_1_50' title="bbox 425 4165 1499 4240; baseline 0.019 -33"><span class='ocrx_word' id='word_1_259' title='bbox 425 4165 704 4227; x_wconf 75' lang='lat' dir='ltr'>utrumque</span> <span class='ocrx_word' id='word_1_260' title='bbox 724 4173 980 4240; x_wconf 52' lang='lat' dir='ltr'>sapuerat</span> <span class='ocrx_word' id='word_1_261' title='bbox 1000 4174 1261 4224; x_wconf 87' lang='lat' dir='ltr'>Claudius.</span> <span class='ocrx_word' id='word_1_262' title='bbox 1323 4177 1499 4229; x_wconf 75' lang='lat' dir='ltr'>Quare</span> 
     </span>
    </p>
   </div>
   <div class='ocr_carea' id='block_1_14' title="bbox 418 4240 1499 4385">
    <p class='ocr_par' dir='ltr' id='par_1_19' title="bbox 418 4240 1499 4385">
     <span class='ocr_line' id='line_1_51' title="bbox 424 4240 1499 4324; baseline 0.019 -37"><span class='ocrx_word' id='word_1_263' title='bbox 424 4244 480 4288; x_wconf 89' lang='lat' dir='ltr'>et</span> <span class='ocrx_word' id='word_1_264' title='bbox 521 4240 823 4298; x_wconf 85' lang='lat' dir='ltr'>adversatur</span> <span class='ocrx_word' id='word_1_265' title='bbox 856 4249 1172 4324; x_wconf 77' lang='lat' dir='ltr'>Agrippina,</span> <span class='ocrx_word' id='word_1_266' title='bbox 1208 4255 1356 4320; x_wconf 86' lang='lat' dir='ltr'>quasi</span> <span class='ocrx_word' id='word_1_267' title='bbox 1389 4262 1499 4307; x_wconf 82' lang='lat' dir='ltr'>acta</span> 
     </span>
     <span class='ocr_line' id='line_1_52' title="bbox 418 4317 1039 4385; baseline 0.021 -20"><span class='ocrx_word' id='word_1_268' title='bbox 418 4317 621 4385; x_wconf 76' lang='lat' dir='ltr'>Claudii</span> <span class='ocrx_word' id='word_1_269' title='bbox 642 4323 1039 4378; x_wconf 73' lang='lat' dir='ltr'>subverterentur.</span> 
     </span>
    </p>
   </div>
   <div class='ocr_carea' id='block_1_15' title="bbox 579 4527 1038 4580">
    <p class='ocr_par' dir='ltr' id='par_1_20' title="bbox 579 4527 1038 4600">
     <span class='ocr_line' id='line_1_53' title="bbox 579 4527 1038 4580; baseline 0.009 0"><span class='ocrx_word' id='word_1_270' title='bbox 579 4553 588 4580; x_wconf 76' lang='grc' dir='ltr'>ι</span> <span class='ocrx_word' id='word_1_271' title='bbox 890 4545 897 4550; x_wconf 94' lang='grc'><em>“</em></span> <span class='ocrx_word' id='word_1_272' title='bbox 978 4527 1038 4575; x_wconf 64' lang='lat'>&#39;¹</span> 
     </span>
    </p>
   </div>
   <div class='ocr_carea' id='block_1_16' title="bbox 1606 1457 2688 1834">
    <p class='ocr_par' dir='ltr' id='par_1_21' title="bbox 1606 1457 2688 1834">
     <span class='ocr_line' id='line_1_54' title="bbox 1672 1457 2677 1524; baseline 0.004 -18"><span class='ocrx_word' id='word_1_273' title='bbox 1672 1457 1953 1507; x_wconf 85' lang='lat' dir='ltr'>Metuebat</span> <span class='ocrx_word' id='word_1_274' title='bbox 2005 1459 2219 1524; x_wconf 85' lang='lat' dir='ltr'>qnippe,</span> <span class='ocrx_word' id='word_1_275' title='bbox 2269 1475 2337 1510; x_wconf 91' lang='lat' dir='ltr'>ne</span> <span class='ocrx_word' id='word_1_276' title='bbox 2391 1459 2464 1510; x_wconf 89' lang='lat' dir='ltr'>sic</span> <span class='ocrx_word' id='word_1_277' title='bbox 2521 1460 2677 1510; x_wconf 87' lang='lat' dir='ltr'>etiam</span> 
     </span>
     <span class='ocr_line' id='line_1_55' title="bbox 1606 1533 2677 1602; baseline 0.005 -19"><span class='ocrx_word' id='word_1_278' title='bbox 1606 1533 1817 1597; x_wconf 87' lang='lat' dir='ltr'>adoptio</span> <span class='ocrx_word' id='word_1_279' title='bbox 1862 1535 1972 1597; x_wconf 84' lang='lat' dir='ltr'>filii,</span> <span class='ocrx_word' id='word_1_280' title='bbox 2016 1542 2073 1586; x_wconf 90' lang='lat' dir='ltr'>et</span> <span class='ocrx_word' id='word_1_281' title='bbox 2116 1537 2217 1586; x_wconf 87' lang='lat' dir='ltr'>alia</span> <span class='ocrx_word' id='word_1_282' title='bbox 2256 1537 2418 1602; x_wconf 83' lang='lat' dir='ltr'>ipsius</span> <span class='ocrx_word' id='word_1_283' title='bbox 2458 1537 2575 1587; x_wconf 88' lang='lat' dir='ltr'>dolo</span> <span class='ocrx_word' id='word_1_284' title='bbox 2619 1543 2677 1588; x_wconf 89' lang='lat' dir='ltr'>et</span> 
     </span>
     <span class='ocr_line' id='line_1_56' title="bbox 1606 1613 2688 1680; baseline 0.002 -18"><span class='ocrx_word' id='word_1_285' title='bbox 1606 1614 1804 1667; x_wconf 86' lang='lat' dir='ltr'>scelere</span> <span class='ocrx_word' id='word_1_286' title='bbox 1825 1613 2125 1678; x_wconf 82' lang='lat' dir='ltr'>impetrata,</span> <span class='ocrx_word' id='word_1_287' title='bbox 2163 1620 2254 1664; x_wconf 89' lang='lat' dir='ltr'>aut</span> <span class='ocrx_word' id='word_1_288' title='bbox 2289 1615 2464 1679; x_wconf 87' lang='lat' dir='ltr'>potius</span> <span class='ocrx_word' id='word_1_289' title='bbox 2490 1629 2688 1680; x_wconf 48' lang='lat' dir='ltr'>perpe,</span> 
     </span>
     <span class='ocr_line' id='line_1_57' title="bbox 1606 1692 2678 1753; baseline -0.001 -13"><span class='ocrx_word' id='word_1_290' title='bbox 1606 1697 1762 1752; x_wconf 84' lang='lat' dir='ltr'>trata,</span> <span class='ocrx_word' id='word_1_291' title='bbox 1783 1692 2136 1743; x_wconf 87' lang='lat' dir='ltr'>abolerentur.</span> <span class='ocrx_word' id='word_1_292' title='bbox 2611 1732 2618 1739; x_wconf 90' lang='lat'>.</span> <span class='ocrx_word' id='word_1_293' title='bbox 2675 1748 2678 1753; x_wconf 32' lang='grc' dir='ltr'>Ι</span> 
     </span>
     <span class='ocr_line' id='line_1_58' title="bbox 1620 1769 2676 1834; baseline 0.007 -17"><span class='ocrx_word' id='word_1_294' title='bbox 1620 1822 1626 1829; x_wconf 54' lang='grc'><strong>,</strong></span> <span class='ocrx_word' id='word_1_295' title='bbox 1668 1769 1684 1800; x_wconf 59' lang='lat' dir='ltr'>t</span> <span class='ocrx_word' id='word_1_296' title='bbox 1706 1769 1895 1818; x_wconf 84' lang='lat' dir='ltr'>Edendi</span> <span class='ocrx_word' id='word_1_297' title='bbox 1912 1769 2203 1831; x_wconf 73' lang='lat' dir='ltr'>gladiatores</span> <span class='ocrx_word' id='word_1_298' title='bbox 2224 1770 2497 1834; x_wconf 77' lang='lat' dir='ltr'>necessitas]</span> <span class='ocrx_word' id='word_1_299' title='bbox 2545 1769 2676 1824; x_wconf 79' lang='lat' dir='ltr'>Pet·</span> 
     </span>
    </p>
   </div>
   <div class='ocr_carea' id='block_1_17' title="bbox 1580 1845 2682 1910">
    <p class='ocr_par' dir='ltr' id='par_1_22' title="bbox 1580 1845 2682 1910">
     <span class='ocr_line' id='line_1_59' title="bbox 1580 1845 2682 1910; baseline -0.002 -11"><span class='ocrx_word' id='word_1_300' title='bbox 1580 1845 1740 1899; x_wconf 79' lang='lat' dir='ltr'>,tinet</span> <span class='ocrx_word' id='word_1_301' title='bbox 1771 1846 1836 1896; x_wconf 92' lang='lat' dir='ltr'>ad</span> <span class='ocrx_word' id='word_1_302' title='bbox 1875 1847 2186 1896; x_wconf 88' lang='lat' dir='ltr'>abolendum</span> <span class='ocrx_word' id='word_1_303' title='bbox 2220 1847 2427 1898; x_wconf 89' lang='lat' dir='ltr'>Claudii</span> <span class='ocrx_word' id='word_1_304' title='bbox 2463 1847 2682 1910; x_wconf 78' lang='lat' dir='ltr'>scitum„</span> 
     </span>
    </p>
   </div>
   <div class='ocr_carea' id='block_1_18' title="bbox 1579 1924 2735 4321">
    <p class='ocr_par' dir='ltr' id='par_1_23' title="bbox 1602 1924 2680 2298">
     <span class='ocr_line' id='line_1_60' title="bbox 1606 1924 2679 1989; baseline 0.004 -17"><span class='ocrx_word' id='word_1_305' title='bbox 1606 1924 1711 1988; x_wconf 89' lang='lat' dir='ltr'>qui,</span> <span class='ocrx_word' id='word_1_306' title='bbox 1726 1932 1939 1975; x_wconf 87' lang='lat' dir='ltr'>auctore</span> <span class='ocrx_word' id='word_1_307' title='bbox 1957 1927 2253 1989; x_wconf 86' lang='lat' dir='ltr'>Dolabella,</span> <span class='ocrx_word' id='word_1_308' title='bbox 2272 1925 2470 1976; x_wconf 80' lang='lat' dir='ltr'>sanxit:</span> <span class='ocrx_word' id='word_1_309' title='bbox 2496 1927 2511 1954; x_wconf 89' lang='lat'>‘</span> <span class='ocrx_word' id='word_1_310' title='bbox 2529 1939 2679 1989; x_wconf 68' lang='lat' dir='ltr'>spec-</span> 
     </span>
     <span class='ocr_line' id='line_1_61' title="bbox 1607 2002 2679 2068; baseline 0.001 -17"><span class='ocrx_word' id='word_1_311' title='bbox 1607 2002 1834 2063; x_wconf 83' lang='lat' dir='ltr'>taculum</span> <span class='ocrx_word' id='word_1_312' title='bbox 1868 2003 2208 2066; x_wconf 83' lang='lat' dir='ltr'>gladiatorum</span> <span class='ocrx_word' id='word_1_313' title='bbox 2247 2019 2345 2068; x_wconf 86' lang='lat' dir='ltr'>per</span> <span class='ocrx_word' id='word_1_314' title='bbox 2380 2018 2555 2053; x_wconf 87' lang='lat' dir='ltr'>omues</span> <span class='ocrx_word' id='word_1_315' title='bbox 2588 2019 2679 2052; x_wconf 87' lang='lat' dir='ltr'>an-</span> 
     </span>
     <span class='ocr_line' id='line_1_62' title="bbox 1602 2080 2680 2146; baseline 0.001 -17"><span class='ocrx_word' id='word_1_316' title='bbox 1602 2094 1695 2129; x_wconf 89' lang='lat' dir='ltr'>nos</span> <span class='ocrx_word' id='word_1_317' title='bbox 1718 2080 2084 2130; x_wconf 86' lang='lat' dir='ltr'>celebrandum</span> <span class='ocrx_word' id='word_1_318' title='bbox 2116 2082 2342 2145; x_wconf 85' lang='lat' dir='ltr'>pecunia</span> <span class='ocrx_word' id='word_1_319' title='bbox 2363 2096 2559 2144; x_wconf 88' lang='lat' dir='ltr'>eorum,</span> <span class='ocrx_word' id='word_1_320' title='bbox 2580 2081 2680 2146; x_wconf 80' lang='lat' dir='ltr'>qui</span> 
     </span>
     <span class='ocr_line' id='line_1_63' title="bbox 1603 2158 2676 2224; baseline -0.001 -14"><span class='ocrx_word' id='word_1_321' title='bbox 1603 2158 1934 2210; x_wconf 74' lang='lat' dir='ltr'>Quaesturam</span> <span class='ocrx_word' id='word_1_322' title='bbox 1973 2159 2430 2224; x_wconf 65' lang='lat' dir='ltr'>adipiscerentur?</span> <span class='ocrx_word' id='word_1_323' title='bbox 2469 2159 2544 2209; x_wconf 88' lang='lat' dir='ltr'>ait</span> <span class='ocrx_word' id='word_1_324' title='bbox 2573 2160 2676 2212; x_wconf 82' lang='lat' dir='ltr'>Ta·</span> 
     </span>
     <span class='ocr_line' id='line_1_64' title="bbox 1602 2234 2518 2298; baseline 0 -15"><span class='ocrx_word' id='word_1_325' title='bbox 1602 2234 1736 2298; x_wconf 82' lang='lat' dir='ltr'>citus</span> <span class='ocrx_word' id='word_1_326' title='bbox 1758 2235 1794 2283; x_wconf 91' lang='lat' dir='ltr'>l.</span> <span class='ocrx_word' id='word_1_327' title='bbox 1823 2249 1903 2295; x_wconf 63' lang='lat'>11,</span> <span class='ocrx_word' id='word_1_328' title='bbox 1969 2263 1975 2269; x_wconf 90' lang='lat'><strong>·</strong></span> <span class='ocrx_word' id='word_1_329' title='bbox 2034 2246 2038 2255; x_wconf 91' lang='lat'>·</span> <span class='ocrx_word' id='word_1_330' title='bbox 2172 2246 2174 2248; x_wconf 81' lang='grc'><em>·</em></span> <span class='ocrx_word' id='word_1_331' title='bbox 2515 2280 2518 2283; x_wconf 74' lang='grc'>,</span> 
     </span>
    </p>

    <p class='ocr_par' dir='ltr' id='par_1_24' title="bbox 1596 2313 2675 2602">
     <span class='ocr_line' id='line_1_65' title="bbox 1668 2313 2669 2379; baseline 0.002 -17"><span class='ocrx_word' id='word_1_332' title='bbox 1668 2313 1773 2362; x_wconf 89' lang='lat' dir='ltr'>Ubi</span> <span class='ocrx_word' id='word_1_333' title='bbox 1817 2321 2061 2378; x_wconf 84' lang='lat' dir='ltr'>suspecta</span> <span class='ocrx_word' id='word_1_334' title='bbox 2103 2330 2226 2375; x_wconf 71' lang='lat' dir='ltr'>voX,</span> <span class='ocrx_word' id='word_1_335' title='bbox 2276 2315 2669 2379; x_wconf 72' lang='lat' dir='ltr'>adipiscerentur.</span> 
     </span>
     <span class='ocr_line' id='line_1_66' title="bbox 1601 2391 2670 2456; baseline 0 -15"><span class='ocrx_word' id='word_1_336' title='bbox 1601 2391 1707 2441; x_wconf 88' lang='lat' dir='ltr'>Cur</span> <span class='ocrx_word' id='word_1_337' title='bbox 1731 2392 1869 2440; x_wconf 89' lang='lat' dir='ltr'>enim</span> <span class='ocrx_word' id='word_1_338' title='bbox 1891 2391 1976 2441; x_wconf 89' lang='lat' dir='ltr'>hic</span> <span class='ocrx_word' id='word_1_339' title='bbox 2016 2392 2281 2455; x_wconf 78' lang='grc' dir='ltr'><strong><em>ἐμφατικῶς</em></strong></span> <span class='ocrx_word' id='word_1_340' title='bbox 2317 2393 2670 2456; x_wconf 39' lang='lat' dir='ltr'>scripnim,‡;ue</span> 
     </span>
     <span class='ocr_line' id='line_1_67' title="bbox 1596 2467 2674 2537; baseline 0.005 -21"><span class='ocrx_word' id='word_1_341' title='bbox 1596 2467 1861 2531; x_wconf 74' lang='lat' dir='ltr'>designatis</span> <span class='ocrx_word' id='word_1_342' title='bbox 1882 2469 2087 2537; x_wconf 70' lang='lat' dir='ltr'>quidem,</span> <span class='ocrx_word' id='word_1_343' title='bbox 2108 2470 2205 2520; x_wconf 89' lang='lat' dir='ltr'>nisi</span> <span class='ocrx_word' id='word_1_344' title='bbox 2247 2470 2367 2535; x_wconf 85' lang='lat' dir='ltr'>quia</span> <span class='ocrx_word' id='word_1_345' title='bbox 2405 2479 2562 2519; x_wconf 89' lang='lat' dir='ltr'>antea</span> <span class='ocrx_word' id='word_1_346' title='bbox 2599 2484 2674 2522; x_wconf 81' lang='lat' dir='ltr'>ex.</span> 
     </span>
     <span class='ocr_line' id='line_1_68' title="bbox 1598 2542 2675 2602; baseline 0.001 -6"><span class='ocrx_word' id='word_1_347' title='bbox 1598 2562 1662 2596; x_wconf 88' lang='lat' dir='ltr'>ea</span> <span class='ocrx_word' id='word_1_348' title='bbox 1692 2549 1962 2600; x_wconf 89' lang='lat' dir='ltr'>sanctione</span> <span class='ocrx_word' id='word_1_349' title='bbox 1984 2544 2182 2599; x_wconf 88' lang='lat' dir='ltr'>dabant</span> <span class='ocrx_word' id='word_1_350' title='bbox 2196 2550 2353 2598; x_wconf 87' lang='lat' dir='ltr'>etiam</span> <span class='ocrx_word' id='word_1_351' title='bbox 2371 2542 2675 2602; x_wconf 63' lang='lat' dir='ltr'>candidati?</span> 
     </span>
    </p>

    <p class='ocr_par' dir='ltr' id='par_1_25' title="bbox 1590 2625 2674 3233">
     <span class='ocr_line' id='line_1_69' title="bbox 1660 2625 2674 2693; baseline -0.003 -17"><span class='ocrx_word' id='word_1_352' title='bbox 1660 2625 1836 2693; x_wconf 90' lang='lat' dir='ltr'>Atque</span> <span class='ocrx_word' id='word_1_353' title='bbox 1861 2629 1936 2679; x_wconf 88' lang='lat' dir='ltr'>ita</span> <span class='ocrx_word' id='word_1_354' title='bbox 1974 2629 2031 2678; x_wconf 87' lang='lat' dir='ltr'>in</span> <span class='ocrx_word' id='word_1_355' title='bbox 2051 2627 2337 2691; x_wconf 78' lang='lat' dir='ltr'>Lampridii</span> <span class='ocrx_word' id='word_1_356' title='bbox 2361 2625 2674 2678; x_wconf 73' lang='lat' dir='ltr'>Alexandro,</span> 
     </span>
     <span class='ocr_line' id='line_1_70' title="bbox 1596 2702 2674 2769; baseline 0 -17"><span class='ocrx_word' id='word_1_357' title='bbox 1596 2704 1740 2767; x_wconf 86' lang='lat' dir='ltr'>lego:</span> <span class='ocrx_word' id='word_1_358' title='bbox 1786 2709 1799 2733; x_wconf 91' lang='lat'>‘</span> <span class='ocrx_word' id='word_1_359' title='bbox 1822 2704 2127 2759; x_wconf 82' lang='lat' dir='ltr'>Quaestores</span> <span class='ocrx_word' id='word_1_360' title='bbox 2166 2704 2494 2767; x_wconf 82' lang='lat' dir='ltr'>candidatos,</span> <span class='ocrx_word' id='word_1_361' title='bbox 2537 2702 2674 2769; x_wconf 73' lang='lat' dir='ltr'>(ma-</span> 
     </span>
     <span class='ocr_line' id='line_1_71' title="bbox 1595 2780 2672 2847; baseline 0 -19"><span class='ocrx_word' id='word_1_362' title='bbox 1595 2780 1706 2843; x_wconf 86' lang='lat' dir='ltr'>lim,</span> <span class='ocrx_word' id='word_1_363' title='bbox 1725 2780 2030 2845; x_wconf 74' lang='lat' dir='ltr'>Quoesturoe,)</span> <span class='ocrx_word' id='word_1_364' title='bbox 2054 2797 2119 2831; x_wconf 82' lang='lat' dir='ltr'>cx</span> <span class='ocrx_word' id='word_1_365' title='bbox 2150 2796 2247 2830; x_wconf 86' lang='lat' dir='ltr'>sua</span> <span class='ocrx_word' id='word_1_366' title='bbox 2280 2780 2499 2845; x_wconf 85' lang='lat' dir='ltr'>pecunia</span> <span class='ocrx_word' id='word_1_367' title='bbox 2510 2780 2672 2847; x_wconf 76' lang='lat' dir='ltr'>jussit</span> 
     </span>
     <span class='ocr_line' id='line_1_72' title="bbox 1593 2857 2670 2924; baseline 0.002 -18"><span class='ocrx_word' id='word_1_368' title='bbox 1593 2873 1808 2907; x_wconf 89' lang='lat' dir='ltr'>munera</span> <span class='ocrx_word' id='word_1_369' title='bbox 1863 2860 2054 2922; x_wconf 82' lang='lat' dir='ltr'>populo</span> <span class='ocrx_word' id='word_1_370' title='bbox 2098 2858 2243 2920; x_wconf 87' lang='lat' dir='ltr'>dare,</span> <span class='ocrx_word' id='word_1_371' title='bbox 2285 2857 2378 2922; x_wconf 82' lang='lat' dir='ltr'>sed</span> <span class='ocrx_word' id='word_1_372' title='bbox 2435 2863 2494 2907; x_wconf 90' lang='lat' dir='ltr'>ut</span> <span class='ocrx_word' id='word_1_373' title='bbox 2548 2863 2670 2924; x_wconf 70' lang='lat' dir='ltr'>post.</span> 
     </span>
     <span class='ocr_line' id='line_1_73' title="bbox 1595 2934 2664 3000; baseline 0.003 -17"><span class='ocrx_word' id='word_1_374' title='bbox 1595 2934 1947 2998; x_wconf 73' lang='lat' dir='ltr'>Quaesturam,</span> <span class='ocrx_word' id='word_1_375' title='bbox 1989 2936 2280 2985; x_wconf 82' lang='lat' dir='ltr'>Praeturam</span> <span class='ocrx_word' id='word_1_376' title='bbox 2324 2934 2664 3000; x_wconf 64' lang='lat' dir='ltr'>acciperent!</span> 
     </span>
     <span class='ocr_line' id='line_1_74' title="bbox 1594 3012 2668 3064; baseline -0.003 -3"><span class='ocrx_word' id='word_1_377' title='bbox 1594 3012 1839 3062; x_wconf 90' lang='lat' dir='ltr'>Ceterum</span> <span class='ocrx_word' id='word_1_378' title='bbox 1861 3014 1958 3063; x_wconf 88' lang='lat' dir='ltr'>hoc</span> <span class='ocrx_word' id='word_1_379' title='bbox 1996 3013 2222 3064; x_wconf 87' lang='lat' dir='ltr'>Neronis</span> <span class='ocrx_word' id='word_1_380' title='bbox 2250 3013 2518 3063; x_wconf 81' lang='lat' dir='ltr'>decretum</span> <span class='ocrx_word' id='word_1_381' title='bbox 2544 3013 2668 3063; x_wconf 73' lang='lat' dir='ltr'>abo-</span> 
     </span>
     <span class='ocr_line' id='line_1_75' title="bbox 1593 3089 2666 3158; baseline 0.005 -21"><span class='ocrx_word' id='word_1_382' title='bbox 1593 3089 1724 3138; x_wconf 90' lang='lat' dir='ltr'>levit</span> <span class='ocrx_word' id='word_1_383' title='bbox 1779 3090 1968 3140; x_wconf 82' lang='lat' dir='ltr'>iterum</span> <span class='ocrx_word' id='word_1_384' title='bbox 2013 3091 2379 3142; x_wconf 85' lang='lat' dir='ltr'>Domitianus:</span> <span class='ocrx_word' id='word_1_385' title='bbox 2437 3092 2503 3142; x_wconf 86' lang='lat' dir='ltr'>de</span> <span class='ocrx_word' id='word_1_386' title='bbox 2559 3106 2666 3158; x_wconf 79' lang='lat' dir='ltr'>quo</span> 
     </span>
     <span class='ocr_line' id='line_1_76' title="bbox 1590 3163 2667 3233; baseline 0.007 -17"><span class='ocrx_word' id='word_1_387' title='bbox 1590 3166 1869 3217; x_wconf 83' lang='lat' dir='ltr'>Suetonius</span> <span class='ocrx_word' id='word_1_388' title='bbox 1893 3183 1938 3218; x_wconf 91' lang='lat' dir='ltr'>c.</span> <span class='ocrx_word' id='word_1_389' title='bbox 1961 3174 2009 3219; x_wconf 90' lang='grc'>4.</span> <span class='ocrx_word' id='word_1_390' title='bbox 2046 3163 2179 3233; x_wconf 76' lang='lat' dir='ltr'>Lips.</span> <span class='ocrx_word' id='word_1_391' title='bbox 2661 3211 2667 3224; x_wconf 73' lang='grc'><em>,</em></span> 
     </span>
    </p>

    <p class='ocr_par' dir='ltr' id='par_1_26' title="bbox 1579 3244 2735 4321">
     <span class='ocr_line' id='line_1_77' title="bbox 1657 3244 2666 3310; baseline 0.002 -16"><span class='ocrx_word' id='word_1_392' title='bbox 1657 3244 1736 3294; x_wconf 91' lang='lat' dir='ltr'>Ea</span> <span class='ocrx_word' id='word_1_393' title='bbox 1748 3246 1926 3309; x_wconf 86' lang='lat' dir='ltr'>verba,</span> <span class='ocrx_word' id='word_1_394' title='bbox 1946 3261 2004 3295; x_wconf 82' lang='lat' dir='ltr'>ne</span> <span class='ocrx_word' id='word_1_395' title='bbox 2024 3246 2287 3309; x_wconf 74' lang='lat' dir='ltr'>desig-natis</span> <span class='ocrx_word' id='word_1_396' title='bbox 2302 3247 2490 3310; x_wconf 80' lang='lat' dir='ltr'>quidem</span> <span class='ocrx_word' id='word_1_397' title='bbox 2516 3258 2666 3310; x_wconf 67' lang='lat' dir='ltr'>ques-</span> 
     </span>
     <span class='ocr_line' id='line_1_78' title="bbox 1589 3322 2667 3390; baseline 0.006 -20"><span class='ocrx_word' id='word_1_398' title='bbox 1589 3322 1787 3386; x_wconf 72' lang='lat' dir='ltr'>toribus,</span> <span class='ocrx_word' id='word_1_399' title='bbox 1833 3339 1936 3372; x_wconf 87' lang='lat' dir='ltr'>non</span> <span class='ocrx_word' id='word_1_400' title='bbox 1981 3323 2277 3374; x_wconf 86' lang='lat' dir='ltr'>referuntur</span> <span class='ocrx_word' id='word_1_401' title='bbox 2331 3324 2548 3390; x_wconf 27' lang='lat' dir='ltr'>pxraecise</span> <span class='ocrx_word' id='word_1_402' title='bbox 2593 3324 2667 3376; x_wconf 82' lang='lat' dir='ltr'>ad.</span> 
     </span>
     <span class='ocr_line' id='line_1_79' title="bbox 1591 3386 2735 3469; baseline -0.001 -18"><span class='ocrx_word' id='word_1_403' title='bbox 1591 3386 1779 3451; x_wconf 55' lang='lat' dir='ltr'>scitam</span> <span class='ocrx_word' id='word_1_404' title='bbox 1817 3403 2041 3467; x_wconf 58' lang='lat' dir='ltr'>ciandii,</span> <span class='ocrx_word' id='word_1_405' title='bbox 2075 3402 2165 3452; x_wconf 79' lang='lat' dir='ltr'>sed</span> <span class='ocrx_word' id='word_1_406' title='bbox 2208 3402 2280 3469; x_wconf 66' lang='lat' dir='ltr'>aq</span> <span class='ocrx_word' id='word_1_407' title='bbox 2312 3402 2364 3451; x_wconf 88' lang='lat' dir='ltr'>id</span> <span class='ocrx_word' id='word_1_408' title='bbox 2390 3402 2674 3467; x_wconf 47' lang='lat' dir='ltr'>quodim.</span> <span class='ocrx_word' id='word_1_409' title='bbox 2730 3399 2735 3404; x_wconf 86' lang='lat'><em>·</em></span> 
     </span>
     <span class='ocr_line' id='line_1_80' title="bbox 1590 3478 2663 3544; baseline 0.004 -18"><span class='ocrx_word' id='word_1_410' title='bbox 1590 3478 1816 3527; x_wconf 86' lang='lat' dir='ltr'>mediate</span> <span class='ocrx_word' id='word_1_411' title='bbox 1842 3479 2121 3542; x_wconf 82' lang='lat' dir='ltr'>praecedit3</span> <span class='ocrx_word' id='word_1_412' title='bbox 2157 3496 2215 3530; x_wconf 82' lang='lat' dir='ltr'>ne</span> <span class='ocrx_word' id='word_1_413' title='bbox 2247 3480 2353 3544; x_wconf 82' lang='lat' dir='ltr'>quis</span> <span class='ocrx_word' id='word_1_414' title='bbox 2387 3482 2450 3530; x_wconf 80' lang='lat' dir='ltr'>ad</span> <span class='ocrx_word' id='word_1_415' title='bbox 2472 3495 2663 3530; x_wconf 81' lang='lat' dir='ltr'>causam</span> 
     </span>
     <span class='ocr_line' id='line_1_81' title="bbox 1588 3556 2659 3628; baseline 0.006 -25"><span class='ocrx_word' id='word_1_416' title='bbox 1588 3560 1812 3608; x_wconf 82' lang='lat' dir='ltr'>orandam</span> <span class='ocrx_word' id='word_1_417' title='bbox 1854 3561 2080 3621; x_wconf 84' lang='lat' dir='ltr'>mercede,</span> <span class='ocrx_word' id='word_1_418' title='bbox 2118 3563 2201 3607; x_wconf 74' lang='lat' dir='ltr'>aut</span> <span class='ocrx_word' id='word_1_419' title='bbox 2233 3556 2368 3628; x_wconf 79' lang='lat' dir='ltr'>donis</span> <span class='ocrx_word' id='word_1_420' title='bbox 2404 3562 2659 3609; x_wconf 76' lang='lat' dir='ltr'>emeretur.</span> 
     </span>
     <span class='ocr_line' id='line_1_82' title="bbox 1588 3633 2662 3699; baseline 0.002 -16"><span class='ocrx_word' id='word_1_421' title='bbox 1588 3635 1809 3699; x_wconf 88' lang='lat' dir='ltr'>Utrique</span> <span class='ocrx_word' id='word_1_422' title='bbox 1826 3650 1886 3694; x_wconf 42' lang='lat' dir='ltr'>‚se</span> <span class='ocrx_word' id='word_1_423' title='bbox 1907 3636 2234 3686; x_wconf 88' lang='lat' dir='ltr'>redimebant</span> <span class='ocrx_word' id='word_1_424' title='bbox 2254 3635 2477 3698; x_wconf 85' lang='lat' dir='ltr'>pecunia</span> <span class='ocrx_word' id='word_1_425' title='bbox 2499 3641 2554 3685; x_wconf 86' lang='lat' dir='ltr'>et</span> <span class='ocrx_word' id='word_1_426' title='bbox 2571 3633 2662 3685; x_wconf 89' lang='lat' dir='ltr'>do·</span> 
     </span>
     <span class='ocr_line' id='line_1_83' title="bbox 1587 3711 2660 3784; baseline 0.004 -25"><span class='ocrx_word' id='word_1_427' title='bbox 1587 3711 1685 3775; x_wconf 87' lang='lat' dir='ltr'>nis,</span> <span class='ocrx_word' id='word_1_428' title='bbox 1729 3712 2019 3776; x_wconf 82' lang='lat' dir='ltr'>litigatores</span> <span class='ocrx_word' id='word_1_429' title='bbox 2063 3719 2118 3762; x_wconf 91' lang='lat' dir='ltr'>et</span> <span class='ocrx_word' id='word_1_430' title='bbox 2162 3715 2467 3782; x_wconf 64' lang='lat' dir='ltr'>quaestores,</span> <span class='ocrx_word' id='word_1_431' title='bbox 2514 3719 2660 3784; x_wconf 75' lang='lat' dir='ltr'>teste</span> 
     </span>
     <span class='ocr_line' id='line_1_84' title="bbox 1583 3788 2659 3855; baseline 0.005 -17"><span class='ocrx_word' id='word_1_432' title='bbox 1583 3790 1697 3855; x_wconf 89' lang='lat' dir='ltr'>ipso</span> <span class='ocrx_word' id='word_1_433' title='bbox 1734 3792 1919 3840; x_wconf 84' lang='lat' dir='ltr'>Tacito</span> <span class='ocrx_word' id='word_1_434' title='bbox 1949 3797 2224 3855; x_wconf 86' lang='lat' dir='ltr'>supra;·at</span> <span class='ocrx_word' id='word_1_435' title='bbox 2264 3805 2399 3840; x_wconf 89' lang='lat' dir='ltr'>nunc</span> <span class='ocrx_word' id='word_1_436' title='bbox 2432 3788 2659 3843; x_wconf 59' lang='lat' dir='ltr'>&#39;interdin</span> 
     </span>
     <span class='ocr_line' id='line_1_85' title="bbox 1584 3855 2653 3945; baseline -0.001 -27"><span class='ocrx_word' id='word_1_437' title='bbox 1584 3869 1721 3919; x_wconf 90' lang='lat' dir='ltr'>citur</span> <span class='ocrx_word' id='word_1_438' title='bbox 1741 3858 1978 3941; x_wconf 59' lang='lat' dir='ltr'>‘up-isque</span> <span class='ocrx_word' id='word_1_439' title='bbox 2016 3871 2133 3919; x_wconf 89' lang='lat' dir='ltr'>talis</span> <span class='ocrx_word' id='word_1_440' title='bbox 2154 3855 2653 3945; x_wconf 60' lang='lat' dir='ltr'>vcorruptio,.l&#39;itiga-</span> 
     </span>
     <span class='ocr_line' id='line_1_86' title="bbox 1585 3942 2656 4011; baseline 0.001 -16"><span class='ocrx_word' id='word_1_441' title='bbox 1585 3942 1784 3997; x_wconf 69' lang='lat' dir='ltr'>toribus</span> <span class='ocrx_word' id='word_1_442' title='bbox 1810 3962 1981 3997; x_wconf 89' lang='lat' dir='ltr'>emere</span> <span class='ocrx_word' id='word_1_443' title='bbox 2007 3955 2346 4011; x_wconf 70' lang='lat' dir='ltr'>patronoS,-et</span> <span class='ocrx_word' id='word_1_444' title='bbox 2381 3947 2505 3996; x_wconf 87' lang='lat' dir='ltr'>dare</span> <span class='ocrx_word' id='word_1_445' title='bbox 2549 3944 2656 4000; x_wconf 81' lang='lat' dir='ltr'>illis</span> 
     </span>
     <span class='ocr_line' id='line_1_87' title="bbox 1581 4016 2654 4088; baseline -0.003 -13"><span class='ocrx_word' id='word_1_446' title='bbox 1581 4024 1877 4075; x_wconf 89' lang='lat' dir='ltr'>mercedem</span> <span class='ocrx_word' id='word_1_447' title='bbox 1898 4039 1959 4078; x_wconf 79' lang='lat' dir='ltr'>ac</span> <span class='ocrx_word' id='word_1_448' title='bbox 1985 4016 2288 4088; x_wconf 82' lang='lat' dir='ltr'>pecuniam3</span> <span class='ocrx_word' id='word_1_449' title='bbox 2314 4023 2462 4074; x_wconf 85' lang='lat' dir='ltr'>simul</span> <span class='ocrx_word' id='word_1_450' title='bbox 2486 4029 2543 4074; x_wconf 90' lang='lat' dir='ltr'>et</span> <span class='ocrx_word' id='word_1_451' title='bbox 2564 4037 2654 4077; x_wconf 70' lang='lat' dir='ltr'>ca-</span> 
     </span>
     <span class='ocr_line' id='line_1_88' title="bbox 1582 4100 2734 4166; baseline 0.001 -16"><span class='ocrx_word' id='word_1_452' title='bbox 1582 4109 1752 4163; x_wconf 84' lang='lat' dir='ltr'>vetur,</span> <span class='ocrx_word' id='word_1_453' title='bbox 1768 4118 1827 4154; x_wconf 79' lang='lat' dir='ltr'>ne</span> <span class='ocrx_word' id='word_1_454' title='bbox 1847 4104 2113 4165; x_wconf 75' lang='lat' dir='ltr'>designatis</span> <span class='ocrx_word' id='word_1_455' title='bbox 2132 4105 2318 4166; x_wconf 71' lang='lat' dir='ltr'>quidem</span> <span class='ocrx_word' id='word_1_456' title='bbox 2342 4100 2666 4166; x_wconf 63' lang='lat' dir='ltr'>quaestoribus·</span> <span class='ocrx_word' id='word_1_457' title='bbox 2718 4109 2734 4138; x_wconf 85' lang='lat'>·&#39;</span> 
     </span>
     <span class='ocr_line' id='line_1_89' title="bbox 1580 4180 2700 4242; baseline 0.001 -15"><span class='ocrx_word' id='word_1_458' title='bbox 1580 4180 1700 4228; x_wconf 81' lang='lat' dir='ltr'>esset</span> <span class='ocrx_word' id='word_1_459' title='bbox 1724 4180 2006 4229; x_wconf 78' lang='lat' dir='ltr'>necessitas</span> <span class='ocrx_word' id='word_1_460' title='bbox 2025 4180 2311 4229; x_wconf 87' lang='lat' dir='ltr'>redimendi</span> <span class='ocrx_word' id='word_1_461' title='bbox 2331 4180 2433 4229; x_wconf 85' lang='lat' dir='ltr'>tale</span> <span class='ocrx_word' id='word_1_462' title='bbox 2450 4193 2654 4242; x_wconf 78' lang='lat' dir='ltr'>munuS,</span> <span class='ocrx_word' id='word_1_463' title='bbox 2696 4209 2700 4214; x_wconf 89' lang='lat'><em>-</em></span> 
     </span>
     <span class='ocr_line' id='line_1_90' title="bbox 1579 4248 2650 4321; baseline -0.001 -17"><span class='ocrx_word' id='word_1_464' title='bbox 1579 4256 1854 4319; x_wconf 85' lang='lat' dir='ltr'>largitione</span> <span class='ocrx_word' id='word_1_465' title='bbox 1877 4248 2317 4321; x_wconf 76' lang='lat' dir='ltr'>spectaculorum.</span> <span class='ocrx_word' id='word_1_466' title='bbox 2366 4256 2498 4305; x_wconf 88' lang='lat' dir='ltr'>Cum</span> <span class='ocrx_word' id='word_1_467' title='bbox 2520 4254 2650 4305; x_wconf 76' lang='lat' dir='ltr'>dicit</span> 
     </span>
    </p>
   </div>
   <div class='ocr_carea' id='block_1_19' title="bbox 1523 4331 2648 4422">
    <p class='ocr_par' dir='ltr' id='par_1_27' title="bbox 1523 4331 2648 4422">
     <span class='ocr_line' id='line_1_91' title="bbox 1523 4331 2648 4422; baseline 0 -38"><span class='ocrx_word' id='word_1_468' title='bbox 1523 4376 1527 4379; x_wconf 80' lang='lat'>.</span> <span class='ocrx_word' id='word_1_469' title='bbox 1577 4347 1755 4422; x_wconf 55' lang='lat' dir='ltr'>supra)</span> <span class='ocrx_word' id='word_1_470' title='bbox 1772 4335 2164 4407; x_wconf 65' lang='lat' dir='ltr'>adipiscerentur,</span> <span class='ocrx_word' id='word_1_471' title='bbox 2197 4334 2256 4390; x_wconf 87' lang='lat' dir='ltr'>id</span> <span class='ocrx_word' id='word_1_472' title='bbox 2276 4331 2547 4398; x_wconf 77' lang='lat' dir='ltr'>jutelligit</span> <span class='ocrx_word' id='word_1_473' title='bbox 2578 4332 2648 4393; x_wconf 75' lang='lat' dir='ltr'>de</span> 
     </span>
    </p>
   </div>
  </div>
 </body>
</html>
