3063 4952
372 405 440 461 ι.
462 404 663 496 aaa]
2414 386 2593 468 2005

375 548 558 615 :nine
586 541 886 623 Pisonis,
919 541 1101 628 quod
1130 550 1198 609 a¹
1226 541 1505 612 visendo
1531 561 1618 608 eo
1648 543 2124 627 prohiberetur,
2154 557 2359 630 seque
2382 548 2588 613 ratio-

377 669 538 716 nem
562 647 968 716 valetudinis
993 653 1062 713 et
1083 651 1398 712 amorem²
1428 647 1672 730 quietis
1715 639 2193 726 excusavisse?
2218 650 2585 732 respondit.

377 754 403 796 ὅ
433 750 573 817 Gur
622 751 903 817 salutem
949 743 1202 834 privatio
1237 748 1521 812 hominis
1568 749 2006 815 incolumitati
2046 770 2186 815 suae
2214 751 2586 834 anteferret,

374 871 666 920 causam
715 873 852 918 non
890 852 1246 917 habuisse:
1291 871 1413 917 nec
1470 852 1602 918 sibi
1651 860 2006 938 promtum!
2051 854 2123 917 in
2172 854 2588 922 adulationes

373 957 738 1041 ingenium.
827 954 1045 1039 quue
1093 953 1255 1020 nulli
1304 955 1521 1040 magis
1579 974 1875 1037 gnarum,
1907 975 2107 1039 quam
2120 955 2422 1044 sNeroni,
2467 957 2583 1041 qui

375 1060 639 1143 saepius
663 1058 1037 1122 libertatem
1068 1056 1385 1135 Senecae‚²
1411 1075 1611 1140 quam
1651 1058 1988 1122 servitium
2018 1064 2334 1141 expertus
2361 1057 2584 1125 esset.’

376 1159 520 1225 Ubi
549 1161 697 1225 haec
728 1181 773 1224 a
799 1159 1099 1224 Tribuno
1125 1158 1333 1223 relata
1360 1166 1533 1237 sunt,
1552 1156 1865 1242 Poppaea
1893 1167 1961 1225 et
1975 1159 2305 1243 Tigellino
2332 1180 2580 1244 coram,

376 1262 557 1347 quod
590 1269 731 1326 erat
758 1262 1056 1326 saevienti
1092 1260 1388 1343 Principi
1434 1261 1733 1325 intimum
1783 1262 2262 1341 consiliorum,a
2310 1263 2584 1327 interro·

369 1370 527 1448 gat:
562 1370 581 1401 ‘
610 1384 696 1430 an
723 1364 981 1429 Seneca
1006 1362 1444 1428 voluntariam
1468 1370 1738 1430 mortem
1770 1369 2035 1447 pararet
2048 1363 2099 1430 Υ
2140 1359 2316 1429 Tum
2337 1364 2582 1430 Tribu-

368 1485 527 1544 nuS,
579 1471 600 1501 ‘
628 1465 811 1530 nulla
858 1464 1137 1549 pavoris
1185 1464 1423 1547 signa?
1470 1467 1633 1530 nihil
1683 1468 1865 1532 triste
1909 1470 1980 1532 in
2021 1469 2246 1534 verbis
2286 1468 2436 1553 ejus
2466 1473 2581 1533 aut

369 1570 569 1635 vultu
612 1566 1135 1652 deprehensum,’
1185 1569 1624 1636 confirmavit.
1715 1570 1895 1653 Ergo
1950 1575 1971 1605 ‘
1996 1571 2249 1653 regredi
2299 1580 2365 1637 et
2408 1567 2580 1649 indi÷

1114 397 1529 448 nunaunt(
1578 398 1725 450 mn.
1770 399 1901 451 XV.

263 1747 278 1754 ‚
373 1691 528 1736 cere
552 1670 847 1735 mortem’
867 1670 1190 1754 jubetur-f·
1272 1670 1515 1735 Tradit<
1557 1672 1810 1739 Fabius
1862 1673 2213 1753 RusticuS,
2262 1678 2283 1708 ‘
2306 1692 2575 1753 non-eo,

372 1852 514 1931 quod
540 1854 686 1904 aditu
709 1853 847 1903 illius
867 1860 1155 1916 arceretur,
1173 1868 1331 1919 seque
1355 1868 1562 1905 causam
1584 1855 1638 1905 in
1670 1856 1905 1907 morbum
1924 1864 1979 1907 et
2000 1856 2297 1922 cupidinem
2321 1856 2416 1907 otii
2438 1863 2576 1906 retu·

365 1920 513 1969 lnsse.
579 1922 653 1969 At
676 1920 799 1969 nihil
822 1934 990 1969 causae
1013 1918 1191 1981 fuisse,
1229 1934 1324 1969 eur
1362 1921 1774 1972 incolumitatem
1809 1923 1999 1986 privati
2030 1923 2247 1988 hominis
2281 1937 2387 1972 suae
2419 1921 2576 1971 saluti

368 1993 733 2050 praeponeret:
771 1999 866 2034 nec
890 1984 985 2034 sibi
1009 1999 1222 2048 pronum
1241 1984 1293 2033 in
1312 1987 1690 2038 assentationes
1711 1988 1954 2039 animum.
2009 1988 2177 2054 quue
2199 1987 2393 2038 nemini
2409 1988 2575 2049 magis

370 2058 717 2115 compertum,
753 2063 907 2115 quam
948 2050 1146 2099 Neroni
1188 2050 1300 2113 ipsi,
1336 2052 1424 2116 qui
1452 2052 1643 2117 saepius
1680 2053 2011 2117 cognovisset
2042 2053 2335 2103 libertatem
2358 2054 2573 2102 Senecae

369 2130 526 2179 quam
548 2117 870 2166 servitutem.
941 2116 1062 2164 Cum
1077 2116 1176 2165 haec
1196 2116 1412 2164 tribunus
1430 2117 1761 2179 renuntiasset,
1787 2118 2098 2181 praesentz'bus
2117 2120 2325 2182 Poppoea
2346 2124 2393 2166 et
2417 2118 2576 2179 Tigel-

321 2216 331 2231 ,
366 2181 484 2244 lino,
506 2183 630 2245 quod
651 2185 753 2230 erat
771 2181 1015 2243 grassanti
1026 2194 1111 2243 per
1126 2180 1470 2230 immanitatem
1486 2183 1761 2245 imperatori
1772 2183 2121 2232 sanctissimum
2136 2183 2452 2245 consiliorum,
2466 2196 2574 2244 per·

365 2251 621 2295 cunctatur
637 2262 658 2305 ;
692 2260 757 2294 an
776 2249 976 2295 Seneca
997 2258 1051 2293 se
1071 2244 1137 2293 ad
1158 2252 1492 2308 spontaneam
1526 2253 1747 2297 mortem
1780 2247 2112 2310 disponeret?
2149 2246 2268 2296 Tum
2287 2246 2575 2295 asseveravit

364 2311 604 2372 tribunus,
628 2312 770 2359 nulla
789 2310 1172 2359 animadvertisse
1191 2308 1479 2359 formidinis
1500 2312 1711 2373 indicia,
1733 2312 1963 2375 nihilque
2001 2317 2239 2362 moestum
2259 2312 2313 2360 in
2336 2324 2572 2361 sermone

364 2375 505 2425 illius
530 2383 621 2425 aut
644 2376 777 2425 facie
796 2374 1134 2438 perspexisse.
1190 2376 1360 2437 Itaque
1395 2376 1591 2426 reverti
1612 2375 1828 2439 jubetur,
1851 2384 1908 2426 et
1938 2383 2158 2426 mortem
2180 2376 2231 2425 ei
2251 2376 2572 2425 denuntiare.

367 2439 553 2492 San—ibit
576 2441 757 2493 Fabius
790 2440 1032 2504 Rusticus,
1056 2454 1157 2490 non
1198 2441 1381 2491 eadem
1424 2442 1507 2492 via
1544 2441 2056 2508 rediissetribomum,
2077 2457 2181 2507 qua
2218 2448 2455 2506 venerat,
2477 2440 2572 2492 sed

1300 2573 1328 2590 θ
1334 2572 1654 2592 “N‘OOOO‘O

434 2661 462 2706 1
500 2654 589 2706 Ita
611 2656 743 2705 Mss.
767 2656 905 2705 Flor.
933 2656 1065 2718 Reg.
1087 2655 1345 2706 editiones
1367 2662 1571 2706 veteres
1591 2659 1646 2704 et
1666 2655 2000 2706 recentiores.
2065 2652 2385 2719 Praepositio
2418 2653 2572 2704 abest
2655 2678 2664 2685 ·

367 2737 401 2770 a
439 2720 568 2772 Mss.
603 2721 753 2772 Harl.
797 2721 945 2771 Bodl.
979 2722 1091 2773 Jes.
1129 2722 1407 2771 Rhenanus
1448 2735 1564 2769 eam
1602 2735 1810 2787 quoque
1846 2720 2134 2770 omisit-2
2167 2719 2255 2770 Ita
2278 2720 2406 2770 Mss.
2432 2718 2572 2769 Flor.

365 2786 524 2837 Corb.
549 2778 712 2837 editio
736 2787 1001 2852 princeps,
1022 2786 1253 2837 Pichena
1274 2794 1329 2836 et
1353 2785 1692 2836 recentiores.
1758 2786 2096 2850 Puteolanus,
2116 2799 2165 2834 se
2196 2785 2378 2835 ratione
2396 2785 2572 2834 valitu-

1369 2935 1583 2986 NOTAE

333 3068 342 3073 '
430 3073 454 3111 5
489 3067 594 3115 Nec
614 3065 708 3115 sibi
724 3066 985 3131 promtam]
1016 3065 1139 3130 Ipse
1168 3065 1236 3116 de
1272 3080 1327 3116 se
1361 3064 1430 3116 'ad

364 3143 666 3194 Neronem:
733 3144 750 3171 ‘
777 3143 899 3193 Non
946 3142 1180 3192 blandiar
1224 3144 1430 3193 auribus

365 3221 468 3270 tuis
492 3237 506 3269 ι
536 3234 636 3270 nec
658 3219 795 3269 enim
814 3218 934 3268 mihi
955 3217 1035 3268 hic
1053 3232 1161 3268 mos
1184 3225 1281 3268 est.
1316 3220 1431 3268 Ma·

360 3296 546 3347 luerim
565 3295 701 3346 veris
731 3293 1015 3358 offendere,
1046 3309 1197 3360 quam
1221 3295 1430 3360 placere

364 3372 661 3424 adulando!
718 3372 922 3436 Lipsius.
1137 3438 1140 3441 .

428 3459 450 3484 ¹
469 3450 569 3507 Qui
589 3451 761 3514 saepius
778 3449 1043 3498 libertatem
1060 3446 1275 3510 Senem]
1292 3448 1425 3499 Quae

357 3529 575 3580 libertas
600 3529 847 3578 adversus
868 3524 1130 3590 principes
1154 3537 1295 3587 saepe
1319 3524 1427 3573 vin·

361 3609 544 3658 dicata
564 3606 717 3657 ferro.
751 3605 960 3670 Apoph.
977 3606 1015 3653 l.
1039 3617 1141 3653 vn.
1171 3602 1428 3653 Aristote-

358 3689 439 3737 les
462 3688 478 3715 ‘
495 3685 865 3736 Callisthenem
888 3682 1196 3746 discipulum
1217 3681 1427 3730 liberius

359 3764 530 3813 multa
570 3762 835 3812 dicentem
879 3760 1019 3826 apud
1070 3758 1425 3808 Alexandrum

363 3839 654 3891 Homerico
677 3839 904 3888 carmine
938 3837 1221 3888 admonuit.
1254 3833 1429 3896 ὦκύμο.

297 3932 304 3940 ’
360 3935 441 3983 ρος
463 3915 521 3976 δή
540 3935 637 3979 μοι,
657 3913 814 3978 τέκος,
846 3913 1027 3975 ἔσσεαι,
1062 3912 1122 3964 οῖ’
1156 3911 1424 3978 ἂγορεύειςε

362 3994 521 4058 Talia,
543 3999 674 4057 nate,
696 3994 885 4057 loquens
906 3991 1030 4042 haud
1046 3992 1192 4041 multo
1220 3996 1426 4054 tempore

359 4087 508 4123 moes.

424 4156 450 4182 ⁸
475 4149 614 4205 Quod
630 4152 734 4197 erat
750 4145 965 4196 saevienti
973 4144 1191 4209 Principi
1207 4146 1427 4195 intimum

359 4223 684 4286 consiliorum]
718 4222 838 4272 Hoc
861 4222 1027 4284 ipsum
1061 4222 1291 4286 graviter
1312 4237 1429 4286 per·

1508 3063 1648 3114 feros
1671 3063 1862 3129 potius,
1880 3068 1935 3114 et
1959 3076 2306 3129 quoscumque
2323 3060 2391 3112 de
2408 3060 2575 3126 suspi-

1510 3141 1743 3192 cionibus
1759 3142 1863 3191 suis
1885 3143 2029 3191 Deos
2045 3140 2404 3202 consuluisset,
2416 3148 2572 3203 quam

1508 3216 1842 3282 lupanaribus
1883 3223 2043 3281 atque
2095 3215 2386 3279 prostitutis
2429 3227 2574 3263 man-

1510 3293 1689 3343 dasset
1724 3292 2082 3357 inquisitiones
2122 3304 2247 3340 eas:
2282 3290 2422 3339 nulla
2453 3304 2571 3354 pro·

1508 3371 1654 3423 fecto
1712 3387 1875 3435 sacra,
1926 3371 2135 3421 barbari
2184 3370 2311 3419 licet
2365 3367 2570 3434 ferique

1509 3451 1660 3514 ritus,
1682 3465 1783 3499 non
1811 3448 2019 3499 mitiora
2041 3463 2196 3514 quam
2232 3446 2571 3509 cogitationes

1507 3526 1622 3591 ejus
1642 3525 1892 3577 fuissent!
1957 3524 2325 3576 Freinshemius.

1572 3602 1597 3639 b
1630 3605 1777 3653 Nulla
1810 3604 1997 3668 pavoris
2037 3601 2201 3667 sigua]
2271 3602 2413 3664 Lege
2455 3600 2570 3650 haee

1507 3698 1629 3734 cnm
1661 3681 2026 3748 sequentibus:
2061 3688 2116 3731 et
2137 3681 2375 3742 admitte,
2396 3680 2568 3742 sodes,

1507 3760 1791 3810 calumnias
1813 3759 2017 3809 Dionis.
2083 3759 2292 3822 Lipsius.
2536 3776 2540 3781 ·

1573 3843 1595 3869 c
1628 3836 1841 3886 Induere
1871 3841 2067 3885 mrtem
2090 3834 2307 3898 jubetur]
2344 3834 2571 3884 Interro-

1510 3922 1663 3977 gatus
1698 3914 1956 3963 Tribunus
1988 3929 2052 3962 an
2087 3921 2305 3963 mortem
2337 3913 2571 3961 volunta-

1507 3993 1635 4042 riam
1669 3992 1768 4042 sibi
1806 3992 2006 4042 Seneca
2054 3996 2280 4055 pararet,
2318 4004 2431 4038 eam
2466 4003 2570 4037 non

1506 4069 1716 4133 paranti
1737 4068 1970 4118 indicere
1987 4084 2015 4117 a
2038 4069 2252 4119 Nerone
2262 4069 2437 4133 jussus
2473 4076 2570 4118 est.

1506 4148 1637 4196 Erat
1657 4148 1792 4197 enim
1811 4161 2078 4210 summum,
2098 4147 2234 4212 quod
2260 4145 2464 4210 tyranni
2488 4159 2573 4194 ve-

1506 4231 1647 4275 teres
1660 4223 1943 4288 ¹haberent,
1963 4224 2206 4275 damnato
2228 4225 2349 4288 jure
2389 4226 2470 4274 vel
2494 4225 2571 4273 in-

362 4303 598 4368 stringit.
647 4301 785 4356 Plin.
825 4312 967 4351 xxx.
1003 4304 1053 4352 2.
1083 4301 1099 4328 ⁴
1120 4300 1332 4352 Utinam
1352 4301 1429 4352 in·
1463 4376 1468 4381 .
1499 4303 1646 4370 juria
1665 4302 1877 4355 liberam
1900 4303 2078 4354 mortis
2101 4302 2408 4356 electionem
2446 4317 2569 4354 con-
