3063 4952
340 390 605 465 ἅλιαι]
646 394 651 399 ’
2363 366 2536 435 1668

288 599 298 604 -
340 562 620 611 cansam
648 539 932 626 periculi
958 537 1142 616 fecit,
1173 537 1413 602 ceteris
1432 535 1754 605 libertatis
1780 533 2042 599 initium
2067 550 2204 596 non
2230 529 2539 616 praebuit.

251 684 260 692 -
339 645 660 730 Prodigia
714 663 979 728 quoque
1048 641 1280 706 crebra
1337 645 1406 705 et
1463 640 1674 704 irrita⁸
1728 640 2192 704 intercessere:
2266 652 2545 717 anguem

338 742 541 812 enixa
569 746 841 811 mulier:
887 750 953 809 et
1001 743 1134 807 alia
1161 743 1231 806 in
1269 742 1627 806 concubitu
1656 740 1880 804 mariti
1904 738 2173 817 fulmine
2202 737 2542 802 exanima-

332 853 448 915 ta:
485 852 632 934 Jam
662 849 764 913 sol
790 852 1055 932 repente
1082 842 1531 923 obscuratuS,¹’
1575 850 1643 909 et
1684 848 1885 908 tactae
1915 842 1999 906 de
2027 840 2201 906 coelo
2227 843 2542 923 quatuor?

337 955 553 1023 decim
610 953 796 1016 urbis
849 951 1156 1032 regiones
1186 968 1203 1011 ε
1264 963 1417 1031 quae
1460 946 1631 1011 adeo
1680 948 1821 1010 sine
1850 964 2008 1009 cura
2031 943 2256 1008 Deum
2284 942 2544 1007 evenie-

311 1042 545 1135 'Themac
572 1062 652 1121 ut
676 1054 923 1121 multos
954 1058 1114 1137 post
1142 1071 1351 1117 annos
1383 1050 1569 1115 Nero
1601 1050 1947 1134 imperium
1974 1051 2041 1112 et
2080 1046 2335 1112 scelera
2385 1064 2541 1111 con-

1029 379 1440 440 ANNA-LIUM
1490 383 1636 437 Lm.
1684 386 1847 436 xm.

328 1195 580 1268 proeterire
594 1208 911 1262 consueverat,
947 1206 1050 1251 tm
1079 1218 1106 1251 e
1123 1201 1258 1250 eurio
1280 1201 1526 1259 discessit:
1565 1206 1612 1250 et
1633 1216 1716 1250 suo
1733 1199 1998 1249 discrimini
2020 1198 2303 1248 occasionem
2320 1196 2545 1262 prebuit,

335 1286 417 1319 nec
439 1271 551 1319 aliis
561 1269 845 1334 principium
865 1266 1251 1325 ubertatissecit.
1319 1266 1521 1316 Interim
1541 1267 1687 1315 etiam
1709 1281 1898 1315 evenere
1917 1267 2068 1314 multa
2090 1270 2138 1314 et
2155 1263 2318 1313 inania
2339 1269 2543 1312 ostenta.

335 1335 551 1385 Foemina
581 1337 765 1399 peperit
786 1337 1044 1397 serpentem
1065 1349 1083 1383 :
1116 1337 1164 1382 et
1192 1332 1292 1382 alia
1314 1333 1367 1381 in
1388 1331 1515 1381 coitu
1537 1332 1630 1379 viri
1640 1330 1844 1393 fulg-ure
1860 1330 2094 1380 exstincta
2116 1335 2215 1378 est.
2288 1328 2452 1377 Etiam
2470 1328 2544 1376 sol

334 1400 486 1449 subito
528 1399 724 1460 defecit,
761 1405 806 1448 et
848 1399 1199 1463 quatuordecim
1238 1397 1451 1460 regiones
1483 1398 1614 1445 urbis
1650 1397 1759 1445 ἐσται
1787 1396 1996 1456 fulmine
2011 1411 2028 1444 .-
2058 1410 2162 1458 quae
2193 1395 2420 1442 adeocine
2433 1404 2543 1457 pro·

335 1467 543 1515 videntia
576 1466 818 1514 numinum
846 1463 1197 1530 contingebant,
1227 1468 1282 1513 ut
1324 1463 1490 1513 multis
1519 1462 1725 1526 posthaec
1762 1462 1917 1524 aunis,
1962 1461 2093 1509 Nero
2112 1459 2472 1509 dominationem
2493 1461 2541 1506 et

1259 1577 1555 1597 OMOOO‘OO
1560 1576 1616 1595 ’θ’

336 1655 412 1703 Ea
433 1668 560 1703 vero
580 1654 737 1713 lecta,
753 1652 981 1702 surrexit
1001 1653 1143 1718 prius
1166 1668 1321 1718 quam
1360 1652 1491 1700 itum
1523 1657 1664 1700 esset
1682 1650 1733 1699 in
1763 1650 2045 1700 sententias
2068 1665 2085 1711 ;
2131 1648 2381 1714 exiitque,
2400 1645 2541 1712 quod

334 1734 415 1781 ea,
438 1733 558 1783 qua:
582 1719 762 1778 vellet,
784 1717 956 1768 dicere
979 1733 1079 1768 non
1104 1726 1276 1782 posset
1297 1735 1311 1776 3
1352 1731 1468 1783 quae
1507 1725 1680 1766 autem
1705 1723 1895 1780 posset,
1934 1730 2037 1765 non
2058 1714 2252 1765 vellet?
2317 1713 2541 1777 Ipseque

331 1785 549 1834 Tacitus
591 1782 781 1833 Annal.
823 1796 938 1838 xvi.
976 1788 1057 1832 21.
1100 1785 1239 1833 inter
1275 1783 1519 1831 Thraseae
1562 1781 2073 1843 crimina‘recenset‚
2128 1779 2144 1807 ⁶
2167 1779 2309 1845 quod
2356 1783 2540 1840 senatu

327 1848 340 1913 f
1328 1904 1547 1955 NOTAE

328 2003 547 2068 profano
581 2006 733 2068 loco;
787 2020 953 2070 neque
998 2013 1146 2055 certe
1193 2003 1397 2054 facinus

334 2083 560 2133 Neronis
579 2083 778 2132 landari
799 2083 985 2146 potuit,
1006 2089 1097 2131 aut
1118 2081 1397 2146 approbari

328 2163 382 2210 in
405 2167 608 2223 senatu,
626 2160 723 2209 nisi
748 2176 841 2225 per
873 2175 1121 2210 summum
1146 2160 1330 2209 scelus.

390 2246 413 2271 ²
446 2239 596 2288 Exiit
617 2243 717 2287 tum
739 2236 928 2300 senatu]
965 2238 1129 2287 Recte
1153 2236 1275 2286 exiit
1295 2241 1397 2284 tum

326 2319 506 2364 amatu.
566 2315 683 2364 Hoc
703 2314 838 2363 enim
862 2315 970 2363 solo
1004 2313 1097 2362 sibi
1121 2313 1397 2362 discrimen

329 2392 538 2455 peperit
559 2406 773 2454 magnus
796 2392 882 2440 ilie
907 2391 1003 2452 vir,
1037 2390 1174 2455 quod
1212 2395 1395 2439 senatu

329 2483 569 2531 egressus
603 2475 704 2531 est,
737 2483 853 2517 cum
894 2466 960 2516 de
996 2465 1281 2532 Agrippina
1316 2481 1399 2515 re·

328 2544 576 2595 ferretur.
622 2545 950 2610 xiphilinus:
975 2546 990 2572 ‘
1009 2545 1225 2594 Publius
1238 2544 1395 2593 Thra-

329 2635 416 2671 sea
440 2623 623 2672 Paetua
648 2622 796 2670 venit
835 2621 1040 2686 quidem
1066 2622 1116 2669 in
1141 2627 1395 2683 senatum,

328 2706 381 2748 et
401 2698 603 2749 audivit
626 2699 925 2763 epistolam3
972 2713 1073 2762 qua
1097 2699 1319 2747 recitata
1342 2699 1394 2746 in

327 2786 532 2839 senatu,
572 2778 796 2827 surrexit
850 2776 1044 2838 statim,
1099 2777 1396 2840 priusquam

328 2855 518 2920 aliquid
543 2853 937 2915 decerneretur,
960 2861 1013 2901 et
1037 2852 1200 2902 exivit
1226 2868 1240 2912 3
1276 2852 1397 2916 quia

328 2933 501 2982 dicere
526 2946 628 2980 non
675 2937 883 2995 poterat
907 2944 1022 2994 quae
1045 2929 1231 2990 veliet3
1277 2943 1393 2993 quae

327 3022 450 3058 vero
472 3015 671 3072 posset,
697 3006 931 3071 proferre
956 3004 1157 3055 noluit!

390 3085 463 3134 Et
503 3084 674 3134 Tacit.
716 3097 830 3132 xvr.
870 3083 1006 3133 hunc
1042 3084 1212 3131 iocum
1234 3082 1398 3146 respi-

327 3162 465 3212 ciens
486 3178 500 3212 :
548 3163 564 3189 ⁴
590 3161 731 3211 Olim
773 3161 1001 3225 utrisque
1047 3157 1296 3221 infensus,
1341 3166 1397 3209 et

328 3238 697 3289 accedentibus
712 3239 875 3288 causis
888 3239 939 3288 in
948 3238 1244 3296 Thraseam,
1257 3238 1393 3302 quod

330 3326 513 3369 senatu
532 3329 772 3383 egressus
793 3327 893 3380 est,
927 3331 1043 3366 cum
1065 3317 1131 3365 de
1158 3316 1394 3379 Agrippi-

325 3409 390 3445 na
406 3394 714 3458 referretur,
740 3402 794 3444 nt
815 3394 1130 3444 memoravi?
1184 3394 1392 3457 Lipsius.

326 3485 333 3488 ’
386 3479 411 3506 ⁸
443 3474 623 3537 Irrita]
677 3474 920 3537 Prodigia
943 3474 1032 3522 illa
1065 3472 1212 3521 irrita
1233 3479 1392 3538 atque

325 3550 516 3611 inania,
540 3551 661 3615 quia
683 3550 868 3598 nullius
892 3549 1037 3598 bonae
1073 3548 1149 3597 rei
1182 3557 1392 3598 ostenta

324 3634 492 3678 crant.
575 3628 622 3677 N
629 3642 695 3676 on
716 3627 851 3676 enim
876 3627 1093 3689 exitum,
1115 3641 1215 3675 non
1235 3626 1389 3676 finem

324 3708 571 3756 malornm
625 3707 973 3755 ostendebant
994 3722 1005 3754 :
1065 3705 1203 3769 quod
1260 3706 1389 3757 dicit

323 3784 535 3835 Tacitus
556 3804 569 3833 :
596 3787 611 3812 ‘
637 3784 770 3835 Quae
795 3784 924 3832 adeo
944 3784 1055 3832 sine
1074 3798 1198 3832 cura
1215 3785 1390 3832 Deum

325 3864 649 3929 eveniebant,
667 3870 725 3912 ut
750 3864 936 3913 multos
963 3875 1077 3926 post
1100 3878 1261 3913 annos
1290 3864 1387 3912 Ne·

324 3956 383 4001 ro
421 3940 693 4006 imperium
734 3950 803 3993 et,
828 3945 1030 3992 scelera
1059 3945 1388 3993 continuave-

327 4017 431 4068 rit?

326 4084 333 4102 ³
386 4093 599 4144 Talibus
635 4088 899 4159 'prodigiis
946 4104 1115 4145 tamen
1149 4088 1387 4145 exterriti

327 4169 411 4240 alii
434 4172 779 4231 dominantes»,
803 4173 891 4237 qui
915 4188 969 4221 se
992 4187 1177 4222 cruore
1197 4172 1385 4222 civium

334 4239 339 4246 ’
362 4248 631 4298 oliuerant.
650 4249 862 4298 Sueten.
884 4254 963 4298 15.
979 4249 1042 4297 de
1057 4250 1351 4298 Domitiano
1371 4266 1385 4299 :

361 4324 767 4375 Continuis-octo
780 4343 787 4348 ·
799 4325 1060 4375 mensibus
1072 4337 1075 4340 ’
1085 4323 1389 4390 tot'fulgura

1476 2001 1620 2053 facta
1659 2002 1998 2066 nuntiataque
2038 2007 2176 2063 sunt,
2205 2003 2266 2050 ut
2285 1999 2545 2049 exclama-

1471 2082 1634 2144 verit,
1655 2083 1836 2132 Feriat
1842 2083 1951 2147 jam
1971 2097 2125 2147 quem
2144 2079 2328 2132 volet!
2483 2072 2490 2077 ’

1542 2159 1566 2193 ¹³
1597 2160 1681 2209 Sol
1700 2166 1889 2224 repente
1909 2157 2201 2222 obscurans]
2234 2159 2315 2207 De
2332 2172 2436 2224 quo
2455 2157 2545 2207 de·

1468 2237 1637 2301 ‘iiquio
1675 2238 1750 2286 sic
1792 2238 1929 2285 Plin.
1956 2250 2045 2287 111.
2066 2241 2148 2285 60.
2181 2238 2197 2264 ‘
2218 2236 2350 2285 Solia
2370 2234 2542 2285 defec-

1474 2320 1603 2375 tum,
1647 2314 1894 2378 Vipsanio
1937 2321 1994 2362 et
2037 2313 2272 2375 Fonteio,
2308 2314 2545 2362 consules

1475 2391 1566 2458 qui
1602 2389 1748 2442 fuere
1786 2397 1907 2440 ante
1932 2405 2123 2455 paucos
2145 2405 2326 2453 annos,
2344 2389 2542 2440 factum

1471 2469 1640 2536 pridie
1683 2467 1905 2520 Kalend.
1951 2468 2142 2532 Maias»,
2198 2467 2309 2534 (alii
2358 2469 2542 2531 legunt,

1474 2547 1750 2598 undecimo
1768 2546 2001 2596 Kalend.
2026 2543 2238 2609 Maias,)
2260 2543 2546 2608 Campania

1472 2626 1599 2673 bora
1622 2624 1726 2674 diei
1760 2624 1899 2673 inter
1937 2623 2207 2686 septimam
2233 2629 2288 2672 et
2306 2627 2542 2670 octavam

1475 2700 1655 2750 sensit.
1721 2700 1948 2750 Corbulo
1970 2701 2109 2749 inter
2129 2700 2305 2748 boram
2335 2697 2439 2747 diei
2458 2696 2546 2746 de-

1475 2777 1660 2827 cimam
1683 2783 1737 2826 et
1755 2777 2099 2838 undecimam,
2117 2771 2343 2840 prodidit
2357 2774 2542 2836 visum,

1474 2854 1695 2905 circuitu
1736 2854 1877 2919 globi
1917 2855 2016 2903 alia
2047 2853 2161 2902 aliis
2181 2852 2460 2915 detegente
2483 2857 2542 2901 et

1476 2932 1810 2983 occultante!
2515 2927 2520 2932 ’

1540 3008 1681 3057 Puto
1719 3007 1771 3057 id
1805 3008 2089 3072 scripserat
2111 3006 2338 3056 Corbulo
2359 3005 2413 3055 in
2436 3004 2542 3056 suia

1475 3086 1852 3134 commentariis
1872 3102 1887 3147 ;
1919 3091 1975 3135 et
1999 3084 2130 3134 vidit
2145 3082 2542 3134 hancffdefectio-

1475 3177 1594 3213 nem
1635 3163 1755 3211 solis
1778 3163 1829 3211 in
1853 3161 2137 3211 Armenia:
2183 3167 2293 3210 tum
2318 3163 2540 3222 praeerat

1475 3237 1612 3288 bello
1636 3237 1884 3287 adversus
1922 3239 2204 3287 Tiridatem
2228 3243 2282 3286 et
2304 3236 2542 3287 Parthos.

1538 3326 1560 3352 θ
1576 3318 1691 3368 Sine
1711 3334 1825 3368 cura
1844 3319 2001 3367 Deum
2024 3315 2318 3378 eveniebant]
2330 3315 2540 3364 Ἐπικου-

1471 3394 1596 3461 ρίζει
1614 3397 1772 3446 ethic
1799 3402 1854 3445 et
1876 3395 1997 3444 alibi
2018 3403 2211 3445 noster.
2246 3394 2457 3458 Lipeius.
2515 3413 2522 3422 ‘

1539 3473 1657 3522 Sine
1680 3489 1791 3522 euru
1827 3473 2000 3537 Deum]
2031 3474 2117 3522 Sic
2151 3472 2292 3532 alibi,
2327 3476 2538 3521 nostram
2620 3512 2625 3518 .

1470 3553 1693 3602 ultionem
1710 3554 1824 3602 Diis
1844 3569 1971 3601 συνα-
1983 3568 2099 3613 esse,
2112 3556 2193 3618 &a
2229 3555 2378 3616 Quae,
2395 3551 2540 3617 puto',

1470 3630 1602 3680 ‘dicit
1647 3636 1843 3679 tantum
1871 3638 1929 3679 ut
1952 3639 2134 3680 auctor
2158 3647 2346 3692 rerum,
2381 3638 2437 3681 et
2469 3643 2536 3682 ex

1472 3708 1612 3771 vulgi
1658 3709 1910 3757 sententia
1937 3723 1997 3758 ac
2022 3724 2244 3770 rumore,
2279 3717 2338 3759 ut
2371 3707 2539 3770 solet}

1472 3789 1658 3852 vulgus,
1693 3788 1847 3847 enim,
1886 3802 2002 3850 quae
2044 3799 2160 3835 sunt
2196 3798 2412 3850 naturae,
2446 3793 2538 3836 aut

1468 3861 1700 3924 fortuita,
1753 3863 2049 3912 coelestibus
2096 3865 2341 3927 imputat,
2382 3870 2438 3911 et
2481 3861 2536 3911 in

1469 3940 1759 4002 prodigium
1804 3942 1979 4003 trahit,
2032 3955 2335 4004 semperque
2389 3939 2535 3989 Deos

1468 4018 1553 4066 vel
1572 4018 1833 4081 adjutores
1853 4018 1934 4066 vel
1954 4019 2145 4066 ultores
2178 4020 2401 4065 invocat.
2461 4031 2464 4034 ’
2561 4071 2565 4075 ,

1536 4096 1715 4144 Potius
1751 4095 1985 4144 Stoicum
2032 4094 2367 4159 profiteretur
2387 4092 2534 4143 Taci-

1470 4179 1571 4235 tuS,
1589 4172 1673 4236 qui
1706 4179 1842 4221 totus
1858 4172 1908 4219 in
1926 4172 2007 4220 lau
2016 4176 2103 4219 des
2121 4171 2352 4232 Senecae,
2370 4168 2534 4219 Thra·

1467 4264 1589 4310 seae,
1625 4245 1880 4310 Helvidii,
1900 4255 1956 4296 et
1979 4247 2217 4297 similium
2245 4243 2532 4304 incumbit:

1470 4323 1938 4389 Porticumpotius
1959 4329 2211 4389 sectatur,
2234 4331 2385 4388 quam
2407 4319 2533 4387 Epi*-
