3063 4952
286 394 624 464 nea&-

361 555 481 623 38.
525 555 840 640 Sequitur
887 553 1138 633 clades,
1180 554 1375 631 forte,

1010 387 1301 447 Annam
1313 388 1422 447 UH
1472 389 1618 440 1³18.
1649 388 1785 440 XV.

2318 374 2499 447 1935
2518 398 2523 405 .

1425 574 1509 619 an
1531 554 1709 620 ¹dfflo
1754 553 2093 637 Principis
2125 552 2446 619 incertum
2465 574 2487 618 ε

286 678 441 723 nam
470 662 825 741 utrumque
852 664 1155 721 auctores
1179 656 1567 740 prodidere:
1634 657 1751 720 sed
1789 657 2121 735 omnibuS,
2149 658 2305 739 quae
2333 657 2494 720 huic

284 761 435 826 urbi
461 780 583 843 per
610 759 988 825 violentiam
1034 758 1284 839 ignium
1337 759 1746 838 acciderunt,
1770 760 2055 843 gravior
2096 763 2290 843 atque
2319 765 2493 823 atro-
2594 844 2605 855 .
2693 744 2706 759 ’

349 951 480 1000 Mox
501 950 653 998 clades
679 947 871 1011 obtigit,
904 963 968 997 aa
1000 962 1131 1007 cusu,
1163 962 1228 996 an
1251 943 1431 1006 fraude
1450 947 1682 1012 principis
1713 947 1908 997 dubium
1936 955 2050 998 est:
2102 963 2210 997 nam
2233 952 2485 1011 utrumque

280 1016 535 1079 scriptores
547 1013 790 1064 tradidere
802 1029 821 1072 ;
838 1014 920 1062 sed
927 1012 1123 1076 mactis,
1135 1028 1242 1076 quoe
1254 1012 1364 1061 huic
1372 1013 1563 1062 civitati
1570 1028 1655 1077 per
1664 1013 2202 1076 saevitiamflammoeum
2217 1017 2489 1077 eumne,

1294 1167 1513 1218 NOTAE

290 1284 459 1335 simile
483 1285 655 1335 velum
675 1284 923 1334 induebat
956 1299 1088 1334 uxor
1108 1284 1357 1334 Flaminis

295 1361 488 1412 Dialis.

354 1447 376 1482 5
418 1439 524 1490 Visi
544 1439 771 1504 auspices,
792 1437 899 1502 dos]
945 1439 990 1488 E
1017 1437 1250 1502 Sulpicio
1271 1436 1360 1485 Se·

293 1530 441 1579 vero,
498 1516 589 1581 qui
642 1518 810 1565 locum
853 1516 990 1565 bunc
1039 1514 1364 1577 transcripsit

294 1600 500 1658 aperte,
536 1595 642 1656 leg.
677 1592 886 1642 videtur
925 1591 1151 1654 auspices,
1185 1592 1270 1639 doe
1313 1596 1364 1640 et

286 1688 399 1736 geu.
467 1672 660 1722 Melius
698 1671 877 1733 etiam,
917 1669 1028 1732 visi,
1060 1684 1213 1733 quem
1253 1669 1365 1718 mis-

291 1764 352 1800 a.

358 1823 540 1874 Verba
561 1823 813 1887 Sulpicii·
862 1822 879 1850 ‘
901 1821 1163 1872 luditum·
1150 1835 1364 1885 nupera-

295 1902 398 1952 tori
420 1901 738 1963 flammeum,
759 1901 870 1965 dos,
887 1909 944 1950 et
966 1900 1179 1973 genialis
1200 1907 1363 1963 torus,

294 1984 348 2028 et
390 1977 540 2030 faces
577 1977 856 2041 nuptiales,
898 1983 1090 2026 cuncta
1122 1977 1365 2042 denique,

296 2071 410 2120 quae
444 2057 534 2105 vel
572 2055 626 2103 in
664 2052 888 2103 foeminis
920 2067 1025 2102 nou
1066 2054 1179 2103 sine
1215 2068 1358 2103 vere·

295 2135 493 2185 cundia
512 2133 920 2197 conspiciuntur,
940 2132 1211 2195 spectata!

357 2212 554 2262 Victor
590 2210 657 2259 de
684 2210 781 2259 bac
820 2222 903 2257 re:
962 2211 978 2236 ‘
1005 2207 1239 2258 Amictus
1272 2223 1364 2257 nu·

294 2286 530 2336 bentium
563 2286 819 2350 virginum
858 2284 1052 2347 specie,
1084 2285 1254 2347 palam
1290 2300 1367 2334 se-

299 2370 443 2428 natu,
468 2364 595 2414 dote
618 2362 766 2425 data,
786 2362 840 2411 in
863 2375 1068 2410 manum
1086 2361 1364 2411 convenit!

299 2441 400 2491 Sed
423 2446 485 2492 et
508 2439 562 2489 in
583 2438 830 2489 Suetonio
847 2437 1041 2487 mentio
1060 2437 1196 2487 dotis
1217 2453 1231 2487 ι
1267 2451 1366 2488 nec

300 2517 481 2568 hercle
503 2516 557 2566 in
589 2516 669 2564 his
701 2512 945 2579 legitimis
972 2513 1167 2578 nuptiis
1198 2513 1368 2564 omitti

301 2592 504 2650 debuit,
537 2592 751 2662 Lipsius.

367 2670 586 2733 Melius,
604 2669 738 2719 ”sissi
771 2668 983 2732 auspices
1017 2671 1125 2733 duo,
1149 2669 1249 2719 boc
1267 2669 1370 2719 sci-

302 2748 428 2800 licet
457 2762 613 2800 sensu
632 2763 648 2796 e
695 2745 849 2796 Misit
875 2745 1198 2810 Pythagoras
1221 2745 1372 2796 liber·

305 2831 387 2878 tus
426 2825 499 2876 ad
522 2831 795 2889 patronum
823 2822 1187 2886 imperatorem
1220 2821 1370 2872 semi-

304 2900 572 2953 foeminam
602 2899 842 2964 auspices
870 2899 1015 2960 duos,
1035 2913 1103 2948 ex
1124 2913 1269 2950 more
1290 2913 1372 2949 so-

305 2979 470 3042 lenni,
508 2978 597 3042 qui
621 2992 654 3025 a
676 2991 731 3025 se
770 2981 992 3037 starent,
1030 2982 1087 3025 et
1125 2991 1191 3025 ex
1224 2981 1372 3040 parte

309 3055 403 3105 viri
422 3054 604 3106 liberti
625 3052 917 3117 nuptiarum
957 3051 1201 3115 auspiciis
1222 3052 1373 3101 assis·

311 3137 508 3181 terent.

336 3209 622 3259 ‚Ceterum
659 3204 876 3270 genialis
927 3214 1083 3268 torus,
1126 3203 1372 3270 facesque

310 3284 589 3348 nuptiales,
613 3284 699 3347 qui
722 3283 776 3346 in
802 3283 1044 3332 honorem
1069 3281 1274 3331 Cereris
1296 3295 1375 3331 so·

309 3360 540 3411 lenniter
599 3357 994 3424 proeferrentur,
1038 3363 1094 3406 et
1141 3357 1374 3406 solennia

309 3445 489 3488 cetera
524 3443 817 3524 espec-tata.
873 3436 1043 3485 Beato
1082 3435 1242 3498 magis
1273 3435 1376 3502 pla-

312 3520 418 3577 cet,
442 3512 537 3562 visi
558 3512 769 3575 auspices
790 3513 914 3560 duo.
958 3509 1097 3574 quod
1119 3509 1244 3558 mibi
1262 3524 1379 3610 per-

312 3590 434 3640 inde
458 3597 557 3640 est.
597 3590 821 3639 ercm.

349 3664 609 3732 Δωρίων]
634 3664 824 3716 Melius
840 3667 931 3712 visa
919 3662 1281 3727 auspice-estu,
1293 3645 1402 3727 3¹12„x

316 3744 535 3796 Numeri
557 3744 645 3807 huj
654 3741 710 3792 u's
731 3740 1171 3790 circumstantiam
1197 3740 1377 3790 verisi-

315 3823 510 3882 militer
548 3834 653 3869 non
695 3817 887 3881 attigit,
949 3818 1102 3867 immo
1149 3817 1379 3880 neglexit

302 3897 532 3950 'Tacitus'
572 3912 666 3961 pro
707 3894 857 3958 genio
888 3909 1000 3944 suo.
1054 3894 1141 3944 sic
1181 3893 1271 3943 lib.
1296 3906 1373 3942 11.

316 3980 398 4026 27.
418 3977 487 4026 de
514 3973 873 4024 Messallinast
900 3972 1030 4022 Cum
1053 3985 1215 4021 uxore
1239 3971 1377 4059 prin·

317 4053 448 4117 cipis
471 4050 730 4116 praedicta
765 4048 873 4114 die,
894 4048 1139 4097 adhibitis
1181 4048 1268 4112 qui
1289 4049 1377 4097 ob-

317 4128 602 4193 signarent,
624 4126 764 4175 velut
791 4126 1010 4187 suscipit
985 4125 1232 4173 endorum
1256 4125 1379 4190 libe·

319 4219 492 4254 rorum
509 4218 683 4264 causa,
697 4205 1031 4263 convenisse3
1066 4210 1224 4267 atque
1241 4203 1379 4251 illam

321 4277 526 4335 audisse
547 4279 811 4344 auspicum
845 4278 1025 4342 verba,
1044 4276 1272 4342 subisse,
1302 4293 1381 4329 sa-

1437 1284 1698 1335 crificasse
1718 1284 1856 1348 apud
1891 1284 2052 1345 Deos,
2086 1282 2404 1333 discubitum
2424 1283 2502 1333 in·

1441 1367 1522 1411 ter
1581 1360 1857 1421 convivas3
1930 1360 2126 1423 oscula,
2184 1361 2503 1428 complexus,

1439 1443 1648 1488 noctem
1691 1437 1910 1503 denique
1948 1444 2119 1487 actam
2142 1437 2357 1487 licentia
2378 1452 2497 1487 con·

1432 1515 1757 1580 jugali,'&c.

1515 1592 1619 1642 Via·
1637 1590 1869 1655 auspices]
1921 1592 2089 1640 Recte
2108 1588 2216 1651 viai,
2236 1588 2374 1654 quod
2398 1603 2501 1638 non

1443 1671 1613 1718 solum·
1651 1666 1882 1718 refertur
1923 1667 1992 1715 ad
2050 1665 2260 1729 auspices
2301 1671 2396 1714 aut
2435 1665 2521 1723 ad=

1440 1748 1597 1797 dotem
1619 1753 1942 1795 numeratam
1962 1762 1977 1806 ;
2011 1746 2106 1793 sed
2128 1750 2184 1792 et
2215 1742 2282 1792 ad
2303 1757 2384 1805 ea,
2404 1758 2508 1807 quoe

1442 1826 1587 1874 etima
1607 1826 1658 1874 in
1666 1821 1867 1884 foemina
1888 1839 1986 1873 nox
2003 1823 2175 1887 operit.
2520 1830 2525 1833 “

1507 1900 1758 1967 Auspices]
1830 1902 1968 1954 Quia
2010 1899 2209 1963 nuptiae
2253 1912 2353 1947 non
2404 1896 2525 1947 nisi*

1444 1980 1627 2029 sumtis
1651 1980 1791 2045 prius
1815 1979 2042 2044 auguriis
2061 1976 2275 2027 fiebant.
2327 1976 2508 2025 Valer.

1445 2058 1593 2107 Max.
1614 2058 1708 2108 lib.
1731 2072 1794 2109 11.
1820 2063 1866 2108 l.
1923 2059 1938 2084 ‘
1962 2056 2121 2121 Apud
2145 2057 2383 2121 antiquos
2405 2069 2512 2106 non

1443 2133 1608 2182 solum
1650 2133 1875 2196 publice,
1920 2132 2013 2181 sed
2065 2133 2221 2181 etiam
2267 2131 2512 2195 privatim

1445 2210 1573 2258 nibil
1615 2210 1914 2274 gerebatur,
1955 2209 2056 2257 nisi
2095 2208 2330 2273 auspicio
2369 2210 2511 2275 prins

1446 2293 1646 2335 sumto:
1698 2301 1800 2350 quo
1838 2299 1905 2334 ex
1939 2300 2082 2335 more
2116 2286 2310 2349 nuptiis
2333 2287 2511 2335 etiam-

1446 2379 1571 2414 nnrn
1629 2365 1872 2428 auspices
1926 2365 2352 2428 interponuntur:
2423 2364 2511 2429 qui

1446 2439 1679 2505 quamvis
1724 2439 1956 2504 auspicia
2000 2446 2183 2504 petere
2245 2439 2514 2506 desierint,

1446 2516 1564 2580 ipso
1604 2524 1777 2567 tamen
1812 2516 2019 2566 nomine
2058 2518 2252 2566 veteris
2302 2530 2513 2576 cousue-

1447 2591 1640 2642 tudinis
1661 2591 1880 2654 vestigia
1900 2592 2253 2656 usurpantur!

1513 2667 1642 2732 Dos]
1695 2670 1830 2721 Quae
1873 2668 2270 2732 consignaretur
2309 2667 2513 2732 anguri-

1451 2743 1567 2794 bus.
2462 2767 2470 2776 »
2580 2788 2584 2792 ⁴

1515 2821 1789 2871 ‘Genialis
1847 2820 2000 2885 tonas]
2058 2823 2267 2885 Lectus,
2326 2836 2529 2887 nempe.

1450 2898 1716 2963 nuptialis.
1748 2898 1958 2950 Servius
1974 2898 2041 2948 ad
2063 2898 2268 2950 AEneid.
2287 2913 2369 2951 vr.
2389 2900 2517 2950 scri·
2528 2931 2535 2942 ·

1448 2975 1582 3038 bit,‘
1610 2977 1841 3040 geniales
1864 2991 1953 3026 eos
1977 2991 2094 3026 esse
2112 2978 2295 3038 lectos,
2314 2978 2402 3042 qui
2422 2992 2517 3042 pn·

1451 3053 1566 3103 ellis
1604 3052 1917 3104 nubentibus
1955 3054 2306 3116 sternuntur3’
2353 3062 2409 3104 et
2442 3055 2519 3105 ita

1453 3129 1624 3179 dictos
1646 3145 1678 3179 a
1700 3131 2009 3192 generandis
2034 3132 2207 3181 liberis
2226 3148 2242 3193 ;
2287 3132 2520 3194 geniales,

1455 3206 1603 3270 quasi
1642 3208 1900 3267 generales.
1989 3205 2252 3256 Arnobius
2297 3208 2385 3257 lib.
2430 3220 2531 3260 111·n

1454 3282 1613 3332 docet
1650 3290 1772 3346 toga
1809 3283 1974 3332 sterni
2013 3285 2198 3346 lectos,
2221 3290 2277 3333 et
2306 3282 2519 3332 marito-

1453 3373 1564 3410 rum
1631 3360 1805 3421 genios
1872 3358 2112 3407 advocari
2148 3357 2539 3407 consuevisse..

1461 3435 1599 3486 Hinc
1624 3434 1763 3484 forte
1783 3436 1975 3487 Juven.
1997 3435 2109 3485 Sat.
2134 3448 2210 3485 vr.
2235 3434 2382 3494 dicit,
2402 3436 2418 3461 ‘
2438 3449 2496 3484 sa

1457 3514 1533 3563 cri
1553 3514 1756 3578 genium
1781 3509 1939 3562 lecti!
1971 3513 2210 3564 Amulius.

1519 3596 1544 3622 ⁸
1578 3589 1748 3653 Faces]
1805 3589 2029 3638 Festus:
2071 3592 2087 3617 ‘
2114 3589 2274 3639 Pueri
2307 3588 2519 3653 patrimi

1456 3671 1513 3714 et
1552 3665 1777 3715 matrimi
1817 3665 2122 3729 praetextati
2160 3673 2285 3728 tres,
2325 3664 2545 3715 nubea·-

1458 3750 1565 3792 tem
1587 3742 1852 3792 deducunt
1874 3757 1888 3791 ε
1939 3756 2067 3791 unus
2091 3742 2178 3805 qui
2199 3741 2364 3792 facem
2391 3755 2523 3803 pree

1457 3817 1563 3867 fert
1584 3834 1652 3868 ex
1674 3818 1824 3881 spina
1855 3817 1992 3879 alba,
2017 3817 2139 3881 quia
2172 3823 2328 3866 noctu
2362 3816 2524 3866 nube·

1457 3894 1605 3957 bant,
1629 3895 1731 3944 duo
1753 3897 1837 3959 qui
1861 3901 2044 3944 tenent
2066 3891 2384 3942 nubentem)

1523 3971 1746 4024 Quintil.
1771 3971 2003 4020 Declam.
2029 3974 2111 4019 28.
2156 3970 2172 3996 ⁴
2196 3970 2309 4032 Ego
2346 3974 2539 4020 autem,

1460 4048 1583 4113 quid
1609 4045 1837 4096 faciam?
1887 4048 2126 4109 laqueum
2156 4044 2279 4095 finae
2313 4047 2523 4108 solvam,

1462 4141 1527 4174 an
1572 4123 1865 4174 flammeum
1898 4122 2286 4187 superponam?
2352 4119 2558 4176 facem;

1461 4200 1680 4250 nubenti
1711 4198 2000 4293 praeferam,
2021 4214 2087 4251 an
2106 4213 2284 4264 rogum
2297 4197 2524 4263 jacentis

1458 4276 1794 4329 accendam·
