3063 4952
2375 412 2576 499 1835„

339 570 550 639 simul
577 573 890 638 Ponticass
916 574 985 639 et
1004 572 1427 640 Galatarum*
1453 573 2071 659 Cappadocumque
2086 567 2336 641 auxilia
2353 572 2551 640 Paeto

340 674 720 757 obedirent:
765 677 962 740 tertia
983 684 1050 743 et
1075 682 1272 741 sexta
1296 684 1364 742 et
1389 677 1652 742 decima
1678 677 1992 760 legiones,
2009 677 2315 761 priorque
2337 676 2552 761 Syriae

342 776 580 857 miles,i
623 779 801 863 apud
854 780 1295 845 Corbulonem
1341 788 1699 846 manerent.
1790 779 2033 846 Cetera
2060 801 2147 845 ex
2176 800 2393 844 rerum
2419 798 2564 844 usu-

339 882 672 950 sociarent
695 883 1186 965 partirenturve.
1275 882 1411 947 Sed
1441 903 1658 968 neque
1681 883 1973 949 Corbulo
2003 883 2226 949 oemuli
2254 884 2556 967 patiens3

252 1002 257 1007 ·
340 988 412 1048 et
438 983 696 1062 Paetus,
727 984 838 1048 cui
869 984 1034 1047 satis
1063 983 1150 1047 ad
1193 985 1465 1068 gloriam
1511 992 1679 1065 erat,
1708 988 1768 1051 si
1813 987 2160 1070 proximus
2183 986 2553 1063 haberetur,

342 1086 766 1172 despieiebat
811 1094 1023 1170 gesta,
1067 1092 1090 1122 ‘
1115 1088 1280 1178 nihil
1324 1089 1561 1167 caediS,
1604 1094 1719 1155 aut
1747 1089 2024 1172 praedae,
2050 1094 2409 1172 usurpatas
2428 1107 2553 1153 no-

342 1190 525 1257 mine
576 1198 765 1256 tenus
814 1191 1073 1255 urbium
1122 1191 1667 1274 expugnationes?
1717 1191 2068 1258 dictitans:
2127 1197 2149 1225 ‘
2182 1211 2256 1255 se
2307 1192 2557 1257 tributa

343 1311 429 1357 ac
458 1293 661 1377 legeS,
687 1301 776 1373 et,
806 1313 929 1377 pro
956 1290 1205 1358 umbraj
1237 1293 1473 1377 RegiS,
1504 1293 1880 1358 Romanum
1901 1294 2015 1379 jus
2044 1292 2248 1358 vietis
2275 1293 2555 1378 imposi-

342 1395 613 1461 turum?

337 430 622 497 :zema
668 433 673 437 ·
1037 426 1458 489 armamur(
1505 428 1659 477 mn.
1705 428 1843 480 XV.

343 1566 494 1629 copioe
527 1560 929 1625 Panassa-luite
959 1572 1009 1617 et
1048 1568 1359 1632 Cappadocioe'
1389 1569 1530 1618 Paeto
1569 1566 1925 1632 obsequerentur
1941 1583 1957 1616 τ
1992 1572 2047 1616 at
2084 1565 2290 1629 legiones
2323 1565 2470 1615 tertio
2507 1563 2556 1614 et

341 1635 551 1681 sexta-et
572 1632 768 1694 decimu,
785 1638 1004 1696 vetusque
1026 1633 1187 1698 Syrie
1216 1634 1350 1683 miles
1377 1648 1519 1697 penes
1553 1632 1859 1682 Corbulonem
1894 1637 2061 1682 esseut.
2131 1634 2327 1682 Ceteras
2357 1645 2447 1694 pro
2474 1644 2557 1679 ne-

343 1695 737 1745 cessitates-eram
757 1698 914 1761 copias
936 1698 1213 1761 jungerent,
1245 1704 1328 1749 aut
1364 1699 1645 1748 dividerent.
1713 1698 1811 1747 Sed
1845 1713 1989 1761 neque
2015 1696 2215 1746 Corbulo
2249 1696 2415 1745 rivulis
2445 1697 2560 1744 tole·
2587 1696 2592 1703 ’

343 1773 492 1818 mu
528 1765 577 1810 et
602 1762 767 1812 Paetus
788 1763 865 1811 cui
884 1765 1003 1812 sotis
1023 1765 1248 1827 amplum
1280 1768 1421 1814 decus
1456 1768 1578 1825 erat,
1610 1764 1655 1812 si
1692 1764 1757 1813 ab
1795 1763 1885 1812 illo
1922 1764 2151 1812 secundas
2186 1760 2559 1824 existimaretur,

344 1826 669 1876 contemnebat
688 1841 766 1876 res
790 1827 1082 1887 Corbulonis,
1103 1831 1268 1879 nullos
1288 1830 1441 1879 hostes
1461 1843 1643 1891 caesos,
1676 1836 1766 1878 aut
1787 1829 2035 1891 spoliatos
2057 1826 2237 1891 opibus,
2258 1833 2559 1890 expugnata

344 1889 512 1941 verbo
535 1899 688 1941 tenus
709 1892 1164 1957 oppidmjactabut.
1229 1895 1298 1944 Se
1336 1894 1615 1958 vectigalia
1644 1894 1891 1959 juraque,
1910 1900 1965 1943 et
2000 1907 2096 1959 pro
2122 1891 2396 1943 simulacro
2420 1890 2559 1956 regis

347 1957 607 2007 Romanas
625 1957 767 2022 leges
789 1957 1064 2010 debellatis
1084 1959 1290 2010 hostibus
1310 1960 1754 2026 praescripturum.

1339 2145 1558 2199 NOTAE

344 2273 484 2324 paeo,
504 2273 699 2324 magua·
716 2275 779 2310 ex
803 2267 971 2324 parte.
1031 2257 1385 2313 ’Ίῖἶὶεηωιίυμ

1493 2260 1735 2311 habuisse
1813 2264 1999 2310 uatuor
2033 2258 2265 2324 legiones
2299 2256 2560 2323 Syriacas,

410 2344 439 2380 8
470 2335 630 2386 Simul
674 2337 900 2401 Pontica]
949 2338 1191 2402 Intellige
1230 2333 1415 2387 auxilia
1775 2276 1832 2387 (ἓ

1495 2353 1610 2403 quae
1628 2337 1767 2402 prior
1829 2337 1951 2402 yrioe
1981 2337 2116 2386 miles
2150 2334 2406 2400 appellari
2436 2348 2558 2399 pos-
2615 2336 2634 2352 ⁶

344 2426 526 2479 regum
548 2428 609 2464 ac
632 2415 887 2465 sociorum
911 2430 941 2465 e
960 2410 1136 2465 'Ponto
1158 2418 1390 2465 evocata.

409 2491 643 2554 Pontica]
676 2493 737 2541 L.
762 2505 868 2541 xn.
889 2508 936 2543 c.
958 2497 1041 2543 21.
1114 2493 1297 2543 i'iuevn.

411 2567 641 2632 Pontica]
668 2571 788 2618 Non
809 2571 965 2636 legio,
983 2571 1078 2621 sed
1090 2571 1281 2620 auxilia
1298 2585 1414 2636 que

344 2658 413 2693 ex
453 2645 629 2694 Ponto
670 2645 909 2696 advecta*-
974 2648 1161 2712 Neque
1194 2654 1414 2712 quatuor

341 2721 577 2787 legiones
616 2723 755 2772 datae
800 2722 975 2774 forent
1014 2724 1201 2784 Paet03
1247 2738 1415 2790 neque

344 2800 629 2864 appellatae
648 2801 880 2866 legiones
902 2803 1049 2852 Rom.
1071 2818 1103 2851 a
1119 2803 1308 2867 regnis,
1324 2809 1416 2854 aut

344 2877 666 2942 provinciis,
699 2894 866 2944 neque
898 2880 1132 2943 legiones
1170 2881 1320 2932 Rom.
1342 2882 1419 2932 lo·

344 2960 483 3003 catae
530 2962 699 3018 erant,
741 2957 829 3006 ubi
872 2972 1022 3021 reges
1065 2956 1414 3024 imperabant,

342 3032 446 3081 nisi
468 3030 608 3082 forte
630 3034 905 3099 ingruente
925 3035 1079 3087 bello.

410 3108 489 3159 At
510 3109 564 3159 in
588 3111 762 3162 Ponto
783 3112 979 3164 nullum
1011 3113 1223 3178 bellum,
1242 3128 1414 3180 neque

341 3185 595 3249 singulari
636 3201 848 3236 numero
888 3187 1226 3240 vocabantur.
1310 3190 1413 3239 Sed

345 3263 711 3328 Hispanienses,
734 3264 1049 3327 Germanica,
1080 3270 1172 3313 aut
1200 3264 1441 3329 Syrioeae‘

236 3397 241 3402 „
345 3339 659 3389 dicebantur
678 3340 926 3407 legiones,
948 3356 1064 3407 quae
1082 3341 1135 3390 in
1150 3342 1415 3406 hisregio·

343 3417 498 3467 nibus
520 3419 807 3469 merebant.

412 3492 438 3526 ¹¹
475 3484 782 3558 Galatarum]
816 3495 876 3546 L.
900 3508 1027 3546 xm.
1050 3509 1095 3545 c.
1117 3500 1201 3545 ³5.
1270 3495 1383 3544 Tm.

411 3570 427 3604 ¹
459 3571 693 3635 Prior-que
731 3571 892 3636 Syria·
930 3572 1088 3637 miles]
1133 3572 1222 3622 Sic
1262 3573 1300 3621 ἰ.
1339 3585 1416 3623 ιν.

341 3649 359 3677 ⁸
388 3648 597 3698 Dehinc
620 3647 766 3696 initio
789 3648 856 3697 ab
879 3648 1028 3714 Syria
1048 3664 1211 3715 usque
1231 3649 1300 3708 ad
1322 3647 1416 3698 flu-

344 3741 469 3777 men
491 3725 810 3789 Euphraten,
828 3733 1076 3791 quantum
1090 3728 1291 3791 ingenti
1313 3733 1417 3778 ter·,

340 3817 523 3853 rarum
546 3803 662 3852 sinu
684 3803 930 3865 ambitur,
949 3810 1172 3868 quatuor
1202 3803 1421 3867 legioni·

344 3882 447 3932 bus
473 3879 738 3942 coercita3
774 3880 965 3930 accolis
996 3879 1172 3944 Ibero,
1193 3880 1420 3930 Albano-

349 3949 476 4026 que,
496 3964 554 4009 et
578 3959 688 4008 aliis
711 3957 956 4023 regibus,’
980 3961 1081 4008 &c.

414 4038 654 4101 Prior-que
673 4036 831 4100 miles]
865 4035 1109 4100 Intellige
1131 4044 1312 4086 vetera
1335 4051 1421 4085 au-

345 4116 478 4169 xilia
490 4118 766 4177 sociorum,
789 4129 901 4179 quae
923 4114 1104 4164 addita
1120 4115 1420 4164 cuilibet‘le-

350 4191 826 4261 gionif‘oequabant
859 4206 1128 4242 numerum
1168 4197 1225 4241 et
1262 4191 1420 4241 robur

346 4273 616 4337 legionum
634 4273 881 4336 ipsarum.
980 4299 985 4300 ν

419 4351 612 4416 Neque
635 4347 919 4401 verisimile
945 4352 1050 4415 est,
1077 4347 1421 4406 Corbulonem

1494 2410 1634 2476 sint:
1657 2417 1729 2465 ‘e't
1760 2414 2018 2481 prae'tere‘a
2053 2418 2159 2462 tres
2195 2412 2426 2476 legiones
2461 2415 2560 2461 ter-

1492 2496 1634 2558 nm,
1656 2498 1706 2543 et
1732 2500 1934 2556 sextam
1956 2498 2003 2543 et
2021 2494 2267 2553 decimam,
2290 2496 2344 2541 et
2367 2490 2563 2542 auxilia

1493 2571 1606 2637 pari
1627 2571 1832 2621 robore.
1897 2569 2018 2621 Jam
2039 2574 2178 2632 ante,
2205 2569 2325 2616 duas
2356 2567 2562 2629 legiones

1493 2665 1526 2699 e
1548 2649 1698 2714 Syria
1715 2648 1929 2698 miserat
1960 2647 2015 2695 in
2049 2644 2343 2696 Armeniam
2366 2639 2562 2693 Corbu·

1492 2727 1565 2789 lo,
1586 2740 1700 2790 quoe
1724 2723 1959 2786 fuerunt,
1992 2727 2160 2788 quarta
2189 2727 2238 2772 et
2274 2720 2564 2783 duodecinm,

1496 2818 1611 2868 quae
1649 2809 1708 2852 et
1746 2805 2107 2851 remanserunt
2148 2812 2309 2863 penes
2354 2797 2562 2846 Paetum

1493 2878 1757 2930 Armeniae
1792 2877 2119 2945 praefeetum.
2200 2873 2360 2937 Infra,
2397 2874 2563 2939 ‘qua-

1494 2972 1607 3007 rum
1643 2963 1882 3022 quartam
1920 2954 2287 3015 Funisulanus,
2315 2950 2564 3001 duodeci-

1493 3049 1632 3084 mam
1656 3033 1900 3084 Calavins
1922 3031 2211 3098 regebant.’
2276 3030 2466 3096 Itaque
2485 3028 2564 3078 di·

1492 3114 1616 3163 visis
1648 3112 1833 3177 copiis,
1873 3111 2102 3162 Corbulo
2136 3108 2318 3159 habuit
2357 3113 2562 3183 tantum

1495 3200 1607 3242 tres
1627 3191 1861 3255 legiones
1883 3189 1935 3238 in
1954 3190 2127 3253 Syria,
2149 3183 2565 3250 nempetmtoem,

1495 3274 1546 3318 et
1567 3273 1770 3331 sextam,
1789 3271 1838 3316 et
1857 3266 2174 3315 duodecimam
2197 3278 2313 3313 cum
2336 3260 2565 3334 auxiliis,

1497 3337 1589 3392 seu
1612 3343 1786 3406 priore
1806 3333 1970 3391 nrilite
1991 3340 2222 3405 Syriaco.

1554 3417 1573 3459 J
1611 3419 1712 3467 Pro
1754 3416 1941 3481 umbro]
1994 3418 2124 3467 Erat
2166 3422 2313 3466 certe
2357 3417 2564 3463 tantum

1494 3494 1668 3559 imago
1686 3501 1741 3544 et
1757 3494 1938 3543 umbra
1957 3494 2117 3558 regis,
2133 3506 2235 3540 non
2255 3489 2565 3541 Corbulonis

1495 3565 1672 3636 culpa,
1692 3571 1785 3621 sed
1802 3577 2017 3635 propter
2032 3569 2271 3633 ambigua
2295 3565 2566 3617 Armenio-

1496 3662 1609 3697 rum
1632 3646 1860 3712 ingenia‚
1876 3655 1933 3695 et
1954 3646 2077 3711 quia
2098 3644 2446 3709 praepol‘lebat
2473 3650 2570 3692 εω-

1497 3741 1566 3791 pe
1605 3724 1769 3776 factio
1806 3724 2190 3775 Arsacidarum.
2259 3722 2400 3771 Hinc
2427 3718 2568 3770 infra

1500 3820 1551 3854 c.
1576 3808 1658 3854 14.
1691 3806 1707 3831 ‘
1730 3805 1959 3854 Vasaces
1997 3802 2272 3866 imaginem
2308 3797 2573 3849 retinendi

1501 3881 1793 3931 donandive
1843 3876 2196 3946 (Armeniam)
2250 3890 2409 3941 penes
2452 3887 2568 3939 nos,

1499 3956 1606 4006 vim
1627 3972 1788 4020 penes
1809 3957 2050 4018 Parthos,
2069 3950 2426 4003 memoravit?¹

1568 4034 1669 4083 Pro
1689 4033 1856 4082 umbra
1877 4031 2030 4094 regis]
2078 4032 2280 4081 Horum
2318 4032 2464 4077 certe
2486 4040 2569 4077 re-

1502 4125 1624 4174 gum
1646 4110 1827 4174 jugum
1868 4123 1952 4172 ex⁸
1970 4108 2115 4156 libito
2137 4103 2478 4156 excutiebant
2497 4101 2573 4154 fa·

1500 4188 1604 4237 cile
1648 4186 1966 4250 Megistanes
2005 4192 2062 4234 et
2097 4182 2348 4247 primores
2385 4178 2572 4231 Arme·

1500 4264 1722 4325 niorum,
1764 4276 1969 4326 semper
2008 4259 2235 4325 ambigui
2283 4259 2424 4308 inter
2465 4258 2570 4309 vim

1501 4340 1818 4394 Parthorum
1851 4345 1909 4390 et
1937 4352 2068 4405 opes
2104 4338 2381 4389 Romanas.
2461 4332 2570 4385 Vo-
