3063 4952
563 413 735 513 ms

1246 432 1342 501 χο.
1358 432 1751 482 -comnmr
1800 432 2055 517 merri

2455 438 2551 509 [Α.
2571 444 2641 497 U.
2659 449 2782 510 ais,

1555 642 1775 695 No'rAE

559 784 772 844 Romaeg
827 788 884 832 et
930 783 1046 833 viva
1088 782 1380 850 Agrippina
1422 786 1623 835 occisus

559 867 658 910 est.

623 936 724 986 Sed
748 936 861 987 haec
883 952 983 987 non
1007 937 1136 988 dicit
1158 938 1450 1010 Suetonius,
1469 945 1523 990 et
1545 940 1620 990 ni-

556 1014 626 1064 hil
652 1015 716 1064 ad
739 1014 876 1064 hunc
900 1021 1165 1066 auctorem
1194 1018 1472 1090 ¹„pertinent
1503 1019 1619 1069 istae

557 1091 978 1155 circumstantiae,
1017 1108 1145 1157 quas
1204 1099 1309 1143 non
1373 1103 1619 1146 accurate

557 1169 906 1234 persequitur,
938 1185 1064 1237 quas
1103 1170 1260 1220 immo
1294 1174 1621 1238 transcurrit,

555 1252 610 1297 et
632 1261 747 1312 quae
773 1261 838 1295 ex
874 1246 987 1296 aliis
1027 1247 1326 1298 auctoribus
1359 1249 1619 1300 discendae

554 1329 704 1375 sunt:
762 1330 816 1372 et
858 1323 1196 1373 substantiam
1246 1338 1414 1376 rerum
1459 1325 1620 1376 actio-

556 1414 781 1465 numque
803 1407 1004 1451 tantum
1026 1402 1294 1455 describit.

618 1478 836 1529 Juvenis
865 1478 965 1530 fuit
991 1480 1249 1542 Plautius,
1272 1498 1387 1533 cum
1424 1483 1521 1547 ipsi
1558 1484 1616 1533 il-

552 1555 678 1606 lusit
701 1557 843 1606 Nero
863 1574 878 1618 ς
903 1564 1043 1608 esto:
1082 1559 1203 1624 quid
1227 1560 1343 1610 iude
1367 1562 1615 1626 colligas?

554 1646 677 1696 ergo
717 1639 774 1682 et
824 1635 1033 1698 juvenis
1078 1635 1384 1687 interemtus
1428 1646 1526 1702 est,
1560 1646 1616 1690 ot

551 1707 669 1756 viva
691 1707 1017 1773 Agrippiua;
1064 1712 1190 1762 illud
1235 1728 1515 1778 negamus;
1561 1721 1616 1766 et

551 1791 695 1836 certe
720 1784 772 1834 id
796 1786 1142 1840 falsissimum.

619 1860 752 1912 Nam
778 1865 950 1926 potuit
974 1865 1116 1916 Nero
1139 1867 1186 1916 ei
1226 1867 1446 1919 illusisse
1461 1870 1616 1935 juve·

550 1938 624 1999 ni,
646 1947 701 1990 et
725 1946 897 1990 tamen
917 1957 1034 1992 mox
1051 1959 1168 1994 eum
1188 1954 1445 1998 maturum
1469 1951 1615 2001 annis

553 2014 812 2067 occidere.
869 2018 920 2066 N
925 2033 989 2067 on
1015 2021 1151 2069 enim
1176 2037 1289 2072 eum
1313 2033 1614 2091 constupra-

546 2093 645 2155 vit,
667 2100 726 2143 ut
762 2094 895 2143 dein-
917 2096 1198 2148 occideret.
1265 2102 1335 2152 Et
1371 2118 1524 2154 nemo
1558 2105 1612 2155 id

546 2169 696 2221 dicit.

614 2247 817 2298 Falsum
857 2256 940 2300 est
978 2250 1255 2319 Plautum„
1259 2255 1520 2320 juniorem
1558 2267 1613 2311 et

549 2323 666 2374 viva
717 2325 1008 2392 Agrippina
1075 2331 1407 2384 interemtum
1478 2352 1607 2388 esse.

548 2401 705 2455 Certe
746 2403 858 2453 fere
897 2421 1028 2471 puer
1064 2406 1181 2471 fuit,
1214 2426 1327 2478 qum
1366 2422 1611 2475 accusata
1677 2450 1682 2454 -

545 2488 628 2531 est
649 2481 966 2548 Agrippina,
989 2501 1106 2536 eum
1148 2503 1366 2552 amasse,
1400 2498 1455 2541 et
1488 2509 1607 2542 cum

543 2559 634 2610 illo
673 2563 990 2627 conjurasse.
1056 2565 1132 2616 At
1169 2568 1464 2633 Agrippina
1498 2579 1607 2621 tum

544 2636 780 2690 absoluta
803 2640 1014 2691 crimine
1038 2643 1431 2710 conjurationis,
1451 2655 1503 2697 et
1526 2664 1606 2698 so-

542 2713 593 2763 lo
628 2723 758 2765 nutu
799 2732 859 2766 ac
899 2722 1180 2781 praesentia
1223 2721 1313 2770 filii
1356 2725 1608 2789 principis

542 2800 780 2842 recreata
804 2801 911 2844 est:
951 2797 1027 2845 sic
1060 2804 1115 2847 et
1157 2799 1353 2862 pariter
1375 2809 1483 2851 tum
1503 2802 1606 2852 dis·

542 2870 744 2919 crimini
768 2882 1001 2923 exemtus
1010 2875 1236 2940 jurenis.

604 2945 776 3009 Igitur
799 2950 968 2998 omnia
983 2952 1072 3001 illa
1094 2964 1396 3017 argumenta
1419 2959 1603 3024 Lipsii,

538 3022 708 3084 petita
729 3037 758 3071 a
778 3025 1195 3093 circumstantiis,
1216 3044 1520 3100 vanescunt,
1545 3039 1598 3087 in

539 3096 723 3162 quibus
747 3102 917 3164 potius
941 3104 1225 3157 audiendus
1246 3111 1475 3175 TacituS,
1510 3115 1598 3179 qui

536 3173 689 3241 longe
725 3177 1019 3229 accuratior
1040 3182 1093 3231 in
1128 3184 1361 3251 historia,
1382 3192 1470 3254 qui
1491 3209 1600 3243 con-

534 3267 717 3303 sensum
751 3262 991 3307 auctorum
1025 3263 1274 3327 sequitur,
1299 3277 1353 3315 et
1377 3284 1493 3333 quae
1525 3272 1599 3320 di-

534 3344 669 3390 uersa
696 3336 1022 3400 prodiderint,
1057 3339 1142 3389 sub
1180 3343 1442 3396 nominibus
1461 3348 1475 3397 i
1482 3364 1601 3413 pso-

532 3422 647 3476 rum
673 3412 849 3461 tradit.

545 3539 553 3550 ,
600 3486 857 3549 objectat
879 3492 1036 3541 etiam
1057 3493 1279 3559 Lipsius,
1296 3499 1396 3548 alia
1419 3500 1598 3552 dicere

532 3561 797 3616 Neronem
818 3568 956 3628 apud
971 3569 1273 3622 Suetonium
1292 3592 1305 3634 ;
1332 3578 1432 3627 alia
1456 3581 1597 3643 apud

442 3701 445 3704 A
532 3637 583 3689 Τ
586 3640 799 3704 acitum,
824 3659 1008 3708 nempe
1032 3650 1138 3697 viso
1169 3652 1342 3714 capite
1364 3656 1561 3706 Plauti.

600 3717 702 3765 Sed
725 3718 836 3768 haec
854 3722 1011 3770 verba
1046 3729 1153 3773 tuin
1192 3731 1394 3790 prolata
1427 3749 1458 3781 a
1493 3734 1600 3783 Ne-

530 3805 675 3856 rone,
700 3808 819 3844 sunt
844 3798 1001 3848 etiam
1020 3800 1155 3850 inter
1178 3805 1598 3861 circumstantias

532 3874 748 3922 a'ctionis
770 3891 783 3935 ;
819 3883 874 3925 et
919 3877 970 3926 in
1018 3893 1072 3926 se
1111 3885 1404 3945 exemplum
1443 3886 1598 3938 affert

527 3950 641 4014 ipse
689 3952 914 4017 Lipsius.
983 3956 1120 4005 Nam
1166 3960 1303 4021 apud
1349 3964 1594 4027 Dionem,

528 4041 644 4078 cum
663 4030 872 4079 allatum
894 4033 1088 4081 Neroni
1109 4044 1242 4084 esset
1261 4050 1417 4101 caput
1438 4033 1593 4092 Plau·

528 4105 589 4166 ti,
612 4112 719 4155 tum
738 4109 929 4171 Nero,‘
949 4111 1294 4176 Nesciebam,'
1310 4116 1496 4182 inquit,
1510 4122 1524 4146 ‘
1544 4121 1592 4170 ei

527 4186 770 4244 magnum
793 4199 972 4235 nasum
999 4189 1146 4238 esse?

592 4257 663 4306 Et
681 4261 817 4322 apud
836 4263 1067 4311 Tacitum
1087 4266 1192 4315 viso
1205 4269 1377 4331 capite
1394 4271 1589 4336 Plauti,

526 4330 719 4398 “Quin,
749 4337 934 4402 inquit,
961 4342 1127 4406 Nero,
1153 4345 1391 4410 deposito
1429 4358 1590 4415 metu,

1701 786 1909 851 nuptias
1926 788 2211 855 Poppaeae,'
2232 793 2332 842 διο.
2356 791 2625 843 celebrat?
2657 808 2775 860 qun

1703 864 2108 917 circumstantiae
2152 869 2278 918 licet
2319 869 2559 933 diversae,
2579 885 2687 921 non
2719 887 2774 921 e·

1701 942 1915 994 vincunt
1939 945 2097 996 alium
2122 948 2395 996 memorari
2413 948 2664 998 Plautum
2679 951 2776 1000 Ta-

1702 1020 1827 1084 cito,
1851 1022 2005 1072 alium
2030 1024 2209 1085 Dioni,
2232 1033 2323 1073 aut
2346 1025 2633 1088 Suetoni03
2667 1025 2775 1076 suf·

1700 1095 1813 1147 ficit
1834 1106 2074 1150 auctores
2099 1102 2373 1150 convenire
2397 1103 2774 1154 insubstantia

1700 1174 1793 1237 rei,
1813 1175 1937 1226 licet
1958 1177 2247 1228 dissideant
2269 1179 2320 1228 in
2346 1180 2774 1235 circumstantiis.

1761 1253 2062 1304 Substantia
2098 1256 2192 1319 rei,
2216 1255 2282 1305 de
2307 1271 2408 1320 qua
2440 1258 2636 1322 agitur,
2659 1258 2773 1310 haec

1694 1325 1828 1391 fuit3
1852 1345 2035 1394 nempe
2060 1330 2402 1396 Agrippinam
2423 1333 2772 1384 destinavisse

1690 1405 1938 1469 juvenem
1963 1422 1991 1456 e
2015 1405 2212 1456 familia
2236 1404 2499 1459 Caesarum
2542 1411 2771 1460 evehere

1698 1481 1765 1531 ad
1821 1498 1906 1533 res
1958 1499 2136 1547 novas,
2171 1489 2225 1534 et
2278 1485 2390 1548 ejus
2435 1486 2771 1536 matrimonio

1698 1561 1953 1625 Rempub.
1982 1576 2158 1611 rursus
2183 1562 2447 1625 invadere,
2467 1562 2586 1629 (qui
2615 1564 2773 1627 juve·

1696 1638 1775 1688 nis
1802 1653 1932 1687 unus
1969 1644 2024 1688 et
2063 1638 2201 1687 idem
2238 1644 2339 1701 est,
2362 1639 2472 1688 sive
2512 1640 2773 1704 Plautius,

1695 1715 1802 1765 sive
1826 1715 2045 1765 Plautus
2068 1716 2362 1779 appelletur
2380 1716 2419 1779 3)
2444 1717 2580 1767 hunc
2617 1718 2771 1782 juve·

1695 1807 1812 1843 nem
1840 1800 2230 1857 constupratum
2264 1808 2378 1841 esse
2404 1809 2435 1842 a
2470 1795 2687 1844 Nerone
2711 1801 2768 1846 et

1696 1871 1923 1921 occisum
1947 1888 1961 1932 ;
1997 1878 2163 1936 atquo
2188 1878 2442 1934 tempore,
2462 1887 2568 1936 qua
2581 1878 2768 1935 aetate,

1695 1963 1795 2013 quo
1818 1951 1950 2012 loco,
1986 1964 2049 1998 an
2089 1950 2140 1997 in
2172 1948 2319 2012 urbe,
2342 1964 2406 1997 an
2448 1950 2499 1997 in
2519 1948 2666 2012 Asia,
2699 1964 2767 1998 an

1696 2026 1811 2076 viva
1855 2025 2165 2090 Agrippina,
2219 2041 2285 2075 an
2331 2023 2609 2090 defuncta,
2645 2033 2768 2076 sunt

1694 2103 2123 2165 circumstantiae,
2147 2118 2264 2169 quae
2303 2102 2649 2152 substantiam
2689 2103 2764 2153 rei

1693 2195 1794 2241 non
1839 2188 2062 2242 mutant,
2088 2189 2142 2230 et
2158 2195 2291 2244 «quae
2329 2180 2573 2244 peteudae
2622 2187 2767 2242 sunt,

1690 2273 1794 2309 non
1837 2275 1900 2307 ex
1937 2259 2206 2323 Suetonio,
2245 2258 2334 2323 qui
2384 2259 2510 2308 talia
2549 2259 2768 2322 omittit,

1691 2337 1781 2386 sed
1803 2352 1868 2386 ex
1885 2337 2086 2386 Tacito.

1756 2414 1827 2462 Et
1849 2412 2254 2463 circumstantiae
2283 2413 2406 2475 illae,
2426 2413 2559 2463 licet
2592 2415 2764 2478 prima

1689 2493 1859 2544 fronte
1883 2495 2038 2545 variae
2063 2495 2556 2557 videantur,.ta1nen
2575 2510 2767 2545 revera

1690 2587 1789 2621 non
1832 2581 1951 2622 sunt
1991 2572 2233 2621 diversae.
2300 2573 2365 2620 Et
2390 2574 2629 2636 quamvis
2665 2574 2768 2622 cir·

1689 2651 2016 2700 cumstantiae
2073 2651 2329 2699 nonnullae
2369 2650 2651 2700 dissimiles
2686 2651 2760 2700 fo·

1687 2732 1808 2775 rent
1864 2727 2002 2789 apud
2059 2726 2380 2790 Suetonium,
2421 2740 2527 2775 non
2578 2735 2759 2776 tamen

1686 2803 1805 2854 hinc
1830 2805 2084 2870 sequitur,
2121 2818 2222 2853 non
2254 2819 2366 2853 esse
2390 2803 2528 2852 idem
2554 2802 2761 2854 facinus

1686 2880 1930 2944 Neronis,
1954 2880 2124 2945 quoad
2160 2881 2496 2931 substantiam
2538 2890 2594 2929 et
2635 2896 2766 2932 eun·

1684 2957 1801 3006 dem
1814 2959 2081 3021 juvenem.

1752 3037 1854 3085 Res
1878 3036 2014 3085 enim
2040 3036 2271 3086 cumulat
2295 3036 2543 3097 breviter,
2563 3049 2628 3085 ae
2653 3034 2760 3084 vel-

1681 3114 1760 3163 uti
1807 3114 2059 3177 congerit,
2113 3114 2410 3174 SuetoniuS,
2447 3125 2575 3178 quas
2620 3129 2755 3163 unus

1680 3190 1898 3240 Tacitus
1912 3191 2095 3240 ordine
2120 3190 2387 3254 etjudicio
2412 3190 2625 3253 digerit.
2676 3192 2751 3241 Ut

1682 3282 1765 3316 res
1792 3269 1932 3317 clare
1956 3272 2153 3331 pateat,
2168 3265 2500 3315 ascribendus
2523 3267 2609 3316 liic
2628 3270 2755 3317 Sue-

1684 3346 1810 3395 tonii
1834 3346 1973 3394 locus
1998 3347 2126 3395 Ner.
2152 3350 2233 3393 35.
2268 3345 2282 3371 ‘
2309 3344 2591 3394 Interemit
2612 3352 2755 3394 cete-

1681 3440 1783 3486 ros,
1807 3432 1896 3474 aut
1920 3422 2171 3472 affinitate
2189 3424 2365 3487 aliqua
2381 3423 2499 3484 sibi,
2522 3431 2614 3472 aut
2640 3438 2754 3487 prof

1680 3502 1972 3566 pinquitate
1997 3500 2321 3565 conjunctos.
2358 3499 2418 3547 In
2442 3500 2635 3563 quibus
2648 3500 2754 3549 Au-

1678 3580 1780 3626 lum
1829 3578 2091 3626 Plautium
2140 3577 2407 3641 juvenem,
2442 3593 2599 3641 quem
2633 3593 2753 3627 cum

1678 3663 1799 3706 ante
1830 3663 2049 3705 mortem
2074 3669 2167 3717 per
2195 3655 2296 3703 vim
2318 3662 2715 3718 constuprasset
2736 3673 2748 3705 z

1679 3736 1782 3783 Eat
1842 3748 1995 3793 nunc,
2050 3732 2237 3798 inquit,
2281 3737 2449 3780 mater
2505 3746 2640 3793 mea,
2695 3741 2753 3782 et

1680 3827 2030 3862 successorem
2067 3825 2237 3859 meum
2289 3810 2592 3871 osculetur3
2638 3811 2750 3873 jac·

1681 3896 1793 3937 tans
1817 3889 2062 3937 dilectum
2087 3888 2152 3936 ab
2175 3902 2235 3936 ea
2254 3894 2310 3936 et
2326 3886 2394 3935 ad
2416 3902 2563 3949 spem
2588 3887 2750 3952 impe-

1676 3966 1737 4014 rii
1761 3964 2071 4029 impulsum!

1740 4041 2062 4090 Examinatis
2087 4041 2187 4090 illis
2212 4040 2640 4104 circumstantiis,
2664 4059 2749 4093 ne-

1672 4134 1755 4167 mo
1775 4124 1919 4167 certe
1943 4118 2137 4181 peritus
2159 4118 2394 4166 lectionis
2407 4118 2744 4169 Suetonianae

1673 4196 1952 4245 sustinebit
1995 4210 2084 4244 eas
2127 4193 2300 4243 favere
2337 4196 2501 4258 Lipsii
2537 4203 2745 4246 senten·

1671 4272 1777 4321 tiae.

1733 4347 1879 4397 Dicit
1910 4347 2184 4398 Suetonius
2207 4348 2304 4396 hoc
2330 4347 2471 4413 loco,
2495 4348 2744 4402 interem-.
