<?xml version="1.0" encoding="UTF-8"?>
<!DOCTYPE html PUBLIC "-//W3C//DTD XHTML 1.0 Transitional//EN"
    "http://www.w3.org/TR/xhtml1/DTD/xhtml1-transitional.dtd">
<html xmlns="http://www.w3.org/1999/xhtml" xml:lang="en" lang="en">
 <head>
  <title>
</title>
<meta http-equiv="Content-Type" content="text/html;charset=utf-8" />
  <meta name='ocr-system' content='tesseract 3.04.00' />
  <meta name='ocr-capabilities' content='ocr_page ocr_carea ocr_par ocr_line ocrx_word'/>
</head>
<body>
  <div class='ocr_page' id='page_1' title='image "./operaomniavolum00tacigoog_0539.png"; bbox 0 0 3063 4952; ppageno 0'>
   <div class='ocr_carea' id='block_1_1' title="bbox 325 411 626 512">
    <p class='ocr_par' dir='ltr' id='par_1_1' title="bbox 325 411 626 512">
     <span class='ocr_line' id='line_1_1' title="bbox 325 411 626 512; baseline -0.01 -12"><span class='ocrx_word' id='word_1_1' title='bbox 325 447 382 503; x_wconf 67' lang='lat' dir='ltr'><strong>J.</strong></span> <span class='ocrx_word' id='word_1_2' title='bbox 409 448 471 498; x_wconf 89' lang='lat' dir='ltr'><strong>c.</strong></span> <span class='ocrx_word' id='word_1_3' title='bbox 488 447 597 512; x_wconf 51' lang='lat' dir='ltr'><strong>sa]</strong></span> <span class='ocrx_word' id='word_1_4' title='bbox 618 411 626 471; x_wconf 82' lang='lat' dir='ltr'>J</span> 
     </span>
    </p>
   </div>
   <div class='ocr_carea' id='block_1_2' title="bbox 1027 436 1814 513">
    <p class='ocr_par' dir='ltr' id='par_1_2' title="bbox 1027 436 1814 513">
     <span class='ocr_line' id='line_1_2' title="bbox 1027 436 1814 513; baseline 0.003 -26"><span class='ocrx_word' id='word_1_5' title='bbox 1027 437 1462 513; x_wconf 19' lang='lat' dir='ltr'><strong>sul-tantm,</strong></span> <span class='ocrx_word' id='word_1_6' title='bbox 1488 436 1634 490; x_wconf 76' lang='lat' dir='ltr'><strong>mn.</strong></span> <span class='ocrx_word' id='word_1_7' title='bbox 1681 438 1814 489; x_wconf 72' lang='lat' dir='ltr'><strong>XV.</strong></span> 
     </span>
    </p>
   </div>
   <div class='ocr_carea' id='block_1_3' title="bbox 2344 404 2532 491">
    <p class='ocr_par' dir='ltr' id='par_1_3' title="bbox 2344 404 2532 491">
     <span class='ocr_line' id='line_1_3' title="bbox 2344 404 2532 491; baseline 0 0"><span class='ocrx_word' id='word_1_8' title='bbox 2344 404 2532 491; x_wconf 68' lang='lat'><strong>3190&#39;7</strong></span> 
     </span>
    </p>
   </div>
   <div class='ocr_carea' id='block_1_4' title="bbox 333 552 2531 669">
    <p class='ocr_par' dir='ltr' id='par_1_4' title="bbox 333 552 2531 669">
     <span class='ocr_line' id='line_1_4' title="bbox 333 552 2531 669; baseline -0.001 -15"><span class='ocrx_word' id='word_1_9' title='bbox 333 578 742 655; x_wconf 53' lang='lat' dir='ltr'><strong>sustinebat</strong></span> <span class='ocrx_word' id='word_1_10' title='bbox 809 576 933 649; x_wconf 77' lang='lat' dir='ltr'><strong>&#39;Ad</strong></span> <span class='ocrx_word' id='word_1_11' title='bbox 961 601 1161 669; x_wconf 80' lang='lat' dir='ltr'><strong>quam</strong></span> <span class='ocrx_word' id='word_1_12' title='bbox 1187 570 1580 669; x_wconf 75' lang='lat' dir='ltr'><strong>progressus</strong></span> <span class='ocrx_word' id='word_1_13' title='bbox 1606 552 1975 663; x_wconf 64' lang='lat' dir='ltr'><strong>Tiridates,</strong></span> <span class='ocrx_word' id='word_1_14' title='bbox 2008 585 2207 650; x_wconf 73' lang='lat' dir='ltr'><strong>caesis</strong></span> <span class='ocrx_word' id='word_1_15' title='bbox 2235 604 2325 650; x_wconf 83' lang='lat' dir='ltr'><strong>ex</strong></span> <span class='ocrx_word' id='word_1_16' title='bbox 2353 567 2531 652; x_wconf 82' lang='lat' dir='ltr'><strong>more</strong></span> 
     </span>
    </p>
   </div>
   <div class='ocr_carea' id='block_1_5' title="bbox 325 767 2619 953">
    <p class='ocr_par' dir='ltr' id='par_1_5' title="bbox 325 767 2619 953">
     <span class='ocr_line' id='line_1_5' title="bbox 325 767 2619 838; baseline -0.003 -15"><span class='ocrx_word' id='word_1_17' title='bbox 325 770 578 838; x_wconf 69' lang='lat' dir='ltr'><strong>principis.</strong></span> <span class='ocrx_word' id='word_1_18' title='bbox 642 772 725 822; x_wconf 73' lang='lat' dir='ltr'><strong>Ad</strong></span> <span class='ocrx_word' id='word_1_19' title='bbox 742 785 883 837; x_wconf 70' lang='lat' dir='ltr'><strong>qum</strong></span> <span class='ocrx_word' id='word_1_20' title='bbox 911 771 1130 821; x_wconf 74' lang='lat' dir='ltr'><strong>accedens</strong></span> <span class='ocrx_word' id='word_1_21' title='bbox 1153 769 1409 831; x_wconf 66' lang='lat' dir='ltr'><strong>Rridates,</strong></span> <span class='ocrx_word' id='word_1_22' title='bbox 1442 769 1665 820; x_wconf 77' lang='lat' dir='ltr'><strong>mactatis</strong></span> <span class='ocrx_word' id='word_1_23' title='bbox 1678 784 1768 835; x_wconf 77' lang='lat' dir='ltr'><strong>pro</strong></span> <span class='ocrx_word' id='word_1_24' title='bbox 1788 784 1917 820; x_wconf 70' lang='lat' dir='ltr'><strong>nore</strong></span> <span class='ocrx_word' id='word_1_25' title='bbox 1938 768 2124 832; x_wconf 66' lang='lat' dir='ltr'><strong>hostiis,</strong></span> <span class='ocrx_word' id='word_1_26' title='bbox 2157 767 2367 819; x_wconf 71' lang='lat' dir='ltr'><strong>oblatum</strong></span> <span class='ocrx_word' id='word_1_27' title='bbox 2385 768 2539 835; x_wconf 74' lang='lat' dir='ltr'><strong>cupiti</strong></span> <span class='ocrx_word' id='word_1_28' title='bbox 2614 788 2619 793; x_wconf 91' lang='lat'><em>·</em></span> 
     </span>
     <span class='ocr_line' id='line_1_6' title="bbox 1326 900 1544 953; baseline 0 0"><span class='ocrx_word' id='word_1_29' title='bbox 1326 900 1544 953; x_wconf 81' lang='lat' dir='ltr'><strong>NOTAE</strong></span> 
     </span>
    </p>
   </div>
   <div class='ocr_carea' id='block_1_6' title="bbox 299 1031 1431 3175">
    <p class='ocr_par' dir='ltr' id='par_1_6' title="bbox 299 1031 1401 1250">
     <span class='ocr_line' id='line_1_7' title="bbox 405 1031 1399 1099; baseline -0.002 -16"><span class='ocrx_word' id='word_1_30' title='bbox 405 1032 593 1099; x_wconf 90' lang='lat' dir='ltr'><strong>Sicque</strong></span> <span class='ocrx_word' id='word_1_31' title='bbox 632 1031 718 1081; x_wconf 88' lang='lat' dir='ltr'><strong>illa</strong></span> <span class='ocrx_word' id='word_1_32' title='bbox 757 1032 923 1096; x_wconf 87' lang='lat' dir='ltr'><strong>imago</strong></span> <span class='ocrx_word' id='word_1_33' title='bbox 958 1046 1112 1082; x_wconf 86' lang='lat' dir='ltr'><strong>aurea</strong></span> <span class='ocrx_word' id='word_1_34' title='bbox 1150 1031 1399 1097; x_wconf 85' lang='lat' dir='ltr'><strong>principis</strong></span> 
     </span>
     <span class='ocr_line' id='line_1_8' title="bbox 299 1107 1401 1173; baseline 0.001 -14"><span class='ocrx_word' id='word_1_35' title='bbox 299 1152 304 1153; x_wconf 21' lang='lat' dir='ltr'><em>ff</em></span> <span class='ocrx_word' id='word_1_36' title='bbox 335 1110 513 1159; x_wconf 77' lang='lat' dir='ltr'><strong>media</strong></span> <span class='ocrx_word' id='word_1_37' title='bbox 549 1110 834 1159; x_wconf 82' lang='lat' dir='ltr'><strong>constituta</strong></span> <span class='ocrx_word' id='word_1_38' title='bbox 867 1107 970 1158; x_wconf 73' lang='lat' dir='ltr'><strong>fuit</strong></span> <span class='ocrx_word' id='word_1_39' title='bbox 1004 1110 1139 1159; x_wconf 90' lang='lat' dir='ltr'><strong>inter</strong></span> <span class='ocrx_word' id='word_1_40' title='bbox 1169 1109 1314 1173; x_wconf 79' lang='lat' dir='ltr'><strong>signa</strong></span> <span class='ocrx_word' id='word_1_41' title='bbox 1345 1115 1401 1160; x_wconf 86' lang='lat' dir='ltr'><strong>et</strong></span> 
     </span>
     <span class='ocr_line' id='line_1_9' title="bbox 340 1185 1335 1250; baseline 0 -15"><span class='ocrx_word' id='word_1_42' title='bbox 340 1185 563 1250; x_wconf 79' lang='lat' dir='ltr'><strong>aquilas,</strong></span> <span class='ocrx_word' id='word_1_43' title='bbox 585 1186 650 1235; x_wconf 88' lang='lat' dir='ltr'><strong>ad</strong></span> <span class='ocrx_word' id='word_1_44' title='bbox 671 1186 911 1248; x_wconf 87' lang='lat' dir='ltr'><strong>majorem</strong></span> <span class='ocrx_word' id='word_1_45' title='bbox 933 1186 1335 1235; x_wconf 78' lang='lat' dir='ltr'><strong>venerationem.</strong></span> 
     </span>
    </p>

    <p class='ocr_par' dir='ltr' id='par_1_7' title="bbox 342 1261 1407 1618">
     <span class='ocr_line' id='line_1_10' title="bbox 407 1261 1402 1327; baseline -0.001 -15"><span class='ocrx_word' id='word_1_46' title='bbox 407 1270 434 1304; x_wconf 77' lang='lat'><strong>¹¹</strong></span> <span class='ocrx_word' id='word_1_47' title='bbox 467 1261 612 1312; x_wconf 79' lang='lat' dir='ltr'><strong>Sedes</strong></span> <span class='ocrx_word' id='word_1_48' title='bbox 632 1264 831 1327; x_wconf 67' lang='lat' dir='ltr'><strong>effigiem</strong></span> <span class='ocrx_word' id='word_1_49' title='bbox 855 1261 1081 1325; x_wconf 78' lang='lat' dir='ltr'><strong>Neronis]</strong></span> <span class='ocrx_word' id='word_1_50' title='bbox 1128 1263 1214 1313; x_wconf 90' lang='lat' dir='ltr'><strong>De</strong></span> <span class='ocrx_word' id='word_1_51' title='bbox 1248 1276 1312 1311; x_wconf 76' lang='lat' dir='ltr'><strong>ea</strong></span> <span class='ocrx_word' id='word_1_52' title='bbox 1346 1276 1402 1311; x_wconf 92' lang='lat' dir='ltr'><strong>re</strong></span> 
     </span>
     <span class='ocr_line' id='line_1_11' title="bbox 342 1338 1402 1402; baseline 0 -14"><span class='ocrx_word' id='word_1_53' title='bbox 342 1338 453 1389; x_wconf 82' lang='lat' dir='ltr'><strong>Dio</strong></span> <span class='ocrx_word' id='word_1_54' title='bbox 497 1339 549 1387; x_wconf 90' lang='lat' dir='ltr'><strong>in</strong></span> <span class='ocrx_word' id='word_1_55' title='bbox 611 1339 815 1401; x_wconf 84' lang='lat' dir='ltr'><strong>Eclogis</strong></span> <span class='ocrx_word' id='word_1_56' title='bbox 873 1353 1038 1402; x_wconf 81' lang='lat' dir='ltr'>nuper</span> <span class='ocrx_word' id='word_1_57' title='bbox 1095 1338 1402 1402; x_wconf 85' lang='lat' dir='ltr'><strong>publicatis:</strong></span> 
     </span>
     <span class='ocr_line' id='line_1_12' title="bbox 345 1413 1407 1477; baseline 0.001 -12"><span class='ocrx_word' id='word_1_58' title='bbox 345 1416 361 1443; x_wconf 78' lang='lat'><em>⁶</em></span> <span class='ocrx_word' id='word_1_59' title='bbox 398 1413 629 1465; x_wconf 88' lang='lat' dir='ltr'><strong>Sublime</strong></span> <span class='ocrx_word' id='word_1_60' title='bbox 674 1415 897 1464; x_wconf 87' lang='lat' dir='ltr'><strong>tribunal</strong></span> <span class='ocrx_word' id='word_1_61' title='bbox 937 1422 1169 1466; x_wconf 88' lang='lat' dir='ltr'><strong>erectum</strong></span> <span class='ocrx_word' id='word_1_62' title='bbox 1194 1423 1311 1477; x_wconf 78' lang='lat' dir='ltr'><strong>est,</strong></span> <span class='ocrx_word' id='word_1_63' title='bbox 1350 1422 1407 1466; x_wconf 84' lang='lat' dir='ltr'><strong>et</strong></span> 
     </span>
     <span class='ocr_line' id='line_1_13' title="bbox 344 1491 1405 1560; baseline 0.002 -19"><span class='ocrx_word' id='word_1_64' title='bbox 344 1505 506 1556; x_wconf 88' lang='lat' dir='ltr'><strong>super</strong></span> <span class='ocrx_word' id='word_1_65' title='bbox 541 1491 667 1540; x_wconf 86' lang='lat' dir='ltr'><strong>illud</strong></span> <span class='ocrx_word' id='word_1_66' title='bbox 692 1492 918 1543; x_wconf 79' lang='lat' dir='ltr'><strong>Neronis</strong></span> <span class='ocrx_word' id='word_1_67' title='bbox 945 1492 1192 1554; x_wconf 74' lang='lat' dir='ltr'>imagines</span> <span class='ocrx_word' id='word_1_68' title='bbox 1226 1491 1405 1560; x_wconf 68' lang='lat' dir='ltr'><strong>positjoe</strong></span> 
     </span>
     <span class='ocr_line' id='line_1_14' title="bbox 348 1567 1185 1618; baseline -0.001 0"><span class='ocrx_word' id='word_1_69' title='bbox 348 1567 506 1618; x_wconf 64' lang='lat' dir='ltr'><strong>sunt!</strong></span> <span class='ocrx_word' id='word_1_70' title='bbox 1181 1574 1185 1578; x_wconf 87' lang='grc'><em>“</em></span> 
     </span>
    </p>

    <p class='ocr_par' dir='ltr' id='par_1_8' title="bbox 348 1644 1421 2250">
     <span class='ocr_line' id='line_1_15' title="bbox 413 1644 1408 1707; baseline -0.002 -12"><span class='ocrx_word' id='word_1_71' title='bbox 413 1644 606 1695; x_wconf 88' lang='lat' dir='ltr'><strong>Similis</strong></span> <span class='ocrx_word' id='word_1_72' title='bbox 641 1646 770 1694; x_wconf 76' lang='lat' dir='ltr'><strong>sedes</strong></span> <span class='ocrx_word' id='word_1_73' title='bbox 805 1645 914 1693; x_wconf 86' lang='lat' dir='ltr'><strong>sive</strong></span> <span class='ocrx_word' id='word_1_74' title='bbox 949 1649 1197 1707; x_wconf 69' lang='lat' dir='ltr'><strong>suggestus</strong></span> <span class='ocrx_word' id='word_1_75' title='bbox 1250 1645 1408 1694; x_wconf 83' lang='lat' dir='ltr'><strong>ctiam</strong></span> 
     </span>
     <span class='ocr_line' id='line_1_16' title="bbox 348 1721 1410 1778; baseline -0.001 -5"><span class='ocrx_word' id='word_1_76' title='bbox 348 1722 532 1773; x_wconf 60' lang='lat' dir='ltr'><strong>Roma!</strong></span> <span class='ocrx_word' id='word_1_77' title='bbox 557 1725 609 1772; x_wconf 88' lang='lat' dir='ltr'><strong>in</strong></span> <span class='ocrx_word' id='word_1_78' title='bbox 642 1723 822 1778; x_wconf 73' lang='lat' dir='ltr'><strong>castris</strong></span> <span class='ocrx_word' id='word_1_79' title='bbox 846 1722 1112 1772; x_wconf 85' lang='lat' dir='ltr'><strong>Praetoriis</strong></span> <span class='ocrx_word' id='word_1_80' title='bbox 1133 1721 1347 1771; x_wconf 82' lang='lat' dir='ltr'><strong>Tacitus</strong></span> <span class='ocrx_word' id='word_1_81' title='bbox 1370 1735 1410 1772; x_wconf 84' lang='lat'><strong>1.</strong></span> 
     </span>
     <span class='ocr_line' id='line_1_17' title="bbox 350 1798 1411 1864; baseline -0.002 -15"><span class='ocrx_word' id='word_1_82' title='bbox 350 1798 553 1850; x_wconf 82' lang='lat' dir='ltr'><strong>Histor.</strong></span> <span class='ocrx_word' id='word_1_83' title='bbox 619 1800 634 1827; x_wconf 90' lang='lat'>‘</span> <span class='ocrx_word' id='word_1_84' title='bbox 662 1800 723 1849; x_wconf 90' lang='lat' dir='ltr'><strong>In</strong></span> <span class='ocrx_word' id='word_1_85' title='bbox 746 1807 1011 1863; x_wconf 84' lang='lat' dir='ltr'><strong>suggestu,</strong></span> <span class='ocrx_word' id='word_1_86' title='bbox 1047 1799 1102 1848; x_wconf 90' lang='lat' dir='ltr'><strong>in</strong></span> <span class='ocrx_word' id='word_1_87' title='bbox 1134 1813 1237 1864; x_wconf 92' lang='lat' dir='ltr'><strong>quo</strong></span> <span class='ocrx_word' id='word_1_88' title='bbox 1257 1798 1411 1863; x_wconf 81' lang='lat' dir='ltr'><strong>paulo</strong></span> 
     </span>
     <span class='ocr_line' id='line_1_18' title="bbox 352 1874 1413 1937; baseline -0.001 -12"><span class='ocrx_word' id='word_1_89' title='bbox 352 1882 478 1926; x_wconf 82' lang='lat' dir='ltr'><strong>ante</strong></span> <span class='ocrx_word' id='word_1_90' title='bbox 499 1890 656 1925; x_wconf 77' lang='lat' dir='ltr'><strong>amca</strong></span> <span class='ocrx_word' id='word_1_91' title='bbox 678 1876 860 1926; x_wconf 82' lang='lat' dir='ltr'><strong>Galbae</strong></span> <span class='ocrx_word' id='word_1_92' title='bbox 886 1882 1056 1926; x_wconf 85' lang='lat' dir='ltr'><strong>statua</strong></span> <span class='ocrx_word' id='word_1_93' title='bbox 1078 1874 1270 1937; x_wconf 86' lang='lat' dir='ltr'><strong>fuerat,</strong></span> <span class='ocrx_word' id='word_1_94' title='bbox 1309 1889 1413 1924; x_wconf 89' lang='lat' dir='ltr'><strong>me-</strong></span> 
     </span>
     <span class='ocr_line' id='line_1_19' title="bbox 350 1951 1417 2017; baseline -0.001 -14"><span class='ocrx_word' id='word_1_95' title='bbox 350 1953 495 2003; x_wconf 87' lang='lat' dir='ltr'><strong>dium</strong></span> <span class='ocrx_word' id='word_1_96' title='bbox 518 1955 656 2003; x_wconf 88' lang='lat' dir='ltr'><strong>inter</strong></span> <span class='ocrx_word' id='word_1_97' title='bbox 675 1955 820 2017; x_wconf 80' lang='lat' dir='ltr'><strong>signa</strong></span> <span class='ocrx_word' id='word_1_98' title='bbox 838 1953 1098 2004; x_wconf 83' lang='lat' dir='ltr'><strong>Othonem</strong></span> <span class='ocrx_word' id='word_1_99' title='bbox 1122 1951 1417 2003; x_wconf 62' lang='lat' dir='ltr'><strong>collocant?</strong></span> 
     </span>
     <span class='ocr_line' id='line_1_20' title="bbox 349 2031 1417 2096; baseline -0.003 -14"><span class='ocrx_word' id='word_1_100' title='bbox 349 2032 496 2096; x_wconf 86' lang='lat' dir='ltr'><strong>Ergo</strong></span> <span class='ocrx_word' id='word_1_101' title='bbox 518 2038 690 2081; x_wconf 84' lang='lat' dir='ltr'><strong>statua</strong></span> <span class='ocrx_word' id='word_1_102' title='bbox 707 2033 838 2092; x_wconf 78' lang='lat' dir='ltr'><strong>haec,</strong></span> <span class='ocrx_word' id='word_1_103' title='bbox 866 2038 925 2080; x_wconf 93' lang='lat' dir='ltr'><strong>ut</strong></span> <span class='ocrx_word' id='word_1_104' title='bbox 955 2036 1193 2094; x_wconf 86' lang='lat' dir='ltr'><strong>apparet,</strong></span> <span class='ocrx_word' id='word_1_105' title='bbox 1216 2031 1268 2079; x_wconf 90' lang='lat' dir='ltr'><strong>in</strong></span> <span class='ocrx_word' id='word_1_106' title='bbox 1294 2031 1417 2080; x_wconf 86' lang='lat' dir='ltr'><strong>sede</strong></span> 
     </span>
     <span class='ocr_line' id='line_1_21' title="bbox 354 2106 1421 2174; baseline -0.004 -14"><span class='ocrx_word' id='word_1_107' title='bbox 354 2122 446 2160; x_wconf 78' lang='lat' dir='ltr'><strong>seu</strong></span> <span class='ocrx_word' id='word_1_108' title='bbox 469 2108 634 2158; x_wconf 55' lang='lat' dir='ltr'><strong>sellai</strong></span> <span class='ocrx_word' id='word_1_109' title='bbox 662 2108 902 2174; x_wconf 81' lang='lat' dir='ltr'><strong>exemplo</strong></span> <span class='ocrx_word' id='word_1_110' title='bbox 937 2106 1139 2157; x_wconf 88' lang='lat' dir='ltr'><strong>scilicet</strong></span> <span class='ocrx_word' id='word_1_111' title='bbox 1171 2108 1421 2171; x_wconf 81' lang='lat' dir='ltr'>Deorum,</span> 
     </span>
     <span class='ocr_line' id='line_1_22' title="bbox 355 2182 1017 2250; baseline 0 -18"><span class='ocrx_word' id='word_1_112' title='bbox 355 2184 447 2250; x_wconf 87' lang='lat' dir='ltr'><strong>qui</strong></span> <span class='ocrx_word' id='word_1_113' title='bbox 470 2184 543 2233; x_wconf 85' lang='lat' dir='ltr'><strong>sic</strong></span> <span class='ocrx_word' id='word_1_114' title='bbox 564 2185 867 2249; x_wconf 86' lang='lat' dir='ltr'><strong>plerumque</strong></span> <span class='ocrx_word' id='word_1_115' title='bbox 888 2182 1017 2234; x_wconf 83' lang='lat' dir='ltr'><strong>ficti.</strong></span> 
     </span>
    </p>

    <p class='ocr_par' dir='ltr' id='par_1_9' title="bbox 422 2259 1419 2325">
     <span class='ocr_line' id='line_1_23' title="bbox 422 2259 1419 2325; baseline -0.001 -15"><span class='ocrx_word' id='word_1_116' title='bbox 422 2261 623 2312; x_wconf 80' lang='lat' dir='ltr'><strong>Plinius</strong></span> <span class='ocrx_word' id='word_1_117' title='bbox 662 2260 1016 2325; x_wconf 73' lang='lat' dir='ltr'>Panegyrico:</span> <span class='ocrx_word' id='word_1_118' title='bbox 1062 2262 1078 2289; x_wconf 90' lang='lat'>‘</span> <span class='ocrx_word' id='word_1_119' title='bbox 1105 2259 1419 2312; x_wconf 83' lang='lat' dir='ltr'><strong>Jamdudum</strong></span> 
     </span>
    </p>

    <p class='ocr_par' dir='ltr' id='par_1_10' title="bbox 343 2337 1431 3175">
     <span class='ocr_line' id='line_1_24' title="bbox 352 2337 1420 2401; baseline -0.001 -15"><span class='ocrx_word' id='word_1_120' title='bbox 352 2337 434 2387; x_wconf 86' lang='lat' dir='ltr'><strong>illi</strong></span> <span class='ocrx_word' id='word_1_121' title='bbox 473 2337 728 2387; x_wconf 87' lang='lat' dir='ltr'><strong>radiatum</strong></span> <span class='ocrx_word' id='word_1_122' title='bbox 766 2344 944 2401; x_wconf 87' lang='lat' dir='ltr'><strong>caput,</strong></span> <span class='ocrx_word' id='word_1_123' title='bbox 987 2344 1042 2386; x_wconf 86' lang='lat' dir='ltr'><strong>et</strong></span> <span class='ocrx_word' id='word_1_124' title='bbox 1074 2337 1245 2386; x_wconf 85' lang='lat' dir='ltr'><strong>media</strong></span> <span class='ocrx_word' id='word_1_125' title='bbox 1281 2339 1420 2387; x_wconf 88' lang='lat' dir='ltr'><strong>inter</strong></span> 
     </span>
     <span class='ocr_line' id='line_1_25' title="bbox 355 2413 1419 2480; baseline 0 -15"><span class='ocrx_word' id='word_1_126' title='bbox 355 2415 504 2465; x_wconf 88' lang='lat' dir='ltr'><strong>Deos</strong></span> <span class='ocrx_word' id='word_1_127' title='bbox 536 2415 703 2480; x_wconf 88' lang='lat' dir='ltr'><strong>sedes,</strong></span> <span class='ocrx_word' id='word_1_128' title='bbox 744 2429 869 2464; x_wconf 89' lang='lat' dir='ltr'><strong>auro</strong></span> <span class='ocrx_word' id='word_1_129' title='bbox 904 2422 1070 2465; x_wconf 84' lang='lat' dir='ltr'><strong>staret</strong></span> <span class='ocrx_word' id='word_1_130' title='bbox 1102 2421 1193 2464; x_wconf 89' lang='lat' dir='ltr'><strong>aut</strong></span> <span class='ocrx_word' id='word_1_131' title='bbox 1226 2413 1419 2465; x_wconf 73' lang='lat' dir='ltr'><strong>ebore.5</strong></span> 
     </span>
     <span class='ocr_line' id='line_1_26' title="bbox 356 2492 575 2557; baseline 0 -15"><span class='ocrx_word' id='word_1_132' title='bbox 356 2492 575 2557; x_wconf 78' lang='lat' dir='ltr'><strong>Lipsius.</strong></span> 
     </span>
     <span class='ocr_line' id='line_1_27' title="bbox 343 2567 1425 2634; baseline 0.001 -17"><span class='ocrx_word' id='word_1_133' title='bbox 343 2573 354 2581; x_wconf 81' lang='lat'><em>&#39;</em></span> <span class='ocrx_word' id='word_1_134' title='bbox 429 2569 654 2634; x_wconf 78' lang='lat' dir='ltr'><strong>Effigiem</strong></span> <span class='ocrx_word' id='word_1_135' title='bbox 679 2567 902 2631; x_wconf 73' lang='lat' dir='ltr'><strong>Neronis]</strong></span> <span class='ocrx_word' id='word_1_136' title='bbox 936 2569 1068 2621; x_wconf 81' lang='lat' dir='ltr'><strong>Quae</strong></span> <span class='ocrx_word' id='word_1_137' title='bbox 1103 2583 1169 2618; x_wconf 84' lang='lat' dir='ltr'><strong>ex</strong></span> <span class='ocrx_word' id='word_1_138' title='bbox 1203 2582 1326 2618; x_wconf 86' lang='lat' dir='ltr'><strong>auro</strong></span> <span class='ocrx_word' id='word_1_139' title='bbox 1349 2583 1425 2618; x_wconf 85' lang='lat' dir='ltr'><strong>so-</strong></span> 
     </span>
     <span class='ocr_line' id='line_1_28' title="bbox 359 2637 1424 2711; baseline -0.003 -13"><span class='ocrx_word' id='word_1_140' title='bbox 359 2647 495 2710; x_wconf 85' lang='lat' dir='ltr'><strong>lido,</strong></span> <span class='ocrx_word' id='word_1_141' title='bbox 526 2655 582 2696; x_wconf 88' lang='lat' dir='ltr'><strong>et</strong></span> <span class='ocrx_word' id='word_1_142' title='bbox 605 2646 672 2695; x_wconf 87' lang='lat' dir='ltr'><strong>de</strong></span> <span class='ocrx_word' id='word_1_143' title='bbox 695 2662 797 2711; x_wconf 84' lang='lat' dir='ltr'><strong>qua</strong></span> <span class='ocrx_word' id='word_1_144' title='bbox 822 2649 1021 2709; x_wconf 83' lang='lat' dir='ltr'>egimus</span> <span class='ocrx_word' id='word_1_145' title='bbox 1044 2661 1091 2696; x_wconf 93' lang='lat' dir='ltr'><strong>c.</strong></span> <span class='ocrx_word' id='word_1_146' title='bbox 1119 2637 1219 2694; x_wconf 60' lang='lat'><strong>&#39;24</strong></span> <span class='ocrx_word' id='word_1_147' title='bbox 1246 2659 1424 2709; x_wconf 86' lang='lat' dir='ltr'><strong>supra.</strong></span> 
     </span>
     <span class='ocr_line' id='line_1_29' title="bbox 365 2722 1428 2788; baseline -0.006 -11"><span class='ocrx_word' id='word_1_148' title='bbox 365 2726 498 2778; x_wconf 63' lang='lat' dir='ltr'><strong>Quat</strong></span> <span class='ocrx_word' id='word_1_149' title='bbox 521 2724 682 2788; x_wconf 87' lang='lat' dir='ltr'><strong>major</strong></span> <span class='ocrx_word' id='word_1_150' title='bbox 712 2725 825 2773; x_wconf 88' lang='lat' dir='ltr'><strong>aliis</strong></span> <span class='ocrx_word' id='word_1_151' title='bbox 856 2722 1165 2787; x_wconf 85' lang='lat' dir='ltr'><strong>imaginibus</strong></span> <span class='ocrx_word' id='word_1_152' title='bbox 1190 2723 1428 2786; x_wconf 82' lang='lat' dir='ltr'><strong>Caesaris,</strong></span> 
     </span>
     <span class='ocr_line' id='line_1_30' title="bbox 364 2800 1429 2867; baseline -0.002 -16"><span class='ocrx_word' id='word_1_153' title='bbox 364 2816 484 2867; x_wconf 81' lang='lat' dir='ltr'><strong>quae</strong></span> <span class='ocrx_word' id='word_1_154' title='bbox 509 2816 603 2865; x_wconf 89' lang='lat' dir='ltr'><strong>pro</strong></span> <span class='ocrx_word' id='word_1_155' title='bbox 625 2801 772 2865; x_wconf 86' lang='lat' dir='ltr'><strong>signo</strong></span> <span class='ocrx_word' id='word_1_156' title='bbox 806 2809 979 2850; x_wconf 85' lang='lat' dir='ltr'><strong>essent</strong></span> <span class='ocrx_word' id='word_1_157' title='bbox 1009 2800 1303 2864; x_wconf 82' lang='lat' dir='ltr'>manipulis,</span> <span class='ocrx_word' id='word_1_158' title='bbox 1336 2805 1429 2849; x_wconf 86' lang='lat' dir='ltr'><strong>aut</strong></span> 
     </span>
     <span class='ocr_line' id='line_1_31' title="bbox 363 2878 1429 2943; baseline -0.002 -15"><span class='ocrx_word' id='word_1_159' title='bbox 363 2879 550 2928; x_wconf 87' lang='lat' dir='ltr'><strong>saltem</strong></span> <span class='ocrx_word' id='word_1_160' title='bbox 573 2879 709 2928; x_wconf 89' lang='lat' dir='ltr'><strong>inter</strong></span> <span class='ocrx_word' id='word_1_161' title='bbox 742 2879 888 2943; x_wconf 87' lang='lat' dir='ltr'><strong>signa</strong></span> <span class='ocrx_word' id='word_1_162' title='bbox 916 2878 1250 2940; x_wconf 82' lang='lat' dir='ltr'>haberentur,</span> <span class='ocrx_word' id='word_1_163' title='bbox 1282 2892 1429 2940; x_wconf 89' lang='lat' dir='ltr'><strong>repo-</strong></span> 
     </span>
     <span class='ocr_line' id='line_1_32' title="bbox 365 2955 1430 3020; baseline -0.001 -15"><span class='ocrx_word' id='word_1_164' title='bbox 365 2961 714 3016; x_wconf 78' lang='lat' dir='ltr'><strong>nerenturve3</strong></span> <span class='ocrx_word' id='word_1_165' title='bbox 765 2963 819 3004; x_wconf 89' lang='lat' dir='ltr'><strong>et</strong></span> <span class='ocrx_word' id='word_1_166' title='bbox 859 2970 975 3020; x_wconf 80' lang='lat' dir='ltr'><strong>quae</strong></span> <span class='ocrx_word' id='word_1_167' title='bbox 1016 2961 1217 3005; x_wconf 89' lang='lat' dir='ltr'><strong>tantum</strong></span> <span class='ocrx_word' id='word_1_168' title='bbox 1250 2955 1430 3004; x_wconf 84' lang='lat' dir='ltr'><strong>honori</strong></span> 
     </span>
     <span class='ocr_line' id='line_1_33' title="bbox 366 3032 1431 3097; baseline -0.003 -14"><span class='ocrx_word' id='word_1_169' title='bbox 366 3039 544 3083; x_wconf 84' lang='lat' dir='ltr'><strong>essent</strong></span> <span class='ocrx_word' id='word_1_170' title='bbox 557 3033 791 3097; x_wconf 80' lang='lat' dir='ltr'><strong>regnanti</strong></span> <span class='ocrx_word' id='word_1_171' title='bbox 806 3032 1044 3096; x_wconf 80' lang='lat' dir='ltr'><strong>principi,</strong></span> <span class='ocrx_word' id='word_1_172' title='bbox 1059 3038 1115 3081; x_wconf 87' lang='lat' dir='ltr'><strong>et</strong></span> <span class='ocrx_word' id='word_1_173' title='bbox 1130 3039 1431 3084; x_wconf 85' lang='lat' dir='ltr'><strong>ornamento</strong></span> 
     </span>
     <span class='ocr_line' id='line_1_34' title="bbox 366 3109 1376 3175; baseline -0.001 -16"><span class='ocrx_word' id='word_1_174' title='bbox 366 3110 737 3175; x_wconf 81' lang='lat' dir='ltr'><strong>principiorum</strong></span> <span class='ocrx_word' id='word_1_175' title='bbox 762 3110 1011 3174; x_wconf 89' lang='lat' dir='ltr'><strong>cujusque</strong></span> <span class='ocrx_word' id='word_1_176' title='bbox 1031 3109 1268 3173; x_wconf 77' lang='lat' dir='ltr'><strong>legionis.</strong></span> <span class='ocrx_word' id='word_1_177' title='bbox 1371 3143 1376 3148; x_wconf 72' lang='lat'><strong>,</strong></span> 
     </span>
    </p>
   </div>
   <div class='ocr_carea' id='block_1_7' title="bbox 435 3185 1454 3252">
    <p class='ocr_par' dir='ltr' id='par_1_11' title="bbox 435 3185 1454 3252">
     <span class='ocr_line' id='line_1_35' title="bbox 435 3185 1454 3252; baseline 0 -16"><span class='ocrx_word' id='word_1_178' title='bbox 435 3186 623 3252; x_wconf 77' lang='lat' dir='ltr'><strong>Itaque</strong></span> <span class='ocrx_word' id='word_1_179' title='bbox 631 3187 869 3250; x_wconf 61' lang='lat' dir='ltr'><strong>principia</strong></span> <span class='ocrx_word' id='word_1_180' title='bbox 884 3188 934 3234; x_wconf 90' lang='lat' dir='ltr'><strong>in</strong></span> <span class='ocrx_word' id='word_1_181' title='bbox 950 3187 1134 3235; x_wconf 86' lang='lat' dir='ltr'><strong>castris</strong></span> <span class='ocrx_word' id='word_1_182' title='bbox 1152 3185 1432 3249; x_wconf 87' lang='lat' dir='ltr'><strong>legionum,</strong></span> <span class='ocrx_word' id='word_1_183' title='bbox 1449 3229 1454 3236; x_wconf 94' lang='lat'><strong>.</strong></span> 
     </span>
    </p>
   </div>
   <div class='ocr_carea' id='block_1_8' title="bbox 331 3262 1450 4402">
    <p class='ocr_par' dir='ltr' id='par_1_12' title="bbox 331 3262 1446 4233">
     <span class='ocr_line' id='line_1_36' title="bbox 368 3262 1435 3324; baseline -0.001 -12"><span class='ocrx_word' id='word_1_184' title='bbox 368 3269 431 3312; x_wconf 89' lang='lat' dir='ltr'><strong>ut</strong></span> <span class='ocrx_word' id='word_1_185' title='bbox 469 3262 628 3312; x_wconf 86' lang='lat' dir='ltr'><strong>debet</strong></span> <span class='ocrx_word' id='word_1_186' title='bbox 667 3264 747 3311; x_wconf 83' lang='lat' dir='ltr'><strong>hic</strong></span> <span class='ocrx_word' id='word_1_187' title='bbox 788 3262 1019 3324; x_wconf 64' lang='lat' dir='ltr'><strong>concipi,</strong></span> <span class='ocrx_word' id='word_1_188' title='bbox 1051 3269 1201 3313; x_wconf 85' lang='lat' dir='ltr'><strong>erant</strong></span> <span class='ocrx_word' id='word_1_189' title='bbox 1241 3263 1435 3323; x_wconf 75' lang='lat' dir='ltr'><strong>agmina</strong></span> 
     </span>
     <span class='ocr_line' id='line_1_37' title="bbox 331 3338 1433 3404; baseline -0.004 -14"><span class='ocrx_word' id='word_1_190' title='bbox 331 3389 336 3390; x_wconf 12' lang='grc' dir='ltr'><em>γ</em></span> <span class='ocrx_word' id='word_1_191' title='bbox 369 3338 607 3404; x_wconf 68' lang='lat' dir='ltr'><strong>legionum</strong></span> <span class='ocrx_word' id='word_1_192' title='bbox 644 3339 694 3386; x_wconf 89' lang='lat' dir='ltr'><strong>in</strong></span> <span class='ocrx_word' id='word_1_193' title='bbox 737 3353 891 3388; x_wconf 85' lang='lat' dir='ltr'><strong>unum</strong></span> <span class='ocrx_word' id='word_1_194' title='bbox 932 3338 1100 3386; x_wconf 89' lang='lat' dir='ltr'><strong>locum</strong></span> <span class='ocrx_word' id='word_1_195' title='bbox 1144 3344 1433 3399; x_wconf 80' lang='lat' dir='ltr'><strong>contracta,</strong></span> 
     </span>
     <span class='ocr_line' id='line_1_38' title="bbox 372 3413 1436 3477; baseline -0.001 -14"><span class='ocrx_word' id='word_1_196' title='bbox 372 3413 538 3466; x_wconf 69' lang='lat' dir='ltr'><strong>veluti</strong></span> <span class='ocrx_word' id='word_1_197' title='bbox 564 3428 656 3477; x_wconf 87' lang='lat' dir='ltr'><strong>pro</strong></span> <span class='ocrx_word' id='word_1_198' title='bbox 679 3413 925 3466; x_wconf 75' lang='lat' dir='ltr'><strong>concinne</strong></span> <span class='ocrx_word' id='word_1_199' title='bbox 950 3419 1005 3461; x_wconf 89' lang='lat' dir='ltr'><strong>et</strong></span> <span class='ocrx_word' id='word_1_200' title='bbox 1027 3413 1357 3476; x_wconf 80' lang='lat' dir='ltr'><strong>allocutione,</strong></span> <span class='ocrx_word' id='word_1_201' title='bbox 1380 3419 1436 3462; x_wconf 89' lang='lat' dir='ltr'><strong>et</strong></span> 
     </span>
     <span class='ocr_line' id='line_1_39' title="bbox 372 3488 1438 3553; baseline -0.001 -14"><span class='ocrx_word' id='word_1_202' title='bbox 372 3490 525 3541; x_wconf 66' lang='lat' dir='ltr'><strong>sotte-</strong></span> <span class='ocrx_word' id='word_1_203' title='bbox 547 3496 656 3539; x_wconf 91' lang='lat' dir='ltr'><strong>tum</strong></span> <span class='ocrx_word' id='word_1_204' title='bbox 699 3490 880 3553; x_wconf 86' lang='lat' dir='ltr'><strong>majori</strong></span> <span class='ocrx_word' id='word_1_205' title='bbox 921 3496 1138 3552; x_wconf 80' lang='lat' dir='ltr'><strong>paratu3</strong></span> <span class='ocrx_word' id='word_1_206' title='bbox 1191 3488 1343 3537; x_wconf 87' lang='lat' dir='ltr'><strong>simul</strong></span> <span class='ocrx_word' id='word_1_207' title='bbox 1382 3496 1438 3538; x_wconf 91' lang='lat' dir='ltr'><strong>et</strong></span> 
     </span>
     <span class='ocr_line' id='line_1_40' title="bbox 360 3564 1439 3630; baseline -0.002 -14"><span class='ocrx_word' id='word_1_208' title='bbox 360 3566 611 3628; x_wconf 70' lang='lat' dir='ltr'><strong>fidgentes</strong></span> <span class='ocrx_word' id='word_1_209' title='bbox 650 3567 837 3630; x_wconf 74' lang='lat' dir='ltr'><strong>aquiloe,</strong></span> <span class='ocrx_word' id='word_1_210' title='bbox 880 3572 1158 3630; x_wconf 87' lang='lat' dir='ltr'><strong>ceteraque</strong></span> <span class='ocrx_word' id='word_1_211' title='bbox 1196 3564 1344 3629; x_wconf 85' lang='lat' dir='ltr'><strong>signa</strong></span> <span class='ocrx_word' id='word_1_212' title='bbox 1383 3571 1439 3615; x_wconf 90' lang='lat' dir='ltr'><strong>et</strong></span> 
     </span>
     <span class='ocr_line' id='line_1_41' title="bbox 374 3643 1440 3708; baseline -0.002 -13"><span class='ocrx_word' id='word_1_213' title='bbox 374 3645 585 3708; x_wconf 80' lang='lat' dir='ltr'><strong>vexilla,</strong></span> <span class='ocrx_word' id='word_1_214' title='bbox 635 3645 785 3693; x_wconf 88' lang='lat' dir='ltr'><strong>simul</strong></span> <span class='ocrx_word' id='word_1_215' title='bbox 841 3650 895 3692; x_wconf 88' lang='lat' dir='ltr'><strong>et</strong></span> <span class='ocrx_word' id='word_1_216' title='bbox 932 3644 1185 3693; x_wconf 69' lang='lat' dir='ltr'><strong>simulacra</strong></span> <span class='ocrx_word' id='word_1_217' title='bbox 1227 3643 1440 3693; x_wconf 77' lang='lat' dir='ltr'><strong>Deorum</strong></span> 
     </span>
     <span class='ocr_line' id='line_1_42' title="bbox 373 3719 1440 3785; baseline -0.006 -11"><span class='ocrx_word' id='word_1_218' title='bbox 373 3722 757 3785; x_wconf 84' lang='lat' dir='ltr'><strong>Divommque,</strong></span> <span class='ocrx_word' id='word_1_219' title='bbox 774 3721 825 3769; x_wconf 91' lang='lat' dir='ltr'><strong>in</strong></span> <span class='ocrx_word' id='word_1_220' title='bbox 843 3719 1049 3768; x_wconf 87' lang='lat' dir='ltr'><strong>modum</strong></span> <span class='ocrx_word' id='word_1_221' title='bbox 1081 3719 1288 3782; x_wconf 80' lang='lat' dir='ltr'><strong>templi3</strong></span> <span class='ocrx_word' id='word_1_222' title='bbox 1321 3734 1440 3768; x_wconf 87' lang='lat' dir='ltr'><strong>nam</strong></span> 
     </span>
     <span class='ocr_line' id='line_1_43' title="bbox 375 3795 1441 3860; baseline -0.007 -10"><span class='ocrx_word' id='word_1_223' title='bbox 375 3806 797 3850; x_wconf 88' lang='lat' dir='ltr'><strong>consecratorum</strong></span> <span class='ocrx_word' id='word_1_224' title='bbox 869 3796 1157 3860; x_wconf 85' lang='lat' dir='ltr'><strong>principum</strong></span> <span class='ocrx_word' id='word_1_225' title='bbox 1223 3795 1441 3848; x_wconf 84' lang='lat' dir='ltr'><strong>aderant</strong></span> 
     </span>
     <span class='ocr_line' id='line_1_44' title="bbox 375 3874 1444 3942; baseline -0.007 -14"><span class='ocrx_word' id='word_1_226' title='bbox 375 3877 647 3942; x_wconf 82' lang='lat' dir='ltr'><strong>imagines.</strong></span> <span class='ocrx_word' id='word_1_227' title='bbox 736 3876 898 3925; x_wconf 84' lang='lat' dir='ltr'><strong>Medio</strong></span> <span class='ocrx_word' id='word_1_228' title='bbox 939 3876 1312 3938; x_wconf 81' lang='lat' dir='ltr'><strong>principiorum</strong></span> <span class='ocrx_word' id='word_1_229' title='bbox 1356 3874 1444 3930; x_wconf 76' lang='lat' dir='ltr'><strong>tri-</strong></span> 
     </span>
     <span class='ocr_line' id='line_1_45' title="bbox 377 3951 1444 4015; baseline -0.006 -11"><span class='ocrx_word' id='word_1_230' title='bbox 377 3955 522 4004; x_wconf 69' lang='lat' dir='ltr'><strong>bustal</strong></span> <span class='ocrx_word' id='word_1_231' title='bbox 543 3960 884 4012; x_wconf 79' lang='lat' dir='ltr'><strong>exstructum,</strong></span> <span class='ocrx_word' id='word_1_232' title='bbox 905 3951 956 3999; x_wconf 87' lang='lat' dir='ltr'><strong>iu</strong></span> <span class='ocrx_word' id='word_1_233' title='bbox 980 3966 1079 4015; x_wconf 87' lang='lat' dir='ltr'><strong>quo</strong></span> <span class='ocrx_word' id='word_1_234' title='bbox 1096 3953 1225 4005; x_wconf 77' lang='lat' dir='ltr'><strong>sedes</strong></span> <span class='ocrx_word' id='word_1_235' title='bbox 1245 3951 1444 4012; x_wconf 70' lang='lat' dir='ltr'><strong>curulis,</strong></span> 
     </span>
     <span class='ocr_line' id='line_1_46' title="bbox 378 4026 1446 4091; baseline -0.003 -13"><span class='ocrx_word' id='word_1_236' title='bbox 378 4038 437 4079; x_wconf 81' lang='lat' dir='ltr'><strong>et</strong></span> <span class='ocrx_word' id='word_1_237' title='bbox 451 4044 514 4078; x_wconf 86' lang='lat' dir='ltr'><strong>ea</strong></span> <span class='ocrx_word' id='word_1_238' title='bbox 526 4030 682 4089; x_wconf 35' lang='lat' dir='ltr'><strong>sedes·</strong></span> <span class='ocrx_word' id='word_1_239' title='bbox 690 4026 911 4091; x_wconf 83' lang='lat' dir='ltr'><strong>effigiem</strong></span> <span class='ocrx_word' id='word_1_240' title='bbox 927 4029 1072 4076; x_wconf 82' lang='lat' dir='ltr'><strong>Caesa</strong></span> <span class='ocrx_word' id='word_1_241' title='bbox 1080 4028 1146 4080; x_wconf 83' lang='lat' dir='ltr'><strong>ris</strong></span> <span class='ocrx_word' id='word_1_242' title='bbox 1158 4028 1415 4084; x_wconf 66' lang='lat' dir='ltr'><strong>sustinebat</strong></span> <span class='ocrx_word' id='word_1_243' title='bbox 1427 4043 1446 4084; x_wconf 86' lang='lat'><strong>,-</strong></span> 
     </span>
     <span class='ocr_line' id='line_1_47' title="bbox 381 4103 1443 4168; baseline -0.003 -12"><span class='ocrx_word' id='word_1_244' title='bbox 381 4112 527 4162; x_wconf 72' lang='lat' dir='ltr'><strong>etca</strong></span> <span class='ocrx_word' id='word_1_245' title='bbox 549 4103 748 4168; x_wconf 77' lang='lat' dir='ltr'><strong>effigies</strong></span> <span class='ocrx_word' id='word_1_246' title='bbox 780 4118 844 4152; x_wconf 86' lang='lat' dir='ltr'><strong>ex</strong></span> <span class='ocrx_word' id='word_1_247' title='bbox 881 4119 1004 4153; x_wconf 83' lang='lat' dir='ltr'><strong>auro</strong></span> <span class='ocrx_word' id='word_1_248' title='bbox 1040 4104 1207 4153; x_wconf 90' lang='lat' dir='ltr'><strong>solido</strong></span> <span class='ocrx_word' id='word_1_249' title='bbox 1230 4112 1285 4153; x_wconf 92' lang='lat' dir='ltr'><strong>et</strong></span> <span class='ocrx_word' id='word_1_250' title='bbox 1309 4103 1443 4161; x_wconf 86' lang='lat' dir='ltr'><strong>forte</strong></span> 
     </span>
     <span class='ocr_line' id='line_1_48' title="bbox 381 4182 603 4233; baseline -0.005 0"><span class='ocrx_word' id='word_1_251' title='bbox 381 4182 603 4233; x_wconf 80' lang='lat' dir='ltr'><strong>iconica.</strong></span> 
     </span>
    </p>

    <p class='ocr_par' dir='ltr' id='par_1_13' title="bbox 385 4256 1450 4402">
     <span class='ocr_line' id='line_1_49' title="bbox 452 4256 1450 4324; baseline 0 -17"><span class='ocrx_word' id='word_1_252' title='bbox 452 4258 536 4307; x_wconf 75' lang='lat' dir='ltr'><strong>Ad</strong></span> <span class='ocrx_word' id='word_1_253' title='bbox 547 4258 679 4307; x_wconf 79' lang='lat' dir='ltr'><strong>hanc</strong></span> <span class='ocrx_word' id='word_1_254' title='bbox 692 4256 894 4324; x_wconf 74' lang='lat' dir='ltr'><strong>effigiem</strong></span> <span class='ocrx_word' id='word_1_255' title='bbox 904 4272 1180 4321; x_wconf 73' lang='lat' dir='ltr'><strong>progressus</strong></span> <span class='ocrx_word' id='word_1_256' title='bbox 1196 4258 1450 4323; x_wconf 74' lang='lat' dir='ltr'><strong>Tiridates,</strong></span> 
     </span>
     <span class='ocr_line' id='line_1_50' title="bbox 385 4332 1448 4402; baseline 0.003 -17"><span class='ocrx_word' id='word_1_257' title='bbox 385 4340 454 4388; x_wconf 74' lang='lat' dir='ltr'><strong>et</strong></span> <span class='ocrx_word' id='word_1_258' title='bbox 484 4332 620 4385; x_wconf 77' lang='lat' dir='ltr'><strong>forte</strong></span> <span class='ocrx_word' id='word_1_259' title='bbox 656 4334 1020 4401; x_wconf 72' lang='lat' dir='ltr'><strong>procumbens,</strong></span> <span class='ocrx_word' id='word_1_260' title='bbox 1057 4334 1180 4402; x_wconf 88' lang='lat' dir='ltr'><strong>(nec</strong></span> <span class='ocrx_word' id='word_1_261' title='bbox 1215 4334 1273 4386; x_wconf 84' lang='lat' dir='ltr'><strong>id</strong></span> <span class='ocrx_word' id='word_1_262' title='bbox 1297 4336 1448 4402; x_wconf 11' lang='lat' dir='ltr'><strong>,haud</strong></span> 
     </span>
    </p>
   </div>
   <div class='ocr_carea' id='block_1_9' title="bbox 1479 1031 2593 4400">
    <p class='ocr_par' dir='ltr' id='par_1_14' title="bbox 1479 1031 2546 1329">
     <span class='ocr_line' id='line_1_51' title="bbox 1479 1031 2545 1094; baseline 0.001 -13"><span class='ocrx_word' id='word_1_263' title='bbox 1479 1031 1637 1083; x_wconf 82' lang='lat' dir='ltr'><strong>dubie</strong></span> <span class='ocrx_word' id='word_1_264' title='bbox 1679 1034 1790 1083; x_wconf 81' lang='lat' dir='ltr'><strong>sine</strong></span> <span class='ocrx_word' id='word_1_265' title='bbox 1836 1034 2030 1083; x_wconf 86' lang='lat' dir='ltr'><strong>honore</strong></span> <span class='ocrx_word' id='word_1_266' title='bbox 2073 1038 2127 1082; x_wconf 90' lang='lat' dir='ltr'><strong>et</strong></span> <span class='ocrx_word' id='word_1_267' title='bbox 2162 1031 2545 1094; x_wconf 85' lang='lat' dir='ltr'><strong>veneratione‚)</strong></span> 
     </span>
     <span class='ocr_line' id='line_1_52' title="bbox 1479 1109 2546 1175; baseline -0.003 -14"><span class='ocrx_word' id='word_1_268' title='bbox 1479 1111 1599 1161; x_wconf 90' lang='lat' dir='ltr'><strong>huic</strong></span> <span class='ocrx_word' id='word_1_269' title='bbox 1624 1111 1831 1174; x_wconf 82' lang='lat' dir='ltr'><strong>imagini</strong></span> <span class='ocrx_word' id='word_1_270' title='bbox 1853 1113 2067 1161; x_wconf 76' lang='lat' dir='ltr'><strong>diadem</strong></span> <span class='ocrx_word' id='word_1_271' title='bbox 2084 1109 2295 1171; x_wconf 66' lang='lat' dir='ltr'><strong>ubjecit,</strong></span> <span class='ocrx_word' id='word_1_272' title='bbox 2317 1111 2463 1175; x_wconf 84' lang='lat' dir='ltr'><strong>quasi</strong></span> <span class='ocrx_word' id='word_1_273' title='bbox 2486 1117 2546 1159; x_wconf 91' lang='lat' dir='ltr'><strong>ut</strong></span> 
     </span>
     <span class='ocr_line' id='line_1_53' title="bbox 1482 1187 2545 1252; baseline 0 -15"><span class='ocrx_word' id='word_1_274' title='bbox 1482 1187 1807 1238; x_wconf 77' lang='lat' dir='ltr'><strong>satisfaceret</strong></span> <span class='ocrx_word' id='word_1_275' title='bbox 1849 1188 2091 1251; x_wconf 85' lang='lat' dir='ltr'><strong>principi,</strong></span> <span class='ocrx_word' id='word_1_276' title='bbox 2133 1202 2234 1252; x_wconf 90' lang='lat' dir='ltr'><strong>quo</strong></span> <span class='ocrx_word' id='word_1_277' title='bbox 2264 1194 2545 1250; x_wconf 74' lang='lat' dir='ltr'><strong>renuente,</strong></span> 
     </span>
     <span class='ocr_line' id='line_1_54' title="bbox 1482 1264 2318 1329; baseline -0.004 -15"><span class='ocrx_word' id='word_1_278' title='bbox 1482 1266 1777 1329; x_wconf 72' lang='lat' dir='ltr'><strong>accepisset</strong></span> <span class='ocrx_word' id='word_1_279' title='bbox 1796 1264 1994 1328; x_wconf 80' lang='lat' dir='ltr'><strong>insigne</strong></span> <span class='ocrx_word' id='word_1_280' title='bbox 2017 1264 2233 1327; x_wconf 69' lang='lat' dir='ltr'><strong>regium</strong></span> <span class='ocrx_word' id='word_1_281' title='bbox 2311 1274 2318 1280; x_wconf 84' lang='lat'><strong>·</strong></span> 
     </span>
    </p>

    <p class='ocr_par' dir='ltr' id='par_1_15' title="bbox 1486 1338 2555 1867">
     <span class='ocr_line' id='line_1_55' title="bbox 1548 1338 2551 1405; baseline -0.001 -14"><span class='ocrx_word' id='word_1_282' title='bbox 1548 1342 1735 1391; x_wconf 82' lang='lat' dir='ltr'><strong>Similis</strong></span> <span class='ocrx_word' id='word_1_283' title='bbox 1767 1343 1935 1405; x_wconf 82' lang='lat' dir='ltr'><strong>imago</strong></span> <span class='ocrx_word' id='word_1_284' title='bbox 1973 1338 2073 1390; x_wconf 82' lang='lat' dir='ltr'><strong>fuit</strong></span> <span class='ocrx_word' id='word_1_285' title='bbox 2111 1340 2160 1388; x_wconf 90' lang='lat' dir='ltr'><strong>in</strong></span> <span class='ocrx_word' id='word_1_286' title='bbox 2200 1340 2387 1391; x_wconf 80' lang='lat' dir='ltr'><strong>castris</strong></span> <span class='ocrx_word' id='word_1_287' title='bbox 2422 1355 2551 1404; x_wconf 84' lang='lat' dir='ltr'><strong>prae-</strong></span> 
     </span>
     <span class='ocr_line' id='line_1_56' title="bbox 1487 1417 2550 1483; baseline -0.003 -15"><span class='ocrx_word' id='word_1_288' title='bbox 1487 1419 1717 1481; x_wconf 80' lang='lat' dir='ltr'><strong>torianis,</strong></span> <span class='ocrx_word' id='word_1_289' title='bbox 1753 1418 1890 1483; x_wconf 85' lang='lat' dir='ltr'><strong>apud</strong></span> <span class='ocrx_word' id='word_1_290' title='bbox 1916 1417 2159 1477; x_wconf 82' lang='lat' dir='ltr'><strong>tribunal,</strong></span> <span class='ocrx_word' id='word_1_291' title='bbox 2193 1417 2244 1465; x_wconf 89' lang='lat' dir='ltr'><strong>in</strong></span> <span class='ocrx_word' id='word_1_292' title='bbox 2270 1417 2403 1469; x_wconf 63' lang='lat' dir='ltr'><strong>sella,</strong></span> <span class='ocrx_word' id='word_1_293' title='bbox 2423 1417 2550 1466; x_wconf 89' lang='lat' dir='ltr'><strong>item</strong></span> 
     </span>
     <span class='ocr_line' id='line_1_57' title="bbox 1486 1493 2550 1557; baseline -0.005 -11"><span class='ocrx_word' id='word_1_294' title='bbox 1486 1498 1678 1553; x_wconf 84' lang='lat' dir='ltr'><strong>curuli,</strong></span> <span class='ocrx_word' id='word_1_295' title='bbox 1711 1493 2034 1546; x_wconf 83' lang='lat' dir='ltr'><strong>circumdata</strong></span> <span class='ocrx_word' id='word_1_296' title='bbox 2064 1493 2222 1557; x_wconf 84' lang='lat' dir='ltr'><strong>signis</strong></span> <span class='ocrx_word' id='word_1_297' title='bbox 2257 1500 2312 1543; x_wconf 86' lang='lat' dir='ltr'><strong>et</strong></span> <span class='ocrx_word' id='word_1_298' title='bbox 2346 1493 2550 1541; x_wconf 84' lang='lat' dir='ltr'><strong>vexillis</strong></span> 
     </span>
     <span class='ocr_line' id='line_1_58' title="bbox 1488 1567 2552 1638; baseline -0.005 -16"><span class='ocrx_word' id='word_1_299' title='bbox 1488 1572 1842 1638; x_wconf 82' lang='lat' dir='ltr'><strong>praetorianis:</strong></span> <span class='ocrx_word' id='word_1_300' title='bbox 1891 1585 1993 1637; x_wconf 88' lang='lat' dir='ltr'><strong>quo</strong></span> <span class='ocrx_word' id='word_1_301' title='bbox 2031 1570 2146 1619; x_wconf 88' lang='lat' dir='ltr'><strong>loco</strong></span> <span class='ocrx_word' id='word_1_302' title='bbox 2180 1568 2400 1618; x_wconf 80' lang='lat' dir='ltr'><strong>sedebat</strong></span> <span class='ocrx_word' id='word_1_303' title='bbox 2437 1567 2552 1632; x_wconf 81' lang='lat' dir='ltr'><strong>ipse</strong></span> 
     </span>
     <span class='ocr_line' id='line_1_59' title="bbox 1490 1646 2554 1714; baseline -0.003 -15"><span class='ocrx_word' id='word_1_304' title='bbox 1490 1650 1755 1714; x_wconf 87' lang='lat' dir='ltr'><strong>princeps,</strong></span> <span class='ocrx_word' id='word_1_305' title='bbox 1788 1655 1963 1699; x_wconf 84' lang='lat' dir='ltr'><strong>amota</strong></span> <span class='ocrx_word' id='word_1_306' title='bbox 2000 1646 2243 1710; x_wconf 79' lang='lat' dir='ltr'><strong>imagine,</strong></span> <span class='ocrx_word' id='word_1_307' title='bbox 2283 1653 2374 1695; x_wconf 87' lang='lat' dir='ltr'><strong>aut</strong></span> <span class='ocrx_word' id='word_1_308' title='bbox 2412 1648 2554 1696; x_wconf 87' lang='lat' dir='ltr'><strong>nulla</strong></span> 
     </span>
     <span class='ocr_line' id='line_1_60' title="bbox 1490 1722 2555 1792; baseline -0.004 -16"><span class='ocrx_word' id='word_1_309' title='bbox 1490 1727 1770 1790; x_wconf 82' lang='lat' dir='ltr'><strong>existente,</strong></span> <span class='ocrx_word' id='word_1_310' title='bbox 1782 1724 2042 1792; x_wconf 80' lang='lat' dir='ltr'><strong>siquando</strong></span> <span class='ocrx_word' id='word_1_311' title='bbox 2061 1725 2171 1788; x_wconf 86' lang='lat' dir='ltr'><strong>ipse</strong></span> <span class='ocrx_word' id='word_1_312' title='bbox 2184 1722 2555 1787; x_wconf 65' lang='lat' dir='ltr'><strong>praetorianum</strong></span> 
     </span>
     <span class='ocr_line' id='line_1_61' title="bbox 1492 1803 2102 1867; baseline -0.005 -15"><span class='ocrx_word' id='word_1_313' title='bbox 1492 1803 1709 1853; x_wconf 89' lang='lat' dir='ltr'><strong>militem</strong></span> <span class='ocrx_word' id='word_1_314' title='bbox 1735 1803 2102 1867; x_wconf 82' lang='lat' dir='ltr'><strong>alloqueretur.</strong></span> 
     </span>
    </p>

    <p class='ocr_par' dir='ltr' id='par_1_16' title="bbox 1495 1876 2565 2471">
     <span class='ocr_line' id='line_1_62' title="bbox 1559 1876 2558 1945; baseline -0.005 -14"><span class='ocrx_word' id='word_1_315' title='bbox 1559 1881 1698 1931; x_wconf 89' lang='lat' dir='ltr'><strong>Dico</strong></span> <span class='ocrx_word' id='word_1_316' title='bbox 1719 1882 1869 1944; x_wconf 77' lang='lat' dir='ltr'><strong>nulla,</strong></span> <span class='ocrx_word' id='word_1_317' title='bbox 1900 1879 2019 1945; x_wconf 90' lang='lat' dir='ltr'><strong>quia</strong></span> <span class='ocrx_word' id='word_1_318' title='bbox 2052 1876 2302 1927; x_wconf 87' lang='lat' dir='ltr'><strong>defuncto</strong></span> <span class='ocrx_word' id='word_1_319' title='bbox 2324 1876 2558 1943; x_wconf 87' lang='lat' dir='ltr'><strong>principe</strong></span> 
     </span>
     <span class='ocr_line' id='line_1_63' title="bbox 1495 1955 2561 2024; baseline -0.003 -16"><span class='ocrx_word' id='word_1_320' title='bbox 1495 1965 1588 2010; x_wconf 85' lang='lat' dir='ltr'><strong>aut</strong></span> <span class='ocrx_word' id='word_1_321' title='bbox 1627 1959 1821 2024; x_wconf 82' lang='lat' dir='ltr'><strong>occiso,</strong></span> <span class='ocrx_word' id='word_1_322' title='bbox 1875 1958 2026 2007; x_wconf 86' lang='lat' dir='ltr'><strong>simul</strong></span> <span class='ocrx_word' id='word_1_323' title='bbox 2069 1955 2350 2007; x_wconf 86' lang='lat' dir='ltr'><strong>tollebatur</strong></span> <span class='ocrx_word' id='word_1_324' title='bbox 2391 1955 2561 2018; x_wconf 81' lang='lat' dir='ltr'><strong>imago</strong></span> 
     </span>
     <span class='ocr_line' id='line_1_64' title="bbox 1496 2032 2562 2100; baseline -0.005 -14"><span class='ocrx_word' id='word_1_325' title='bbox 1496 2035 1676 2100; x_wconf 84' lang='lat' dir='ltr'><strong>ipsius,</strong></span> <span class='ocrx_word' id='word_1_326' title='bbox 1732 2042 1788 2085; x_wconf 89' lang='lat' dir='ltr'><strong>et</strong></span> <span class='ocrx_word' id='word_1_327' title='bbox 1840 2049 2002 2085; x_wconf 84' lang='lat' dir='ltr'><strong>novus</strong></span> <span class='ocrx_word' id='word_1_328' title='bbox 2046 2034 2286 2099; x_wconf 83' lang='lat' dir='ltr'><strong>princeps</strong></span> <span class='ocrx_word' id='word_1_329' title='bbox 2330 2032 2562 2095; x_wconf 52' lang='lat' dir='ltr'><strong>intrabat</strong></span> 
     </span>
     <span class='ocr_line' id='line_1_65' title="bbox 1499 2109 2563 2177; baseline -0.003 -16"><span class='ocrx_word' id='word_1_330' title='bbox 1499 2120 1669 2163; x_wconf 84' lang='lat' dir='ltr'><strong>castra</strong></span> <span class='ocrx_word' id='word_1_331' title='bbox 1692 2112 2022 2177; x_wconf 80' lang='lat' dir='ltr'><strong>praetoriana,</strong></span> <span class='ocrx_word' id='word_1_332' title='bbox 2042 2116 2101 2160; x_wconf 89' lang='lat' dir='ltr'><strong>et</strong></span> <span class='ocrx_word' id='word_1_333' title='bbox 2122 2109 2313 2159; x_wconf 88' lang='lat' dir='ltr'><strong>milites</strong></span> <span class='ocrx_word' id='word_1_334' title='bbox 2338 2109 2563 2174; x_wconf 84' lang='lat' dir='ltr'><strong>alloque-</strong></span> 
     </span>
     <span class='ocr_line' id='line_1_66' title="bbox 1502 2185 2564 2251; baseline -0.004 -13"><span class='ocrx_word' id='word_1_335' title='bbox 1502 2188 1687 2249; x_wconf 89' lang='lat' dir='ltr'><strong>batur;</strong></span> <span class='ocrx_word' id='word_1_336' title='bbox 1725 2195 1781 2240; x_wconf 89' lang='lat' dir='ltr'><strong>et</strong></span> <span class='ocrx_word' id='word_1_337' title='bbox 1804 2194 1911 2238; x_wconf 90' lang='lat' dir='ltr'><strong>tum</strong></span> <span class='ocrx_word' id='word_1_338' title='bbox 1937 2188 2077 2237; x_wconf 87' lang='lat' dir='ltr'><strong>nulla</strong></span> <span class='ocrx_word' id='word_1_339' title='bbox 2097 2192 2211 2236; x_wconf 83' lang='lat' dir='ltr'><strong>erat</strong></span> <span class='ocrx_word' id='word_1_340' title='bbox 2234 2185 2399 2249; x_wconf 83' lang='lat' dir='ltr'><strong>imago</strong></span> <span class='ocrx_word' id='word_1_341' title='bbox 2425 2187 2564 2251; x_wconf 89' lang='lat' dir='ltr'><strong>prin-</strong></span> 
     </span>
     <span class='ocr_line' id='line_1_67' title="bbox 1498 2263 2565 2328; baseline -0.004 -15"><span class='ocrx_word' id='word_1_342' title='bbox 1498 2265 1651 2328; x_wconf 86' lang='lat' dir='ltr'><strong>cipis,</strong></span> <span class='ocrx_word' id='word_1_343' title='bbox 1674 2271 1729 2314; x_wconf 87' lang='lat' dir='ltr'><strong>et</strong></span> <span class='ocrx_word' id='word_1_344' title='bbox 1751 2268 2080 2313; x_wconf 83' lang='lat' dir='ltr'><strong>amoveretur</strong></span> <span class='ocrx_word' id='word_1_345' title='bbox 2102 2267 2365 2327; x_wconf 86' lang='lat' dir='ltr'><strong>suggestu,</strong></span> <span class='ocrx_word' id='word_1_346' title='bbox 2392 2263 2441 2327; x_wconf 76' lang='lat' dir='ltr'><strong>si</strong></span> <span class='ocrx_word' id='word_1_347' title='bbox 2464 2276 2565 2324; x_wconf 79' lang='lat' dir='ltr'><strong>qua</strong></span> 
     </span>
     <span class='ocr_line' id='line_1_68' title="bbox 1498 2338 2564 2408; baseline -0.005 -18"><span class='ocrx_word' id='word_1_348' title='bbox 1498 2348 1679 2405; x_wconf 62' lang='lat' dir='ltr'><strong>esset,⁴</strong></span> <span class='ocrx_word' id='word_1_349' title='bbox 1713 2341 1836 2408; x_wconf 90' lang='lat' dir='ltr'><strong>quia</strong></span> <span class='ocrx_word' id='word_1_350' title='bbox 1879 2340 1991 2404; x_wconf 90' lang='lat' dir='ltr'><strong>ipse</strong></span> <span class='ocrx_word' id='word_1_351' title='bbox 2035 2338 2282 2404; x_wconf 87' lang='lat' dir='ltr'><strong>princeps</strong></span> <span class='ocrx_word' id='word_1_352' title='bbox 2338 2351 2564 2400; x_wconf 79' lang='lat' dir='ltr'><strong>praesens</strong></span> 
     </span>
     <span class='ocr_line' id='line_1_69' title="bbox 1501 2418 2523 2471; baseline 0.004 -4"><span class='ocrx_word' id='word_1_353' title='bbox 1501 2418 1721 2468; x_wconf 86' lang='lat' dir='ltr'><strong>aderat.·</strong></span> <span class='ocrx_word' id='word_1_354' title='bbox 2518 2462 2523 2471; x_wconf 92' lang='lat'><strong>.</strong></span> 
     </span>
    </p>

    <p class='ocr_par' dir='ltr' id='par_1_17' title="bbox 1504 2492 2582 3252">
     <span class='ocr_line' id='line_1_70' title="bbox 1570 2492 2569 2564; baseline -0.005 -19"><span class='ocrx_word' id='word_1_355' title='bbox 1570 2495 1809 2559; x_wconf 78' lang='lat' dir='ltr'><strong>Exempli</strong></span> <span class='ocrx_word' id='word_1_356' title='bbox 1832 2509 2008 2558; x_wconf 90' lang='lat' dir='ltr'><strong>causa,</strong></span> <span class='ocrx_word' id='word_1_357' title='bbox 2028 2494 2290 2544; x_wconf 83' lang='lat' dir='ltr'><strong>exstincto</strong></span> <span class='ocrx_word' id='word_1_358' title='bbox 2317 2492 2569 2564; x_wconf 79' lang='lat' dir='ltr'><strong>Caligula,</strong></span> 
     </span>
     <span class='ocr_line' id='line_1_71' title="bbox 1505 2570 2567 2631; baseline -0.004 -10"><span class='ocrx_word' id='word_1_359' title='bbox 1505 2570 1754 2622; x_wconf 85' lang='lat' dir='ltr'><strong>Claudius</strong></span> <span class='ocrx_word' id='word_1_360' title='bbox 1796 2570 2009 2621; x_wconf 88' lang='lat' dir='ltr'><strong>advenit</strong></span> <span class='ocrx_word' id='word_1_361' title='bbox 2058 2570 2111 2618; x_wconf 92' lang='lat' dir='ltr'><strong>in</strong></span> <span class='ocrx_word' id='word_1_362' title='bbox 2164 2574 2337 2619; x_wconf 84' lang='lat' dir='ltr'><strong>castra</strong></span> <span class='ocrx_word' id='word_1_363' title='bbox 2380 2575 2567 2631; x_wconf 84' lang='lat' dir='ltr'><strong>praeto·</strong></span> 
     </span>
     <span class='ocr_line' id='line_1_72' title="bbox 1504 2645 2569 2711; baseline -0.004 -15"><span class='ocrx_word' id='word_1_364' title='bbox 1504 2647 1668 2711; x_wconf 82' lang='lat' dir='ltr'><strong>riana,</strong></span> <span class='ocrx_word' id='word_1_365' title='bbox 1686 2653 1743 2697; x_wconf 90' lang='lat' dir='ltr'><strong>et</strong></span> <span class='ocrx_word' id='word_1_366' title='bbox 1766 2652 2067 2711; x_wconf 85' lang='lat' dir='ltr'><strong>suggestum</strong></span> <span class='ocrx_word' id='word_1_367' title='bbox 2088 2645 2569 2706; x_wconf 43' lang='lat' dir='ltr'><strong>escenditffiellam-</strong></span> 
     </span>
     <span class='ocr_line' id='line_1_73' title="bbox 1506 2721 2572 2788; baseline -0.003 -16"><span class='ocrx_word' id='word_1_368' title='bbox 1506 2737 1607 2788; x_wconf 91' lang='lat' dir='ltr'><strong>que</strong></span> <span class='ocrx_word' id='word_1_369' title='bbox 1630 2725 1882 2786; x_wconf 89' lang='lat' dir='ltr'><strong>curulem,</strong></span> <span class='ocrx_word' id='word_1_370' title='bbox 1916 2723 1969 2773; x_wconf 90' lang='lat' dir='ltr'><strong>in</strong></span> <span class='ocrx_word' id='word_1_371' title='bbox 1993 2738 2095 2788; x_wconf 87' lang='lat' dir='ltr'><strong>qua</strong></span> <span class='ocrx_word' id='word_1_372' title='bbox 2129 2723 2296 2786; x_wconf 77' lang='lat' dir='ltr'><strong>imago</strong></span> <span class='ocrx_word' id='word_1_373' title='bbox 2320 2721 2445 2776; x_wconf 80' lang='lat' dir='ltr'><strong>Caii</strong></span> <span class='ocrx_word' id='word_1_374' title='bbox 2457 2727 2572 2772; x_wconf 85' lang='lat' dir='ltr'><strong>erat</strong></span> 
     </span>
     <span class='ocr_line' id='line_1_74' title="bbox 1508 2799 2573 2863; baseline -0.001 -14"><span class='ocrx_word' id='word_1_375' title='bbox 1508 2807 1698 2850; x_wconf 80' lang='lat' dir='ltr'><strong>antea:</strong></span> <span class='ocrx_word' id='word_1_376' title='bbox 1733 2800 1953 2852; x_wconf 86' lang='lat' dir='ltr'><strong>Claudio</strong></span> <span class='ocrx_word' id='word_1_377' title='bbox 1977 2799 2258 2863; x_wconf 78' lang='lat' dir='ltr'><strong>exstincto,</strong></span> <span class='ocrx_word' id='word_1_378' title='bbox 2280 2799 2444 2862; x_wconf 89' lang='lat' dir='ltr'><strong>Nero,</strong></span> <span class='ocrx_word' id='word_1_379' title='bbox 2465 2799 2514 2848; x_wconf 89' lang='lat' dir='ltr'>N</span> <span class='ocrx_word' id='word_1_380' title='bbox 2521 2816 2573 2847; x_wconf 87' lang='lat' dir='ltr'><strong>e-</strong></span> 
     </span>
     <span class='ocr_line' id='line_1_75' title="bbox 1510 2867 2573 2940; baseline -0.003 -13"><span class='ocrx_word' id='word_1_381' title='bbox 1510 2893 1638 2927; x_wconf 86' lang='lat' dir='ltr'><strong>rone</strong></span> <span class='ocrx_word' id='word_1_382' title='bbox 1662 2879 1946 2940; x_wconf 84' lang='lat' dir='ltr'><strong>exstincto,</strong></span> <span class='ocrx_word' id='word_1_383' title='bbox 1980 2867 2169 2940; x_wconf 78' lang='lat' dir='ltr'><strong>Galba,</strong></span> <span class='ocrx_word' id='word_1_384' title='bbox 2204 2883 2325 2926; x_wconf 84' lang='lat' dir='ltr'><strong>ante</strong></span> <span class='ocrx_word' id='word_1_385' title='bbox 2346 2876 2573 2932; x_wconf 75' lang='lat' dir='ltr'><strong>occisum</strong></span> 
     </span>
     <span class='ocr_line' id='line_1_76' title="bbox 1513 2945 2575 3021; baseline -0.006 -15"><span class='ocrx_word' id='word_1_386' title='bbox 1513 2955 1735 3006; x_wconf 83' lang='lat' dir='ltr'><strong>Galbam</strong></span> <span class='ocrx_word' id='word_1_387' title='bbox 1770 2955 1930 3019; x_wconf 83' lang='lat' dir='ltr'><strong>Otho,</strong></span> <span class='ocrx_word' id='word_1_388' title='bbox 1965 2955 2054 3021; x_wconf 83' lang='lat' dir='ltr'><strong>qui</strong></span> <span class='ocrx_word' id='word_1_389' title='bbox 2090 2954 2354 3018; x_wconf 87' lang='lat' dir='ltr'><strong>signorum</strong></span> <span class='ocrx_word' id='word_1_390' title='bbox 2382 2945 2575 3001; x_wconf 86' lang='lat' dir='ltr'><strong>honore</strong></span> 
     </span>
     <span class='ocr_line' id='line_1_77' title="bbox 1513 3027 2579 3102; baseline -0.006 -20"><span class='ocrx_word' id='word_1_391' title='bbox 1513 3032 1864 3084; x_wconf 80' lang='lat' dir='ltr'><strong>circumdatus</strong></span> <span class='ocrx_word' id='word_1_392' title='bbox 1884 3038 2305 3097; x_wconf 86' lang='lat' dir='ltr'><strong>protectusque,e</strong></span> <span class='ocrx_word' id='word_1_393' title='bbox 2326 3027 2579 3102; x_wconf 82' lang='lat' dir='ltr'><strong>tribunali</strong></span> 
     </span>
     <span class='ocr_line' id='line_1_78' title="bbox 1513 3107 2581 3173; baseline -0.006 -14"><span class='ocrx_word' id='word_1_394' title='bbox 1513 3110 1605 3161; x_wconf 89' lang='lat' dir='ltr'><strong>illo</strong></span> <span class='ocrx_word' id='word_1_395' title='bbox 1652 3110 2004 3171; x_wconf 87' lang='lat' dir='ltr'><strong>concionatur,</strong></span> <span class='ocrx_word' id='word_1_396' title='bbox 2047 3108 2312 3173; x_wconf 89' lang='lat' dir='ltr'><strong>mittitque</strong></span> <span class='ocrx_word' id='word_1_397' title='bbox 2357 3107 2581 3171; x_wconf 80' lang='lat' dir='ltr'><strong>equites,</strong></span> 
     </span>
     <span class='ocr_line' id='line_1_79' title="bbox 1515 3182 2582 3252; baseline -0.007 -17"><span class='ocrx_word' id='word_1_398' title='bbox 1515 3187 1604 3252; x_wconf 91' lang='lat' dir='ltr'><strong>qui</strong></span> <span class='ocrx_word' id='word_1_399' title='bbox 1627 3188 1933 3237; x_wconf 87' lang='lat' dir='ltr'><strong>occiderent</strong></span> <span class='ocrx_word' id='word_1_400' title='bbox 1957 3187 2210 3237; x_wconf 84' lang='lat' dir='ltr'><strong>Galbam:</strong></span> <span class='ocrx_word' id='word_1_401' title='bbox 2253 3186 2288 3232; x_wconf 91' lang='lat' dir='ltr'><strong>l.</strong></span> <span class='ocrx_word' id='word_1_402' title='bbox 2314 3198 2350 3232; x_wconf 85' lang='grc' dir='ltr'><strong>ι.</strong></span> <span class='ocrx_word' id='word_1_403' title='bbox 2377 3182 2582 3235; x_wconf 81' lang='lat' dir='ltr'><strong>Hister.</strong></span> 
     </span>
    </p>

    <p class='ocr_par' dir='ltr' id='par_1_18' title="bbox 1514 3257 2583 3631">
     <span class='ocr_line' id='line_1_80' title="bbox 1581 3257 2580 3329; baseline -0.008 -17"><span class='ocrx_word' id='word_1_404' title='bbox 1581 3264 1654 3312; x_wconf 90' lang='lat' dir='ltr'><strong>Et</strong></span> <span class='ocrx_word' id='word_1_405' title='bbox 1683 3263 1805 3329; x_wconf 87' lang='lat' dir='ltr'><strong>quia</strong></span> <span class='ocrx_word' id='word_1_406' title='bbox 1842 3276 2073 3326; x_wconf 87' lang='lat' dir='ltr'><strong>praesens</strong></span> <span class='ocrx_word' id='word_1_407' title='bbox 2107 3259 2320 3308; x_wconf 79' lang='lat' dir='ltr'><strong>sedebat</strong></span> <span class='ocrx_word' id='word_1_408' title='bbox 2346 3258 2490 3306; x_wconf 91' lang='lat' dir='ltr'><strong>Otho</strong></span> <span class='ocrx_word' id='word_1_409' title='bbox 2526 3257 2580 3305; x_wconf 91' lang='lat' dir='ltr'><strong>in</strong></span> 
     </span>
     <span class='ocr_line' id='line_1_81' title="bbox 1514 3333 2583 3403; baseline -0.007 -15"><span class='ocrx_word' id='word_1_410' title='bbox 1514 3339 1606 3388; x_wconf 88' lang='lat' dir='ltr'><strong>illo</strong></span> <span class='ocrx_word' id='word_1_411' title='bbox 1630 3344 1894 3403; x_wconf 86' lang='lat' dir='ltr'><strong>suggestu,</strong></span> <span class='ocrx_word' id='word_1_412' title='bbox 1922 3338 2060 3386; x_wconf 90' lang='lat' dir='ltr'><strong>inter</strong></span> <span class='ocrx_word' id='word_1_413' title='bbox 2083 3338 2227 3399; x_wconf 85' lang='lat' dir='ltr'><strong>signa</strong></span> <span class='ocrx_word' id='word_1_414' title='bbox 2252 3333 2583 3398; x_wconf 80' lang='lat' dir='ltr'><strong>praetoriana,</strong></span> 
     </span>
     <span class='ocr_line' id='line_1_82' title="bbox 1516 3408 2580 3478; baseline -0.005 -17"><span class='ocrx_word' id='word_1_415' title='bbox 1516 3414 1636 3462; x_wconf 89' lang='lat' dir='ltr'><strong>ideo</strong></span> <span class='ocrx_word' id='word_1_416' title='bbox 1649 3414 1768 3464; x_wconf 85' lang='lat' dir='ltr'><strong>hinc</strong></span> <span class='ocrx_word' id='word_1_417' title='bbox 1783 3420 1953 3462; x_wconf 84' lang='lat' dir='ltr'><strong>amota</strong></span> <span class='ocrx_word' id='word_1_418' title='bbox 1974 3421 2052 3461; x_wconf 89' lang='lat' dir='ltr'><strong>est</strong></span> <span class='ocrx_word' id='word_1_419' title='bbox 2073 3413 2393 3474; x_wconf 87' lang='lat' dir='ltr'><strong>dereptaque</strong></span> <span class='ocrx_word' id='word_1_420' title='bbox 2411 3408 2580 3478; x_wconf 82' lang='lat' dir='ltr'><strong>imago</strong></span> 
     </span>
     <span class='ocr_line' id='line_1_83' title="bbox 1518 3483 2583 3557; baseline -0.006 -17"><span class='ocrx_word' id='word_1_421' title='bbox 1518 3490 1739 3540; x_wconf 62' lang='lat' dir='ltr'><strong>Galba:</strong></span> <span class='ocrx_word' id='word_1_422' title='bbox 1791 3489 1926 3557; x_wconf 83' lang='lat' dir='ltr'><strong>quod</strong></span> <span class='ocrx_word' id='word_1_423' title='bbox 1967 3483 2163 3555; x_wconf 84' lang='lat' dir='ltr'><strong>signum</strong></span> <span class='ocrx_word' id='word_1_424' title='bbox 2204 3486 2315 3540; x_wconf 67' lang='lat' dir='ltr'><strong>fuit,</strong></span> <span class='ocrx_word' id='word_1_425' title='bbox 2345 3484 2583 3539; x_wconf 83' lang='lat' dir='ltr'><strong>destituti</strong></span> 
     </span>
     <span class='ocr_line' id='line_1_84' title="bbox 1517 3566 2533 3631; baseline -0.002 -16"><span class='ocrx_word' id='word_1_426' title='bbox 1517 3566 1785 3631; x_wconf 84' lang='lat' dir='ltr'><strong>principis.</strong></span> <span class='ocrx_word' id='word_1_427' title='bbox 2528 3607 2533 3613; x_wconf 86' lang='lat'><strong>.</strong></span> 
     </span>
    </p>

    <p class='ocr_par' dir='ltr' id='par_1_19' title="bbox 1522 3638 2593 4400">
     <span class='ocr_line' id='line_1_85' title="bbox 1590 3638 2586 3709; baseline -0.003 -17"><span class='ocrx_word' id='word_1_428' title='bbox 1590 3643 1811 3708; x_wconf 69' lang='lat' dir='ltr'><strong>Effigiem</strong></span> <span class='ocrx_word' id='word_1_429' title='bbox 1832 3642 2058 3709; x_wconf 74' lang='lat' dir='ltr'><strong>Neronis]</strong></span> <span class='ocrx_word' id='word_1_430' title='bbox 2094 3641 2289 3696; x_wconf 85' lang='lat' dir='ltr'><strong>Eodem</strong></span> <span class='ocrx_word' id='word_1_431' title='bbox 2313 3640 2463 3690; x_wconf 87' lang='lat' dir='ltr'><strong>modo</strong></span> <span class='ocrx_word' id='word_1_432' title='bbox 2485 3638 2586 3689; x_wconf 85' lang='lat' dir='ltr'><strong>dis-</strong></span> 
     </span>
     <span class='ocr_line' id='line_1_86' title="bbox 1522 3711 2585 3785; baseline -0.005 -16"><span class='ocrx_word' id='word_1_433' title='bbox 1522 3711 1693 3785; x_wconf 85' lang='lat' dir='ltr'><strong>posita</strong></span> <span class='ocrx_word' id='word_1_434' title='bbox 1714 3720 1803 3778; x_wconf 80' lang='lat' dir='ltr'><strong>illa</strong></span> <span class='ocrx_word' id='word_1_435' title='bbox 1824 3720 2015 3783; x_wconf 75' lang='lat' dir='ltr'><strong>imago,</strong></span> <span class='ocrx_word' id='word_1_436' title='bbox 2043 3734 2141 3784; x_wconf 92' lang='lat' dir='ltr'><strong>quo</strong></span> <span class='ocrx_word' id='word_1_437' title='bbox 2164 3718 2317 3767; x_wconf 68' lang='lat' dir='ltr'><strong>morlo</strong></span> <span class='ocrx_word' id='word_1_438' title='bbox 2340 3718 2585 3782; x_wconf 88' lang='lat' dir='ltr'><strong>princeps</strong></span> 
     </span>
     <span class='ocr_line' id='line_1_87' title="bbox 1524 3797 2585 3860; baseline -0.005 -15"><span class='ocrx_word' id='word_1_439' title='bbox 1524 3799 1638 3860; x_wconf 82' lang='lat' dir='ltr'><strong>ipse</strong></span> <span class='ocrx_word' id='word_1_440' title='bbox 1659 3798 1710 3846; x_wconf 90' lang='lat' dir='ltr'><strong>in</strong></span> <span class='ocrx_word' id='word_1_441' title='bbox 1733 3797 1901 3854; x_wconf 81' lang='lat' dir='ltr'><strong>curuli</strong></span> <span class='ocrx_word' id='word_1_442' title='bbox 1934 3797 2064 3846; x_wconf 85' lang='lat' dir='ltr'><strong>sella</strong></span> <span class='ocrx_word' id='word_1_443' title='bbox 2089 3797 2323 3858; x_wconf 88' lang='lat' dir='ltr'><strong>sedebat,</strong></span> <span class='ocrx_word' id='word_1_444' title='bbox 2356 3802 2409 3843; x_wconf 89' lang='lat' dir='ltr'><strong>et</strong></span> <span class='ocrx_word' id='word_1_445' title='bbox 2435 3807 2585 3857; x_wconf 86' lang='lat' dir='ltr'><strong>quem</strong></span> 
     </span>
     <span class='ocr_line' id='line_1_88' title="bbox 1525 3868 2589 3931; baseline -0.004 -11"><span class='ocrx_word' id='word_1_446' title='bbox 1525 3872 1674 3931; x_wconf 82' lang='lat' dir='ltr'><strong>nobis</strong></span> <span class='ocrx_word' id='word_1_447' title='bbox 1693 3874 1906 3928; x_wconf 82' lang='lat' dir='ltr'><strong>exhibet</strong></span> <span class='ocrx_word' id='word_1_448' title='bbox 1924 3872 2198 3922; x_wconf 83' lang='lat' dir='ltr'><strong>Suetonius</strong></span> <span class='ocrx_word' id='word_1_449' title='bbox 2218 3872 2345 3920; x_wconf 92' lang='lat' dir='ltr'><strong>Ner.</strong></span> <span class='ocrx_word' id='word_1_450' title='bbox 2366 3872 2427 3918; x_wconf 74' lang='lat'><strong>13</strong></span> <span class='ocrx_word' id='word_1_451' title='bbox 2450 3884 2463 3917; x_wconf 70' lang='grc' dir='ltr'><strong>ι</strong></span> <span class='ocrx_word' id='word_1_452' title='bbox 2500 3868 2589 3917; x_wconf 89' lang='lat' dir='ltr'><strong>ubi</strong></span> 
     </span>
     <span class='ocr_line' id='line_1_89' title="bbox 1526 3946 2590 4014; baseline -0.006 -15"><span class='ocrx_word' id='word_1_453' title='bbox 1526 3951 1594 3999; x_wconf 90' lang='lat' dir='ltr'><strong>de</strong></span> <span class='ocrx_word' id='word_1_454' title='bbox 1638 3951 1870 4001; x_wconf 84' lang='lat' dir='ltr'><strong>Tiridate</strong></span> <span class='ocrx_word' id='word_1_455' title='bbox 1911 3966 2051 4013; x_wconf 87' lang='lat' dir='ltr'><strong>rege,</strong></span> <span class='ocrx_word' id='word_1_456' title='bbox 2097 3964 2248 4014; x_wconf 89' lang='lat' dir='ltr'><strong>quem</strong></span> <span class='ocrx_word' id='word_1_457' title='bbox 2289 3952 2303 3977; x_wconf 90' lang='lat'>‘</span> <span class='ocrx_word' id='word_1_458' title='bbox 2330 3946 2590 3996; x_wconf 85' lang='lat' dir='ltr'><strong>destinato</strong></span> 
     </span>
     <span class='ocr_line' id='line_1_90' title="bbox 1526 4019 2590 4095; baseline -0.008 -19"><span class='ocrx_word' id='word_1_459' title='bbox 1526 4042 1623 4095; x_wconf 82' lang='lat' dir='ltr'><strong>per</strong></span> <span class='ocrx_word' id='word_1_460' title='bbox 1661 4028 1887 4084; x_wconf 83' lang='lat' dir='ltr'><strong>edictum</strong></span> <span class='ocrx_word' id='word_1_461' title='bbox 1927 4026 2026 4077; x_wconf 86' lang='lat' dir='ltr'><strong>die&#39;</strong></span> <span class='ocrx_word' id='word_1_462' title='bbox 2052 4024 2284 4077; x_wconf 82' lang='lat' dir='ltr'><strong>ostendit</strong></span> <span class='ocrx_word' id='word_1_463' title='bbox 2318 4024 2334 4072; x_wconf 90' lang='lat'><strong>.‘</strong></span> <span class='ocrx_word' id='word_1_464' title='bbox 2359 4019 2590 4087; x_wconf 50' lang='lat' dir='ltr'><strong>populo?</strong></span> 
     </span>
     <span class='ocr_line' id='line_1_91' title="bbox 1525 4099 2591 4168; baseline -0.007 -15"><span class='ocrx_word' id='word_1_465' title='bbox 1525 4109 1627 4154; x_wconf 65' lang='grc' dir='ltr'><strong>ἃς.</strong></span> <span class='ocrx_word' id='word_1_466' title='bbox 1699 4105 1715 4132; x_wconf 88' lang='lat'>‘</span> <span class='ocrx_word' id='word_1_467' title='bbox 1750 4103 2009 4168; x_wconf 81' lang='lat' dir='ltr'><strong>dispositis</strong></span> <span class='ocrx_word' id='word_1_468' title='bbox 2053 4103 2193 4156; x_wconf 73' lang='lat' dir='ltr'><strong>circa</strong></span> <span class='ocrx_word' id='word_1_469' title='bbox 2248 4099 2371 4154; x_wconf 79' lang='lat' dir='ltr'><strong>fori,</strong></span> <span class='ocrx_word' id='word_1_470' title='bbox 2395 4099 2591 4161; x_wconf 83' lang='lat' dir='ltr'><strong>templa</strong></span> 
     </span>
     <span class='ocr_line' id='line_1_92' title="bbox 1526 4175 2591 4242; baseline -0.006 -12"><span class='ocrx_word' id='word_1_471' title='bbox 1526 4183 1740 4231; x_wconf 83' lang='lat' dir='ltr'><strong>armatis</strong></span> <span class='ocrx_word' id='word_1_472' title='bbox 1785 4180 2114 4242; x_wconf 58' lang='lat' dir='ltr'><strong>cohortibus„</strong></span> <span class='ocrx_word' id='word_1_473' title='bbox 2153 4177 2319 4227; x_wconf 84' lang='lat' dir='ltr'><strong>curuli</strong></span> <span class='ocrx_word' id='word_1_474' title='bbox 2361 4175 2591 4228; x_wconf 79' lang='lat' dir='ltr'><strong>residens</strong></span> 
     </span>
     <span class='ocr_line' id='line_1_93' title="bbox 1529 4251 2593 4321; baseline -0.007 -14"><span class='ocrx_word' id='word_1_475' title='bbox 1529 4256 1671 4321; x_wconf 79' lang='lat' dir='ltr'><strong>apud</strong></span> <span class='ocrx_word' id='word_1_476' title='bbox 1727 4262 1914 4318; x_wconf 86' lang='lat' dir='ltr'><strong>rostra,</strong></span> <span class='ocrx_word' id='word_1_477' title='bbox 1979 4252 2342 4318; x_wconf 76' lang='lat' dir='ltr'><strong>triumphantis</strong></span> <span class='ocrx_word' id='word_1_478' title='bbox 2395 4251 2593 4314; x_wconf 83' lang='lat' dir='ltr'><strong>habitu,</strong></span> 
     </span>
     <span class='ocr_line' id='line_1_94' title="bbox 1528 4324 2539 4400; baseline -0.011 -14"><span class='ocrx_word' id='word_1_479' title='bbox 1528 4327 1671 4386; x_wconf 82' lang='lat' dir='ltr'><strong>inter</strong></span> <span class='ocrx_word' id='word_1_480' title='bbox 1692 4333 1842 4400; x_wconf 84' lang='lat' dir='ltr'><strong>signa</strong></span> <span class='ocrx_word' id='word_1_481' title='bbox 1862 4330 2114 4385; x_wconf 74' lang='lat' dir='ltr'><strong>militaria</strong></span> <span class='ocrx_word' id='word_1_482' title='bbox 2133 4336 2293 4396; x_wconf 86' lang='lat' dir='ltr'><strong>atque</strong></span> <span class='ocrx_word' id='word_1_483' title='bbox 2316 4324 2539 4379; x_wconf 66' lang='lat' dir='ltr'><strong>vexilla!</strong></span> 
     </span>
    </p>
   </div>
  </div>
 </body>
</html>
