3063 4952
387 1266 401 1285 κ
488 1249 539 1293 et
570 1245 872 1312 improspera.
937 1251 1023 1300 Ita
1043 1267 1243 1317 qnoque
1266 1254 1594 1305 emendatum
1619 1257 1669 1306 in
1693 1258 1793 1306 Ms.
1815 1258 1968 1309 Bodl.
2007 1258 2096 1307 ubi
2118 1259 2284 1323 primo
2308 1259 2582 1322 scriptum,
2615 1260 2704 1311 sed

497 388 679 463 1816
1202 412 1271 461 c.
1318 412 1688 463 coenan
1736 414 1999 466 'mom
2377 423 2477 491 (A,
2498 425 2703 478 uam.

494 572 662 633 mor,
725 558 794 620 et
835 559 985 621 orta
1022 548 1416 624 insidiarum
1477 562 1549 625 in
1599 532 1930 630 Neronem
1963 544 2214 650 'magna
2268 567 2508 648 moles,
2575 563 2701 633 sed

498 655 956 742 improspera.³

2163 706 2169 714 s

495 859 653 911 eodem
673 861 886 911 crimine.
950 862 1086 913 Hinc
1109 864 1273 915 Pisoni
1295 871 1462 933 metm,
1496 867 1617 920 mne
1639 875 1686 919 et
1709 869 1920 933 ingentis
1939 870 2080 921 motis
2099 870 2356 932 conflantio
2388 854 2596 935 conflata
2617 869 2708 922 aa·

493 935 655 977 verm
672 927 923 993 Neronem,
950 932 1032 979 sed
1049 928 1274 990 infausta.

1417 1071 1773 1092 OOOOOOOOOOOO

491 1179 643 1229 ditum
664 1186 752 1234 est.
817 1184 879 1234 In
903 1186 1008 1235 Ms.
1042 1186 1199 1236 Bodi.
1236 1189 1414 1238 editum
1437 1195 1625 1241 eth—3
1660 1191 1747 1241 Sic
1785 1191 1919 1242 bene
1959 1192 2298 1243 Puteolanus.
2365 1193 2427 1243 In
2451 1194 2557 1244 Ms.
2582 1187 2698 1247 Jes‘.
2765 1206 2775 1217 ·

488 1309 793 1375 improspera.
858 1313 922 1363 In
957 1315 1185 1366 editione
1221 1318 1473 1382 principe,
1506 1320 1660 1370 sicuti
1696 1322 1749 1372 in
1773 1323 1877 1373 Ms.
1916 1321 2097 1373 Guelf.
2139 1330 2194 1373 et
2227 1322 2537 1389 quibusdam
2579 1325 2722 1374 aliis»

492 1374 624 1426 Μαι.
647 1377 872 1429 secunda
893 1394 1063 1447 manu,
1083 1387 1129 1433 et
1152 1383 1476 1449 improspecta.
1507 1386 1741 1439 Brotier.
2143 1407 2161 1424 ·

1473 1574 1685 1627 NOTAE

485 1676 671 1729 finisset
689 1681 794 1731 ulla
828 1697 998 1733 rernm
1019 1700 1266 1738 novarum
1296 1689 1542 1755 cogitatio

482 1756 545 1811 C.
571 1756 793 1822 Pisonis,
824 1761 997 1822 potius
1019 1764 1168 1813 istius
1199 1766 1427 1816 criminis
1449 1783 1542 1818 seu

477 1833 716 1883 societatis
735 1850 878 1887 reum
916 1853 1029 1889 esse
1052 1840 1334 1905 Romnum,
1371 1850 1427 1894 et
1455 1844 1541 1894 Se·

479 1921 660 1957 necam
685 1925 715 1959 a
741 1913 927 1962 talibus
965 1917 1196 1967 consiliis
1235 1921 1416 1982 procul
1453 1923 1541 1973 ab·

481 1996 628 2034 esse:
663 1991 718 2035 et
753 2001 835 2037 res
866 1989 1116 2041 hactenus
1145 1993 1212 2043 de
1249 1994 1441 2047 Pisone
1461 1998 1537 2048 sic

395 2127 398 2130 ἢ
438 2106 443 2109 ,
477 2064 742 2112 transacta
766 2071 864 2114 est.

540 2136 647 2186 Sed
686 2138 729 2187 si
750 2140 1010 2206 sequimur
1045 2146 1307 2202 historiam
1330 2166 1359 2202 e
1383 2154 1537 2204 vesti-

376 2232 385 2240 ·
474 2210 558 2274 gio
605 2218 944 2284 reperiemus,
978 2222 1264 2281 identidem
1301 2233 1534 2297 erupisse

470 2285 661 2339 famam
699 2298 757 2342 et
790 2309 1050 2348 sermones
1087 2315 1152 2350 ex
1188 2300 1368 2356 favore
1393 2308 1535 2371 vulgi

471 2365 522 2414 in
549 2366 826 2433 Pisonem3
862 2372 928 2423 ad
966 2390 1083 2440 quae
1106 2384 1299 2442 tamen,
1332 2384 1415 2432 vel
1456 2384 1534 2435 sic

469 2443 679 2497 volente
704 2446 831 2514 fato,
863 2452 946 2501 vel
983 2468 1079 2517 per
1100 2458 1385 2510 socordiam
1427 2462 1535 2512 Ne·

469 2521 628 2587 roais,
650 2526 737 2589 qui
763 2525 919 2588 fastu,
942 2530 1088 2594 luxu,
1110 2539 1166 2583 et
1194 2536 1331 2586 curis
1356 2540 1535 2604 volup-

470 2601 639 2649 tatum
672 2600 1032 2671 distinebatur,
1067 2624 1167 2659 non
1191 2612 1537 2667 advertebant

467 2673 701 2738 magistri
723 2675 1100 2749 dominationis,
1120 2694 1212 2737 aut
1235 2689 1378 2739 Nero
1402 2691 1531 2756 ipse.

535 2748 717 2816 Itaque
730 2754 803 2804 sic
825 2756 982 2809 habet
1003 2761 1124 2812 Tac.
1146 2776 1238 2815 xv.
1255 2770 1340 2817 48.
1357 2767 1374 2796 ‘
1397 2767 1534 2819 Auc-

468 2832 524 2875 ta
564 2830 939 2896 conjuratione,
992 2837 1045 2887 in
1093 2856 1243 2904 quam
1290 2847 1531 2898 certatim

465 2902 674 2953 nomina
716 2904 970 2961 dederant
1015 2923 1301 2982 senatores,
1355 2935 1531 2988 eques,

463 2978 632 3042 miles,
651 2978 874 3034 foeminae
893 2987 1068 3052 etiam,
1087 3006 1202 3043 cum
1223 2997 1344 3047 odio
1366 3000 1415 3048 N
1419 3015 1527 3051 ero·

465 3052 545 3100 nis
589 3060 696 3104 tum
733 3055 913 3110 favore
949 3065 1003 3113 in
1039 3068 1098 3119 C.
1125 3070 1402 3124 Pisonem.'
1453 3078 1525 3129 Et

462 3126 627 3179 infra:
663 3133 679 3159 ‘
707 3132 862 3187 Claro
901 3141 1039 3203 apud
1076 3146 1282 3211 vulgum
1316 3166 1523 3205 rumore

461 3212 577 3256 erat
613 3223 708 3273 per
740 3212 984 3267 virtutem
1017 3228 1106 3271 ant
1143 3227 1341 3289 specics
1365 3232 1521 3282 virtu·
1567 3261 1585 3267 -

460 3285 598 3336 tibus
650 3290 859 3356 similes.
939 3297 1175 3367 Namque
1225 3304 1520 3361 facundiam

465 3363 672 3414 tuendis
710 3368 909 3421 civibus
953 3378 1249 3445 exercebat,
1290 3382 1523 3447 largitio·
1553 3379 1556 3386 ⁴

460 3450 578 3488 uem
602 3440 849 3495 adversus
873 3450 1096 3515 amicos}
1126 3458 1227 3506 ὅτε.
1291 3460 1361 3508 Et
1385 3460 1522 3512 infra

457 3517 540 3562 56.
565 3515 654 3565 ubi
690 3519 754 3567 de
789 3524 1046 3590 colloquio
1074 3541 1279 3584 secreto
1319 3536 1521 3588 Natalis

457 3595 514 3637 et
536 3588 742 3642 Scevini
765 3600 1168 3671 conjuratorum,
1189 3624 1376 3676 nempe
1400 3628 1518 3665 cum

448 3907 451 3912 ·
519 3895 673 3950 Unde
711 3902 809 3955 hoc
834 3909 1080 3966 rescierat
1113 3917 1336 3975 pessima
1358 3922 1516 3974 ancil·

453 3970 537 4019 la?
571 3975 694 4039 quid
734 3994 799 4028 ex
835 3996 899 4032 eo
936 3984 1097 4038 infert
1136 3990 1242 4054 illa,
1279 3994 1377 4043 nisi
1406 3997 1518 4060 jam

457 4061 706 4113 suspecta
728 4070 866 4108 esset
890 4063 1148 4125 cupiditas
1171 4067 1392 4133 Pisonis,
1426 4081 1519 4125 aut

459 4125 632 4185 potius
653 4128 801 4183 favor
839 4135 974 4187 illius
1012 4141 1063 4189 in
1089 4143 1319 4208 vulgus?
1360 4149 1516 4213 Nam,

453 4206 590 4250 teste
605 4202 806 4273 Tacito,
837 4224 940 4264 non
962 4221 1078 4270 orta
1110 4220 1425 4287 conspiratio
1448 4240 1515 4277 ex

1625 1693 1761 1743 illius
1785 1693 2088 1760 ambitione,
2119 1693 2211 1745 sed
2237 1709 2303 1745 ex
2339 1693 2553 1759 flagitiis
2586 1691 2712 1743 Nes

1623 1771 1782 1833 ronis,
1822 1770 1962 1820 unde
1997 1778 2056 1823 et
2089 1772 2256 1822 minus
2292 1771 2706 1836 suspectabatur

1620 1845 1766 1898 Piso.
1799 1876 1802 1881 ·

1685 1924 1756 1974 Et
1792 1938 1856 1975 eo
1885 1925 2071 1990 magis,
2108 1925 2245 1989 quod
2283 1927 2428 1975 luxui
2461 1925 2703 1989 indulge·

1620 1997 1715 2050 bat
1735 2001 1877 2053 Piso.
1944 2003 2149 2059 Ibidem
2166 2002 2297 2054 Tac.
2314 2007 2398 2053 48.
2419 2005 2435 2032 ‘
2459 2003 2701 2053 Lenitati

1619 2090 1681 2125 ac
1707 2077 2106 2140 magnificentiae
2142 2088 2199 2130 et
2234 2079 2515 2144 aliqnando
2546 2080 2699 2128 luxui

1616 2151 1957 2217 indulgebat.'
2039 2155 2213 2204 Etiam
2264 2170 2368 2205 non
2416 2155 2701 2218 cavebant,

1618 2230 1738 2294 quia
1759 2231 1953 2281 amicus
1975 2237 2032 2281 et
2052 2233 2241 2296 hospes
2278 2233 2504 2283 Neronis
2528 2232 2657 2281 Piso
2679 2248 2696 2293 ;

1615 2312 1672 2356 et
1701 2306 2027 2360 familiariter
2070 2310 2244 2359 villam
2283 2311 2398 2374 ejus
2436 2308 2696 2358 Baianam

1615 2381 1986 2449 frequentabat
2030 2385 2205 2436 Nero:
2239 2385 2359 2436 hinc
2395 2386 2569 2435 minus
2602 2385 2699 2435 ad-

1616 2460 1915 2514 vertebant.

1679 2538 1865 2601 Igitur,
1888 2546 1949 2590 nt
1972 2540 2133 2605 vides,
2155 2540 2404 2605 paulatim
2425 2540 2698 2591 emicabat

1615 2611 1765 2664 favor
1790 2615 2011 2679 Pisonis,
2030 2624 2086 2666 et
2109 2616 2260 2667 multi
2277 2616 2429 2666 amici
2450 2616 2696 2680 aderant,

1615 2698 1676 2739 ut
1720 2698 1778 2742 et
1818 2692 2068 2743 Senecae:
2128 2694 2263 2759 quod
2310 2693 2596 2742 advertens
2632 2699 2696 2743 et

1613 2777 1918 2833 suspectans
1945 2772 2059 2836 jam
2081 2777 2193 2821 tum
2217 2772 2481 2833 Romanus,
2515 2777 2575 2820 ut
2595 2786 2697 2835 pu.-

1614 2853 1687 2908 to,
1707 2847 1926 2898 libertus
1950 2849 2169 2898 Caesaris
2202 2854 2258 2898 et
2280 2850 2412 2897 auioe
2434 2857 2607 2912 verm,
2628 2855 2693 2898 ut

1612 2922 1833 2985 gratiam
1858 2925 2084 2974 Neronis
2109 2931 2338 2990 pararet,
2371 2924 2472 2974 sibi
2497 2939 2687 2988 magno

1608 2996 1839 3048 facinore
1866 3000 2187 3062 ‚criminatur
2223 3002 2501 3064 Senecam,
2542 2999 2692 3065 quasi

1604 3077 1778 3125 socium
1804 3078 1864 3127 C.
1890 3078 2101 3142 Pisonis,
2133 3085 2191 3128 et
2214 3077 2359 3150 quasi
2396 3092 2484 3128 res
2524 3093 2689 3129 novas

1605 3168 1722 3203 cum
1745 3154 1833 3204 ilio
1855 3157 2175 3208 molientem.
2215 3153 2216 3158 ’
2553 3181 2556 3186 ·

1666 3230 1774 3280 Sed
1809 3229 2052 3282 falsitatis
2091 3239 2277 3298 aperte
2313 3234 2589 3285 convictus
2625 3232 2687 3283 li-

1601 3305 1803 3371 bertus,
1840 3317 1896 3359 et
1919 3315 2141 3375 uterque
2172 3311 2444 3373 innocens,
2481 3312 2689 3363 Seneca

1601 3389 1657 3433 et
1694 3385 1816 3434 Piso
1858 3393 1968 3436 tum
2008 3388 2259 3451 temporis
2277 3404 2295 3436 :-
2328 3388 2467 3437 unde
2509 3395 2688 3438 tamen

1600 3460 1807 3513 Pisonis
1847 3462 2013 3527 favor,
2062 3474 2120 3515 et
2162 3481 2284 3516 mox
2330 3465 2563 3517 conflata
2594 3468 2687 3518 illa

1599 3537 1783 3601 ingens
1806 3541 2099 3606 conjuratio
2124 3542 2424 3609 Pisoniana,
2446 3545 2686 3609 quamvis

1602 3628 1666 3663 eo
1688 3622 1942 3681 tempore,
1981 3634 2082 3683 quo
2107 3628 2385 3671 accusatus
2407 3630 2494 3672 est
2527 3624 2686 3672 Sene·

1602 3704 1666 3740 ca
1689 3691 1840 3743 istius
1870 3695 2135 3757 societatis,
2171 3710 2327 3747 nemo
2347 3698 2521 3750 adhuc
2544 3698 2686 3763 cogi·

1524 3813 1546 3828 ,
1601 3772 1741 3819 taret
1764 3769 1830 3820 de
1857 3771 2048 3822 Pisone
2072 3772 2337 3837 eligendo,
2358 3779 2452 3823 aut
2487 3775 2556 3825 de
2581 3775 2687 3824 ulla

1598 3846 1980 3911 conjuratione,
2004 3849 2260 3899 nisisolns
2285 3851 2551 3901 Romanus.

1666 3923 1971 3989 Comparari
2009 3926 2151 3976 ultro
2185 3927 2349 3990 possit
2381 3928 2481 3978 iste
2506 3930 2685 3980 Roma·

1598 4011 1688 4047 nus
1709 4013 1827 4051 cum
1851 4002 2041 4066 ¹Grapto
2079 4003 2271 4054 liberto
2310 4004 2472 4054 etiam
2517 4006 2686 4074 Nero·

1600 4073 1699 4135 nis»,
1736 4090 1888 4139 quem
1913 4076 2169 4130 describit
2194 4080 2417 4131 Tacitus
2442 4096 2573 4142 ‚1¹¹¹-
2597 4088 2682 4133 4⁷.

1600 4148 1744 4199 Nero
1784 4151 1800 4178 ‘
1825 4156 2167 4217 suspectabat
2217 4158 2449 4208 maxime
2488 4160 2683 4211 Corne·

1597 4224 1722 4275 {ium
1777 4227 1991 4295 Syllam,
2041 4235 2145 4283 ἃς.
2251 4235 2426 4287 Quem
2482 4246 2681 4289 metum
