3063 4952
504 464 507 466 ,
574 380 751 461 18oe
1252 401 1320 450 c.
1367 377 1729 451 connum
1778 402 2035 457 mom-1

571 547 846 616 induci?
867 545 1193 630 Denique,
1225 546 1282 611 si
1307 545 1376 611 id
1405 549 1600 613 rebus
1623 550 1973 629 conducat,
1995 550 2236 631 libem,
2251 573 2451 638 quam
2473 556 2783 636 coactus,

573 654 827 719 acciret
843 649 1225 728 dominam,⁰
1252 652 1358 716 vel
1383 654 1749 718 consuleret
1777 657 2121 720 securitati
2144 654 2330 740 justa
2358 661 2636 725 ultione.
2699 660 2787 727 Et

570 757 872 826 modicis
883 755 1195 820 remediis
1222 755 1474 840 primos
1504 764 1754 822 motus⁹
1780 758 2205 826 consedisse:
2268 767 2417 840 at‚¹0
2458 763 2516 825 si
2550 762 2791 848 despe-

570 866 743 926 rent?
769 879 1048 924 uxorem
1080 859 1369 924 Neronis
1394 860 1541 941 fore
1571 860 1954 946 Octaviam,
1980 863 2076 927 illi
2107 865 2409 928 maritum
2441 864 2763 931 daturos?

656 965 767 1031 62.
812 958 1061 1027 Varius
1089 982 1332 1042 sermo,
1360 969 1425 1028 et
1454 964 1541 1028 ad
1568 970 1811 1029 metum
1859 972 2058 1050 atque
2104 967 2276 1031 iram
2316 969 2789 1035 accommodae

569 1070 703 1146 tus,
729 1067 957 1131 terruit
979 1066 1176 1130 simul
1200 1065 1576 1131 audientem
1607 1071 1675 1131 et
1700 1067 2030 1134 accendit.
2089 1068 2220 1133 Sed
2250 1090 2484 1152 parum
2516 1072 2788 1138 valebat

2456 412 2557 480 [Α.
2573 416 2649 473 u.
2666 416 2786 483 sm.

567 1231 764 1284 inferre
785 1232 914 1282 solio
938 1232 1227 1297 principis?
1264 1234 1491 1283 Demum
1516 1234 1558 1283 si
1582 1235 1647 1284 ad
1672 1235 1895 1300 Reipub.
1919 1237 2047 1287 utile
2069 1237 2155 1302 sit,
2174 1240 2314 1290 ultro
2329 1241 2510 1303 potans,
2529 1255 2691 1304 quam
2712 1240 2788 1289 in·

566 1298 709 1348 vitus
733 1305 1026 1348 accerseret
1063 1296 1343 1360 dominam,
1376 1301 1459 1348 vel
1495 1301 1797 1363 provideret
1829 1301 2171 1353 incolumitati
2207 1320 2310 1354 suae
2340 1306 2492 1368 justa
2532 1306 2785 1356 vindicta.

567 1363 642 1415 Et
661 1364 857 1414 levibus
877 1363 1118 1413 subsidiis
1142 1365 1333 1428 primos
1356 1365 1608 1415 tumultus
1629 1367 1836 1417 sedatos
1858 1382 1969 1417 esse
1991 1383 2006 1418 ε
2037 1376 2093 1419 at
2115 1369 2159 1419 si
2179 1384 2325 1434 spem
2359 1371 2633 1436 abjiciant,
2669 1385 2788 1425 con·

556 1427 697 1493 jugii
719 1429 946 1478 Neronis
964 1444 1082 1480 cum
1106 1429 1352 1491 Octavia,
1371 1430 1448 1478 illi
1470 1430 1636 1480 virum
1659 1432 1985 1495 praebituros.

629 1494 818 1558 Anceps
831 1495 1002 1557 oratio,
1021 1493 1421 1558 adformidinem,
1457 1501 1507 1544 et
1543 1496 1777 1547 invidiam
1798 1498 2072 1563 composita,
2092 1499 2236 1548 simul
2253 1500 2492 1550 extenuit
2522 1501 2782 1564 Neronem,

564 1562 615 1608 et
633 1559 853 1610 incitavit
870 1560 1010 1611 iram.
1077 1560 1176 1610 Sed
1185 1575 1357 1624 parum
1374 1560 1581 1624 pollebat
1604 1563 1805 1629 suspicio
1837 1564 1889 1614 in
1923 1563 2135 1631 tibicine,
2154 1570 2202 1615 et
2222 1565 2471 1615 tementis
2479 1565 2781 1627 famularum

1488 1687 1547 1708 ee
1552 1685 1846 1711 etonem&

563 1762 767 1814 subolem
786 1763 1088 1829 imperatorio
1099 1762 1308 1827 fastigio
1323 1762 1496 1815 induci.
1528 1763 2103 1831 Brotier.——9‚'Budens.
2126 1768 2284 1818 habet
2300 1784 2378 1834 pr.
2397 1785 2489 1821 mo.
2511 1775 2783 1821 consecutos

565 1830 972 1879 consedisse—lo
1003 1829 1233 1880 Volebat
1269 1830 1486 1894 primum
1518 1830 1749 1896 Lipsius,
1768 1846 1831 1882 aa
1854 1832 1899 1881 si
1931 1829 2207 1898 desperent?
2240 1834 2436 1886 Postea
2458 1838 2779 1895 sententiam

564 1895 804 1951 mutavit.
868 1893 943 1947 Ac
963 1908 1058 1960 pro
1077 1899 1131 1945 at
1154 1895 1365 1947 volebat
1384 1894 1676 1949 Acidalius.

1551 2024 1777 2080 NOTAE

625 2140 651 2175 ⁹
684 2136 967 2204 Dominam]
996 2139 1084 2193 Sic
1102 2147 1259 2192 vocat
1279 2154 1376 2208 per
1398 2148 1627 2195 contem·

562 2220 694 2278 tum,
730 2221 787 2264 et
824 2221 881 2266 nt
906 2222 1079 2267 tamen
1115 2224 1313 2270 terreat
1347 2222 1627 2287 Neronem,

558 2291 796 2342 dominam
818 2299 998 2346 vocat:
1040 2299 1099 2346 ut
1120 2309 1237 2361 quae
1273 2297 1627 2349 dominaretur

556 2366 671 2419 viro
713 2376 769 2420 et
824 2371 1070 2437 principi,
1112 2387 1268 2440 seque
1319 2374 1435 2439 ipsa
1484 2377 1624 2426 ultro

558 2445 860 2498 restitueret
883 2454 940 2500 et
961 2450 1287 2502 matrimonio
1310 2457 1367 2502 et
1386 2452 1625 2522 imperio,

556 2537 651 2574 sna
668 2525 720 2575 vi
742 2532 796 2576 et
819 2541 993 2577 amore
1014 2530 1191 2595 populi
1209 2528 1359 2583 fulta.
1392 2532 1464 2580 Et
1481 2532 1626 2586 velut

555 2601 726 2667 ipsum
759 2606 1019 2657 Neronem
1057 2608 1330 2672 dejectura
1362 2611 1492 2660 solio
1524 2626 1621 2675 pro

551 2680 706 2734 libito
728 2682 878 2747 infra,
898 2685 974 2735 illi
1003 2686 1466 2738 maritwndatsros:
1499 2703 1620 2739 cum

554 2772 659 2823 qno
696 2760 812 2823 ipsa
845 2761 1149 2829 imperaret,
1168 2769 1226 2814 et
1262 2764 1518 2829 Rempub.
1548 2764 1622 2817 in·

553 2831 793 2892 raderet.

619 2913 779 2963 Initio
809 2929 912 2967 non
934 2916 1250 2982 usurpabant
1281 2919 1409 2970 talia
1437 2933 1617 2984 super-

553 2987 657 3048 biae
679 2990 902 3042 nomina.
936 2990 1161 3057 Augusti
1172 3002 1229 3045 et
1250 2993 1504 3060 Augustae
1526 3012 1618 3047 no-

550 3079 671 3122 men
694 3067 1058 3132 praetulerunt,
1073 3077 1130 3120 et
1150 3070 1306 3121 civilis
1323 3072 1510 3135 ingenii
1525 3087 1620 3137 pu-

551 3141 755 3206 tabant,
777 3143 821 3196 si
853 3158 953 3194 non
973 3147 1199 3209 dominos,
1225 3149 1314 3199 sed
1348 3149 1617 3213 principes

552 3232 610 3272 se
632 3216 867 3271 ferrent:
901 3221 1026 3272 cives
1045 3224 1363 3288 cogitabant,
1382 3240 1487 3275 non
1507 3241 1615 3276 ser·

549 3306 660 3360 vos,
680 3312 808 3362 quos
831 3306 1092 3364 regerent.
1157 3302 1220 3352 Id
1243 3302 1401 3365 igitur
1423 3317 1614 3356 nomen

547 3374 725 3441 pellex
768 3375 1004 3440 objectat
1046 3376 1302 3440 Octaviae,
1356 3385 1417 3430 ut
1459 3380 1613 3434 nimis

547 3452 825 3515 superbum
854 3462 908 3504 et
941 3457 1086 3521 quasi
1121 3458 1332 3521 reginoe,
1353 3458 1495 3523 quod
1522 3474 1612 3509 vo-

546 3526 786 3579 cabulum
824 3529 1063 3583 infestum
1098 3535 1356 3598 Romanis,
1376 3541 1432 3585 et
1465 3537 1610 3602 quasi

543 3601 648 3669 ipsi
666 3606 889 3670 principi
911 3608 1166 3673 imperare
1183 3612 1361 3664 vellet.

609 3681 757 3731 Justa
787 3684 989 3749 ultione]
1020 3688 1140 3740 Qua
1171 3704 1360 3755 nempe
1398 3691 1610 3742 occide·

544 3761 631 3808 ret
660 3756 959 3824 Octaviam,
979 3759 1116 3814 forte
1139 3770 1195 3815 et
1212 3773 1450 3818 auctores
1473 3769 1607 3818 sedi.

542 3832 731 3898 tionis3
764 3850 884 3886 nam
917 3841 1116 3891 modicis
1135 3845 1356 3894 remediis
1387 3844 1607 3909 primam

542 3911 851 3964 seditionem
891 3919 1216 3981 consedisse;
1260 3921 1380 3986 quia
1415 3936 1606 3988 nempe

540 3986 820 4041 Octaviam
842 4002 1156 4056 revocasset,
1180 4004 1236 4048 at
1256 3998 1301 4049 si
1323 3999 1606 4063 desperent

537 4067 772 4119 seditiosi
792 4069 858 4120 de
873 4070 1119 4125 firmitate
1139 4079 1449 4131 matrimonii
1464 4078 1605 4132 illius

540 4159 658 4197 cum
693 4149 923 4215 Nerone,
951 4154 1028 4206 illi
1051 4154 1348 4225 (Octaviae)
1379 4163 1607 4217 maritum

525 4222 752 4288 Meros,
768 4234 829 4278 et
869 4228 1022 4283 simul
1057 4231 1349 4299 imperium.
1412 4238 1606 4306 Itaque

1704 2150 1974 2210 posterum
2008 2146 2303 2198 consuleret
2334 2147 2500 2211 Nero,
2538 2154 2780 2201 caveret.-
2859 2157 2866 2165 ·

1705 2235 1823 2286 qne,
1842 2237 1909 2272 ne
1942 2223 2065 2274 talia
2101 2238 2223 2274 mox
2257 2224 2477 2275 auderet
2508 2224 2776 2278 insensum

1702 2299 1907 2363 vulgus.

1767 2382 1795 2417 Ρ
1824 2375 1896 2425 Ae
1933 2377 1977 2426 si
2006 2370 2275 2469 desperent]
2308 2378 2507 2430 Callide
2530 2380 2775 2446 Poppaea
2805 2438 2809 2442 Α

1702 2455 1987 2521 perniciem
2037 2456 2279 2509 Octaviae
2331 2457 2565 2524 molitur,
2619 2476 2773 2528 quam

1701 2549 1804 2599 quo
1820 2535 2083 2588 efficacius
2106 2539 2349 2603 instruat,
2384 2549 2584 2591 metum
2606 2542 2775 2592 solici-

1701 2617 1784 2662 tat
1834 2613 2090 2665 Neronis:
2148 2631 2213 2666 eo
2267 2616 2483 2684 (inquit)
2528 2633 2615 2668 res
2661 2627 2768 2669 tuae

1699 2689 1846 2741 Nero
1889 2706 2123 2758 evasere,
2166 2701 2228 2745 ut
2268 2696 2524 2758 Octaviae,
2547 2703 2644 2747 aut
2677 2697 2770 2747 tibi

1698 2768 1987 2840 cadendum
2025 2771 2126 2824 sit:
2167 2786 2265 2823 nec
2309 2778 2362 2822 te
2390 2774 2591 2839 lactet,
2630 2774 2769 2840 quod

1697 2843 1852 2896 facile
1874 2848 2069 2899 sedasti
2092 2850 2315 2913 priorem
2338 2850 2504 2914 plebis
2531 2858 2766 2903 motum:

1695 2923 1753 2974 id
1774 2926 1914 2980 euim
1932 2927 2179 2994 contigit,
2201 2927 2323 2994 quia
2345 2928 2570 2979 nondum
2607 2945 2768 2995 popu·

1695 3003 1775 3054 lus
1798 3005 2172 3069 desperaverat
2210 3007 2276 3057 de
2315 3012 2493 3058 vestra
2533 3009 2767 3059 reconci-

1695 3080 1936 3132 liationer
1972 3096 2111 3133 nunc
2145 3082 2483 3138 defraudatus
2514 3085 2611 3149 spe
2647 3101 2768 3137 con·

1696 3165 1871 3222 cepta,
1931 3159 2174 3211 Octaviae
2223 3159 2461 3225 profecto
2515 3163 2762 3214 maritum

1693 3234 1862 3301 dabit,
1883 3238 2022 3288 unde
2046 3238 2140 3289 tibi
2157 3240 2369 3290 exitium
2389 3239 2740 3291 manifestum.

1718 3364 1731 3373 ,
1755 3316 1900 3366 Vera
1916 3316 2087 3366 nobile
2108 3324 2337 3367 scortum
2353 3316 2568 3367 dicebat
2586 3334 2604 3367 ε
2628 3333 2762 3382 nam,

1689 3391 1776 3457 (ut
1810 3394 2021 3443 missum
2054 3392 2322 3455 faciamus,
2346 3395 2468 3460 quid
2492 3403 2762 3461 sequatur,

1690 3467 1732 3517 si
1751 3469 1864 3534 quis
1885 3470 2070 3521 studiis
2103 3471 2283 3536 populi
2304 3461 2461 3523 ducat
2481 3472 2646 3524 filiam
2668 3475 2759 3524 im·

1680 3545 1991 3614 <peratoris‚)
2012 3562 2115 3597 non
2135 3547 2450 3599 credebatur
2472 3550 2652 3600 civilia
2681 3566 2762 3601 sa,

1688 3636 1836 3686 pere,
1859 3624 1942 3674 cui
1979 3625 2172 3691 conjux
2208 3633 2349 3677 esset
2386 3626 2453 3675 de
2492 3626 2756 3677 Caesarum

1687 3699 1860 3751 domo.

1752 3780 2099 3831 Quamobrem
2131 3781 2370 3832 Tiberius
2400 3787 2634 3847 nuptum
2666 3781 2757 3833 mi·

1686 3854 1824 3904 nime
1862 3857 2004 3907 locat
2024 3852 2396 3922 Agrippinam,
2420 3875 2543 3924 quae
2578 3874 2756 3911 secun·

1688 3931 1781 3983 das
1823 3936 2033 3999 nuptias
2076 3936 2380 4000 postulabat
2413 3936 2552 3988 Anu.
2594 3941 2636 3989 1.
2673 3952 2778 4007 ην.-ι

1683 4009 1826 4060 ‘Sed
1869 4011 2044 4061 Caesar
2086 4027 2188 4066 non
2227 4014 2457 4078 ignarus,
2500 4022 2748 4081 quantum

1685 4100 1752 4135 ex
1771 4088 1901 4151 Rep.
1922 4095 2212 4154 peteretur,
2231 4104 2299 4139 ne
2318 4096 2491 4139 tamen
2515 4087 2748 4142 offensio-

1684 4165 1781 4228 nis,
1805 4172 1897 4216 aut
1916 4174 2085 4217 metus
2104 4165 2413 4222 manifestus
2446 4167 2605 4232 foret,
2636 4170 2746 4220 sine

1682 4255 1951 4307 responso,
1972 4257 2263 4310 quanquam
2293 4241 2600 4309 instantem,
2633 4244 2750 4296 reli»

538 4311 599 4351 se
637 4300 948 4372 vindicaret,
986 4314 1045 4359 et
1084 4312 1355 4364 securitati
1402 4329 1510 4367 suae
1549 4316 1605 4367 in
1633 4308 1657 4317 ⁶
1677 4317 1828 4384 quit!
1857 4315 1860 4316 ⁷
