3063 4952
567 378 745 450 1⁰⁰4
1281 392 1352 446 c.
1391 376 1753 446 conamur
1799 392 2103 445 uerri.-

495 529 500 533 ’
569 542 682 623 Et,
709 541 861 610 viso
892 541 1297 621 Corbulone,
1328 539 1488 606 Rex
1527 541 1738 625 prior-⁸
1764 558 1941 624 equo
1968 537 2283 620 desiluit3
2326 557 2455 606 nec
2502 544 2770 609 cunctae

565 653 677 714 tus
706 644 1020 711 Corbulo.
1108 646 1242 710 Sed
1272 644 1478 728 pedes
1491 649 1777 726 «uterque
1805 643 2077 711 dextras
2106 640 2476 709 miscuere*

579 752 584 757 ⁴
651 749 760 813 29.
805 748 985 812 Exin
1015 747 1359 812 Romanus
1397 747 1634 811 laudat
1665 746 2003 830 juvenem,
2035 749 2055 778 ‘
2085 746 2359 809 omissis
2407 746 2775 829 praecipiti·

565 854 717 929 bns,
746 860 896 916 tuta
924 858 989 916 et
1015 852 1332 916 salutaria
1358 847 1862 934 capessentem?
1906 848 2030 912 Ille
2057 853 2077 882 ‘
2101 849 2183 912 de
2210 850 2560 914 nobilitate
2586 870 2774 933 gene-

564 952 721 1021 ris’i
744 956 1047 1019 multum¹
1069 954 1410 1039 praefatae,
1457 959 1676 1017 cetera
1732 955 2163 1035 temperanter
2205 949 2546 1034 adjungit:
2584 957 2604 986 ‘
2639 951 2773 1017 Itu-

2435 397 2550 464 .[Δ.
2572 399 2637 451 U.
2657 403 2770 457 81⁷.

568 1151 828 1211 Corbulo;
861 1166 948 1215 quo
969 1157 1225 1214 compecto,
1257 1151 1369 1201 Rea:
1385 1150 1571 1215 primus
1591 1165 1654 1200 ex
1675 1140 1790 1213 equo
1804 1148 2079 1209 descendit3
2112 1162 2194 1199 nec
2226 1148 2359 1213 nord
2381 1148 2625 1215 similiter
2644 1149 2772 1211 desi·

565 1217 652 1268 liit
676 1217 893 1273 Corbulo,
914 1222 960 1264 et
977 1218 1116 1279 pedes
1133 1222 1326 1279 utaque
1344 1231 1509 1264 neonus
1518 1216 1741 1274 junxere.
2804 1250 2807 1251 γ

634 1281 763 1330 Dein
788 1282 985 1328 Corbulo
1000 1282 1201 1329 celebrat
1229 1283 1506 1341 Tiridatem,
1522 1283 1643 1343 quod
1666 1278 1863 1328 relictis
1894 1277 2089 1327 incertis
2121 1282 2171 1327 et
2191 1277 2395 1327 vesanis
2433 1278 2770 1341 consilris,se·

566 1360 693 1395 cura
729 1354 783 1394 et
809 1347 1056 1396 salutaria
1091 1347 1509 1420 amplecteretur.
1564 1346 1655 1393 Ille
1679 1344 1742 1393 de
1766 1343 2069 1392 claritudine
2093 1344 2262 1406 gentis
2283 1344 2634 1393 Arsacidarum
2655 1346 2769 1394 ml-

567 1416 666 1459 tum
677 1412 961 1485 prolocutus,
983 1410 1160 1475 reliqua
1181 1426 1286 1461 cum
1305 1410 1530 1459 modestia
1550 1409 1753 1470 adjicit:
1785 1409 1990 1457 lturum
2022 1408 2217 1474 quippe
2251 1408 2303 1457 in
2325 1407 2550 1474 Urbem,
2569 1408 2771 1459 additu·

1543 1537 1834 1560 ‘Omome

1309 1625 1335 1672 1
1373 1622 1501 1674 Mss.
1523 1621 1672 1671 Harl.
1694 1620 1803 1673 Jes.
1821 1621 1992 1671 mulla.

1546 1784 1762 1839 NOTAE

630 1905 656 1946 Β
688 1902 798 1953 Rex
830 1897 987 1967 prior]
1022 1898 1160 1955 Quia
1192 1902 1381 1964 victus,
1414 1906 1469 1952 et
1499 1902 1624 1967 quia

566 1979 784 2043 supplex
807 1979 1069 2040 veniebat,
1092 1986 1145 2030 et
1178 1988 1236 2031 ut
1269 1980 1323 2029 id
1362 1980 1622 2029 tribueret

563 2054 830 2119 majestati
883 2056 1136 2119 principis
1192 2057 1433 2120 Romani,
1466 2070 1620 2121 quem

555 2130 669 2193 jam
691 2131 1038 2181 venerabatur
1075 2133 1129 2182 in
1151 2133 1446 2183 Corbulone
1482 2135 1623 2197 lega·

562 2216 652 2257 tot
683 2205 868 2270 infra‚‘
892 2201 1088 2272 quanto
1123 2210 1290 2259 minus
1315 2225 1468 2273 quam
1497 2224 1623 2272 cap-

562 2283 734 2347 tivus,’
756 2290 848 2333 aut
882 2285 1223 2349 triumphatus
1249 2300 1340 2336 rex
1364 2285 1479 2336 ille!
1553 2286 1624 2335 Et

563 2372 610 2407 e.
630 2362 712 2409 ὅθ.
743 2360 758 2387 ‘
778 2359 1086 2424 Literasque
1125 2359 1387 2424 supplices
1425 2360 1493 2409 ad
1515 2360 1623 2409 Ne-

560 2433 755 2486 ronem’
777 2435 1017 2499 tradidit,
1056 2437 1232 2501 sicque
1265 2438 1281 2464 ⁴
1304 2437 1477 2487 omnia
1512 2450 1623 2486 ser-

560 2512 738 2561 viliter
759 2527 853 2575 pro
890 2511 1273 2567 dominatione.'
1339 2513 1513 2562 luania
1534 2513 1624 2562 illa

562 2590 761 2652 sprevit
799 2604 911 2653 rex,
935 2589 1208 2641 dummodo
1247 2591 1395 2655 regni
1429 2591 1622 2654 potire-

563 2674 665 2716 tur.

624 2742 791 2793 Simul
833 2749 888 2793 et
925 2744 1150 2795 Corbulo
1195 2746 1409 2809 gloriam
1433 2747 1621 2813 jusque

559 2820 752 2883 imperii
771 2820 1005 2870 retinnit.
1050 2823 1182 2874 Quae
1207 2824 1370 2871 inania
1391 2823 1621 2886 despicit

559 2896 772 2947 Tacitus
817 2895 973 2946 infra.
1039 2899 1095 2948 Si
1147 2907 1317 2949 tamen
1375 2900 1621 2962 advertis,

562 2971 687 3035 qnid
722 2972 922 3034 ingenti
965 2974 1052 3023 illo
1089 2975 1225 3025 bello
1266 2976 1620 3040 quaerebatur,

562 3045 660 3094 nisi
703 3060 892 3095 vanum
950 3047 1128 3110 decus,
1163 3051 1299 3113 qnod
1353 3052 1622 3114 ponebant

562 3120 740 3185 Reges
760 3121 836 3171 illi
855 3136 1051 3185 regum,
1083 3124 1134 3174 in
1166 3128 1317 3174 modo
1338 3126 1496 3176 dandi
1526 3133 1621 3177 aut

559 3197 849 3262 accipiendi
884 3202 1133 3264 regnum?
1197 3203 1270 3251 Et
1301 3209 1472 3251 tamen
1495 3209 1621 3267 quot

559 3276 853 3324 mortalium
874 3277 1126 3340 sanguini,
1163 3285 1289 3341 quot
1311 3280 1621 3343 quantisque

558 3350 741 3413 opibus
761 3351 1001 3401 illusum?
1035 3352 1117 3402 Sic
1134 3361 1306 3404 tamen
1330 3357 1620 3417 potentiam

560 3431 618 3475 et
633 3433 878 3475 terrorem
897 3429 1233 3479 ostentabant
1249 3430 1324 3480 illi
1340 3434 1620 3496 utrimque,

559 3504 800 3566 exemplo
823 3504 874 3552 in
891 3512 1175 3568 posterum.

624 3577 648 3611 θ·
701 3579 918 3628 Dextras
958 3580 1204 3644 miscuere]
1269 3583 1423 3635 Quod
1478 3585 1617 3646 apud

555 3653 747 3703 Persas
767 3647 1068 3705 sanctissimi
1085 3656 1309 3706 foederis.
1333 3659 1617 3721 Josepbust.

558 3729 576 3757 ‘
596 3726 891 3779 Artabanus
916 3746 1008 3780 rex
1026 3733 1219 3795 patrios
1244 3735 1387 3784 Deos
1399 3734 1619 3798 juravit,

557 3805 685 3855 nibil
707 3820 762 3854 se
793 3808 917 3856 mali
938 3806 1199 3857 facturum
1236 3809 1379 3872 ipsis,
1401 3818 1458 3860 et
1491 3810 1618 3859 dex-

559 3889 694 3931 tram
716 3881 881 3943 dedit,
901 3883 1040 3948 quod
1064 3885 1340 3933 maximum
1372 3886 1509 3948 apud
1549 3887 1617 3935 is-

561 3966 641 4008 tos
665 3958 922 4008 Barbaros
958 3960 1225 4021 specimen
1247 3959 1440 4009 fidendi
1476 3962 1617 4009 exbi-

560 4034 716 4085 betur
767 4035 1232 4104 colloquentibus..
1267 4037 1434 4086 Nemo
1479 4038 1619 4087 enim

561 4111 749 4160 dextra
782 4113 944 4161 semel
978 4110 1102 4161 data
1138 4127 1169 4162 a
1208 4127 1355 4176 rege,
1389 4112 1618 4176 fallitur}

564 4189 666 4235 ὅτε.

628 4261 825 4313 Firmat
863 4262 1126 4314 Gemistus
1165 4264 1393 4316 Plethon
1433 4264 1522 4315 lib.
1555 4263 1623 4315 de

1703 1899 1879 1949 Rebus
1917 1899 2251 1950 Graecorum:
2308 1898 2629 1950 ‘Persarum
2679 1913 2772 1951 rex

1701 1976 2018 2038 Mentorem,
2055 1975 2194 2040 quod
2237 1975 2478 2025 dextram
2516 1975 2771 2036 dedisset,

1701 2044 1949 2116 (maxima
1990 2052 2127 2100 enim
2170 2052 2285 2101 haec
2323 2050 2465 2115 apud
2495 2051 2688 2102 Persas
2717 2050 2773 2102 fi-

1702 2125 1843 2191 des,)
1867 2126 2230 2177 conservavit!
2259 2127 2473 2190 Lipsius.
2502 2138 2511 2141 *

1767 2202 1782 2237 ¹
1811 2205 1890 2255 De
1922 2204 2172 2253 nobilitate
2197 2202 2410 2265 generis]
2446 2202 2663 2267 Quippe
2678 2200 2772 2252 Ar·

1704 2279 1885 2340 saeida
1904 2277 2022 2341 fuit,
2041 2293 2105 2329 ex
2128 2278 2326 2329 Arsace
2361 2278 2530 2344 primo
2554 2280 2775 2329 Partho·

1704 2370 1818 2405 rum
1841 2370 1964 2420 rege
1986 2362 2148 2419 ortus,
2178 2357 2334 2418 longa
2366 2355 2504 2404 serie
2538 2369 2769 2405 avorum.

1702 2433 1789 2483 De
1809 2431 2007 2484 Arsace
2038 2432 2278 2484 Justinus
2312 2433 2351 2484 l.
2376 2444 2495 2483 xm.
2519 2435 2572 2483 4.
2605 2431 2623 2461 ‘
2643 2433 2770 2482 Erat

1702 2524 1766 2559 eo
1790 2515 2024 2574 tempore
2034 2508 2257 2562 Arsaces
2282 2509 2379 2570 vir,
2397 2510 2534 2559 sicut
2557 2510 2769 2561 incertae

1704 2587 1935 2650 originis,
1978 2587 2053 2638 ita
2095 2587 2301 2636 virtutis
2342 2593 2634 2651 ειμι-ιω.-
2670 2587 2769 2637 Hie

1701 2664 1882 2716 solitus
1929 2664 2212 2714 latrociniis
2258 2672 2315 2714 et
2358 2674 2510 2726 rapto
2558 2664 2767 2716 viverez

1701 2746 1924 2804 accepta
1945 2740 2210 2803 opinione,
2238 2739 2512 2789 Seleucum
2549 2755 2581 2790 a
2605 2740 2767 2791 Gallis

1700 2816 1754 2865 in
1790 2817 1913 2865 Asia
1946 2817 2162 2877 victum,
2184 2817 2404 2866 solutus.
2429 2816 2570 2880 regis
2615 2823 2771 2878 metu,

1701 2907 1820 2942 cum
1839 2892 2137 2955 praedonum
2155 2905 2309 2941 manu
2327 2892 2562 2941 Parthos
2581 2893 2771 2957 ingres-

1700 2983 1806 3031 sus,
1844 2967 2152 3034 praefectum
2191 2984 2367 3019 eorum
2408 2970 2768 3032 Andragoram,

1693 3046 1980 3108 oppressit,
2013 3044 2316 3110 sublatoque
2372 3059 2453 3107 eo,
2495 3046 2769 3109 imperium

1700 3121 1874 3186 gentis
1909 3121 2117 3171 invasit.
2182 3122 2304 3171 Non
2348 3136 2538 3185 magno
2574 3120 2767 3171 ¹deinde

1702 3204 1820 3260 post
1861 3203 2098 3261 tempore
2140 3198 2616 3263 Hyrcanorumque
2659 3209 2770 3260 reg-

1700 3287 1823 3321 num
1845 3272 2153 3337 occupavit,'
2176 3277 2278 3328 διο.
2808 3327 2813 3330 ,

1764 3352 1836 3401 Et
1870 3367 1915 3402 c.
1954 3359 2002 3402 5.
2038 3353 2159 3404 &sic
2186 3352 2407 3403 Arsaces
2443 3353 2671 3419 quae‘sito
2707 3350 2767 3402 si·

1700 3429 1805 3476 mul
1828 3429 2217 3493 constitutoque
2258 3442 2439 3492 regno,
2470 3444 2577 3477 non
2601 3430 2764 3479 minus

1699 3504 2040 3554 memorabilis
2065 3504 2276 3554 Parthis
2299 3519 2451 3568 quarn
2476 3505 2653 3555 Persis
2669 3505 2764 3567 Cy·

1700 3594 1803 3641 rus,
1829 3580 2205 3629 Macedonibus
2226 3580 2551 3643 Alexander,
2583 3582 2765 3631 Roma·

1698 3657 1777 3706 nis
1797 3658 2066 3719 Romulus,
2104 3662 2306 3706 matura
2328 3665 2603 3707 senectute
2627 3656 2765 3706 deci·

1701 3731 1797 3781 dit.
1850 3733 2011 3796 Cujus
2051 3732 2316 3781 memoriae
2356 3732 2495 3782 bunc
2518 3731 2766 3782 honorem

1699 3808 1884 3859 Parthi
1917 3808 2233 3868 tribuerunt,
2265 3815 2323 3857 ut
2364 3821 2542 3857 omnes
2577 3808 2763 3857 exinde

1699 3898 1851 3948 reges
1894 3899 2013 3933 suos
2051 3881 2265 3932 Arsacis
2318 3882 2526 3931 nomine
2570 3897 2767 3933 nuncu·

1700 3959 1863 4023 pent.’
2091 4019 2095 4024 ⁶

1764 4038 1834 4086 Et
1872 4034 2037 4084 infra:
2074 4039 2089 4065 ‘
2114 4036 2312 4086 Omnes
2348 4052 2498 4100 reges
2522 4052 2645 4085 suos
2667 4037 2761 4090 hoc

1698 4113 1924 4172 nomine,
1967 4112 2124 4162 sicuti
2155 4112 2375 4162 Romani
2405 4116 2644 4164 Gaesares
2663 4112 2739 4163 A:
2798 4165 2805 4171 ,

1699 4198 1981 4258 gustosque
2003 4190 2472 4252 cognominavere!

1706 4311 1711 4320 ,
1766 4264 2035 4316 Nobilitate
2069 4266 2286 4330 generis]
2317 4267 2656 4336 arsacium
2688 4265 2753 4320 im
