3063 4952
596 186 631 213 0

1024 425 1434 474 ANNALIUM
1484 425 1633 474 12113.
1681 425 1856 475 1111.

323 434 374 487 J.
398 432 463 484 c.
483 430 596 496 sa]
2367 410 2542 513 1611

324 578 467 640 rent
491 571 530 637 τ’
595 576 617 606 ‘
647 571 869 636 nullos
914 572 1323 636 mortaliumm
1371 573 1570 636 armis
1618 579 1735 636 aut
1780 570 1913 636 fide
1964 576 2112 636 ante
2163 570 2538 637 Germanos

325 674 521 753 esse,’
586 674 988 751 exclamant,
1035 673 1656 757 degrediunturque⁶
1706 680 1775 738 et
1816 675 1986 740 inter
2039 674 2277 739 Patres
2324 676 2540 740 consi-

325 777 490 843 dunt
517 786 569 843 :¹¹
613 777 795 861 quod
827 777 1097 841 comiter
1127 797 1169 840 a
1198 777 1565 841 visentibus
1590 783 1970 862 exceptum,
1999 779 2193 862 quasi
2224 778 2543 861 impetus⁰

323 881 611 963 antiqui,
661 885 729 943 et
781 880 962 943 bona
1013 877 1483 944 aemulatione.⁷
1511 889 1541 929 P
1628 879 1814 945 Nero
1871 881 2144 945 civitate
2166 880 2543 979 ..Romana‘¹

321 1042 436 1086 tute
462 1043 560 1087 aut
580 1037 685 1087 fide
710 1037 980 1089 Germanis
1006 1040 1324 1103 praecellere,
1362 1039 1720 1103 abscedantque,
1757 1045 1805 1090 et
1843 1041 1969 1089 inter
2000 1044 2236 1088 senatores
2265 1040 2418 1088 sedem
2443 1037 2542 1088 sibi

320 1102 544 1165 deligunt
560 1120 577 1153 .-
626 1106 746 1166 quod
763 1104 875 1153 bene
895 1104 1171 1167 honesteque
1194 1106 1498 1167 interpretati
1519 1111 1646 1168 sunt,
1667 1107 1747 1169 qui
1768 1106 1947 1168 videre,
1975 1106 2103 1154 velut
2131 1104 2302 1154 indolis
2322 1120 2379 1153 ac
2397 1103 2546 1167 speci-

320 1167 465 1217 minis
484 1168 692 1232 antiqui,
712 1175 760 1218 et
784 1170 928 1219 velut
950 1170 1250 1220 «emulatione
1271 1171 1467 1232 egregia
1485 1169 1697 1219 sactum.
1786 1172 2044 1234 Utrumque
2064 1170 2283 1235 ascripsit
2308 1170 2471 1219 Coesur
2489 1170 2544 1218 in

1268 1311 1325 1331 θ’
1331 1312 1354 1329 0
1360 1312 1417 1331 ‘O
1423 1312 1627 1331 OOO‘OOO

385 1414 420 1460 6
453 1411 545 1461 Sic
571 1411 803 1462 Picbena
839 1427 868 1461 e
912 1413 1014 1463 Ms.
1036 1414 1180 1463 Flor.
1247 1414 1312 1463 In
1335 1414 1604 1464 veteribus
1623 1413 1955 1477 editionibus,
1974 1414 2425 1476 &mediatatum—'7
2457 1413 2545 1465 Ita

320 1475 453 1526 libri
489 1477 696 1541 scripti,
717 1484 771 1526 et
793 1478 1049 1528 editiones
1070 1485 1274 1528 veteres
1299 1494 1361 1529 ac
1385 1480 1719 1529 recentiores.
1786 1479 2003 1529 Frustra
2025 1479 2320 1529 emendavit
2343 1480 2545 1529 Rhena-

319 1554 441 1601 nus,
459 1541 581 1592 bono
595 1542 854 1592 emulatio.
924 1543 1129 1606 Lipsius
1152 1544 1412 1605 tentabat,
1429 1545 1538 1593 boui
1572 1544 1882 1593 oemulutione.
1914 1544 2144 1594 Brotier.
2210 1543 2422 1593 Amicus
2443 1549 2491 1594 et
2512 1561 2545 1594 a

321 1605 444 1656 bonu
481 1607 812 1666 oemulutione5
860 1608 1076 1659 Juretus
1116 1613 1164 1658 et
1202 1609 1310 1658 boni
1341 1612 1595 1659 emulatio.
1664 1611 1790 1660 Mss.
1832 1610 1905 1659 nil
1942 1616 2166 1660 mutant.
2243 1610 2544 1674 Byr-kint·-

1307 1762 1527 1815 NOTAE

387 1876 425 1901 ¹¹
481 1869 651 1918 Nullos
687 1870 978 1934 mortalium]
1039 1869 1192 1921 Hanc
1231 1870 1391 1935 ipsam
1473 1869 1639 1919 libro:
1675 1871 1692 1899 ‘
1717 1869 1820 1920 Sed
1859 1870 2109 1934 impetum
2149 1869 2282 1933 ejus,
2320 1868 2540 1917 multum

322 1959 436 1995 rem
459 1944 670 2008 factam,
707 1946 922 1996 Claudio
944 1947 1194 2011 principe,
1234 1948 1395 1998 tradit
1470 1948 1616 2011 prius
1637 1945 1844 1997 laudata
1858 1945 2219 2011 magnitudine
2238 1946 2414 2009 animi,
2424 1945 2545 1995 atti·

320 2022 625 2071 Suetonius.
688 2022 794 2072 Sed
818 2028 945 2086 puto
962 2022 1164 2073 fidelior
1184 2023 1395 2074 Tacitus

320 2099 376 2147 in
425 2099 847 2162 circumstantiis,
900 2114 1027 2164 quas
1081 2099 1166 2150 hic
1223 2098 1393 2151 affert.

324 2175 577 2224 Ceterum
631 2176 946 2225 conveniunt
1000 2177 1054 2225 in
1106 2177 1395 2228 substantia

322 2251 424 2313 rei,
446 2257 504 2300 ut
524 2251 712 2316 solent,
725 2265 912 2316 nempe
932 2253 1216 2304 Germanos
1235 2254 1391 2304 fidem

323 2343 474 2379 suam
509 2334 566 2379 et
598 2327 953 2379 fortitudinem
979 2330 1288 2394 praedicasse
1309 2346 1396 2381 no·

322 2403 415 2454 bili
440 2405 661 2471 impetu,
675 2414 730 2456 et
753 2405 1033 2471 specimine
1052 2422 1175 2459 vere
1196 2409 1395 2476 antiqui

322 2497 507 2532 moris.

387 2566 414 2592 ¹¹
448 2559 589 2609 Inter
604 2565 769 2622 patres
787 2561 1056 2626 considunt]
1115 2562 1268 2615 Quod
1295 2562 1396 2613 Ta-

322 2637 464 2688 citus
486 2637 572 2688 hic
598 2638 809 2702 Neroni,
846 2639 986 2688 idem
1007 2639 1280 2690 Suetonius
1304 2639 1396 2688 tri-

322 2713 444 2763 buit
467 2714 686 2764 Claudio
717 2730 835 2779 cap.
860 2720 942 2766 25.
976 2716 992 2743 ‘
1017 2717 1396 2767 Germanorum

324 2791 517 2856 legatis
538 2792 592 2841 in
618 2791 905 2843 Orchestra
937 2792 1120 2844 sedere
1142 2794 1396 2857 permisit,

325 2869 667 2934 simplicitate
690 2884 867 2921 eorum
902 2876 956 2921 et
989 2870 1182 2922 fiducia
1212 2878 1399 2939 motus,

328 2947 467 3012 quod
486 2947 543 2996 in
558 2948 831 3014 popularia
849 2946 1085 3012 deducti,
1103 2963 1219 2999 cum
1241 2949 1400 3000 anim·

330 3024 683 3076 advertissent
735 3025 958 3075 Parthos
1013 3031 1069 3075 et
1103 3024 1397 3082 ¹Armenios

328 3105 574 3155 sedentes
616 3104 670 3154 in
715 3110 918 3168 senatu,
958 3103 1023 3153 ad
1061 3103 1243 3154 eadem
1281 3106 1400 3155 loca

327 3188 519 3246 sponte
542 3181 873 3245 transierant,
894 3181 1052 3231 nihilo
1085 3181 1398 3232 deteriorem

326 3258 577 3309 virtutem
599 3264 691 3309 aut
713 3257 1061 3308 conditionem
1085 3272 1228 3308 suam
1263 3273 1398 3323 prae·

329 3336 602 3387 dicantes.'

391 3413 501 3463 Hic
535 3413 802 3477 popularia,
824 3418 944 3463 sunt
981 3413 1170 3478 gradus
1192 3413 1398 3474 theatri,

329 3497 423 3541 seu
448 3505 643 3555 caveae,
662 3491 716 3540 in
750 3490 938 3556 quibus
959 3490 1177 3541 sedebat
1195 3498 1398 3556 specta-

331 3566 529 3634 batque
551 3568 775 3633 populus
798 3569 948 3618 Rom.
1026 3568 1130 3630 Ibi,
1150 3573 1210 3619 ut
1231 3568 1396 3630 vides,

330 3647 515 3697 eadem
555 3648 712 3709 actio,
751 3654 806 3697 et
850 3661 993 3711 saepe
1027 3646 1208 3696 eadem
1250 3646 1398 3697 dicta

328 3723 594 3790 factaque,
619 3723 838 3774 diversis
877 3723 1195 3790 principibus
1232 3723 1397 3774 tribu-

329 3809 503 3853 untur.
578 3803 715 3852 Uter
750 3801 923 3852 verius
958 3801 1251 3866 tradiderit,
1283 3801 1398 3867 quis

330 3894 466 3930 nunc
489 3879 739 3931 decidat?
770 3879 975 3928 Tacitus
999 3884 1172 3928 tamen
1194 3892 1261 3929 ex
1280 3891 1398 3942 pro·

312 3957 469 4014 ,fesso
489 3957 673 4009 scribit
692 3957 980 4018 historiam,
990 3971 1092 4006 uon
1105 3957 1399 4008 Suetonius.

403 4036 683 4101 Orchestra,
703 4041 759 4086 et
778 4039 981 4098 senam,
1000 4033 1139 4083 idem
1162 4040 1260 4085 est.
1331 4035 1400 4084 E·

331 4118 414 4162 rat
433 4111 816 4162 locusPatrum
833 4111 884 4160 in
902 4110 1106 4161 theatro
1126 4111 1400 4176 omnam,

331 4202 490 4253 quare
513 4195 571 4239 et
593 4194 810 4239 vocatur
827 4193 1033 4239 mam.

324 4301 357 4322 2
395 4272 419 4297 ⁶
452 4263 689 4331 Impetus]
721 4263 935 4329 Impetus
950 4265 1054 4328 bic,
1071 4270 1154 4316 est
1173 4264 1399 4329 repenti-

333 4353 425 4392 nus
445 4340 600 4402 animi
624 4354 695 4394 ex
709 4340 932 4394 honesto
952 4347 1141 4395 motus.
1208 4341 1395 4395 Utboc

1474 2038 1635 2073 nuere
1660 2022 1966 2073 senatores!

1537 2100 1821 2165 Antiquam,
1858 2101 1998 2167 quod
2033 2098 2409 2166 quodammodo
2453 2113 2542 2150 ex·

1475 2178 1622 2229 cedit
1660 2180 1869 2229 modum
1920 2179 2113 2238 saeculi,
2148 2184 2205 2227 et
2246 2176 2543 2242 antiquitati

1473 2255 1702 2305 laudatae
1743 2270 1840 2320 par
1881 2262 1977 2305 est.
2060 2255 2324 2304 AEmulaeio
2368 2261 2540 2304 autem

1475 2331 1612 2394 bono,
1634 2339 1694 2382 ut
1719 2332 1842 2382 alibi
1860 2348 2026 2397 pram.

1540 2409 1629 2459 Sic
1673 2408 1830 2473 igitur
1868 2409 2084 2473 accipe:
2136 2408 2269 2472 quasi
2312 2407 2366 2457 id
2405 2414 2542 2457 esset

1474 2487 1679 2551 impetus
1698 2487 1882 2551 antiqui
1894 2502 1912 2545 ,-
1960 2491 2008 2536 et
2030 2487 2147 2535 bonu
2168 2486 2462 2536 emulatione
2482 2483 2543 2535 fi-

1478 2570 1611 2613 eret.
1679 2563 1960 2619 Gronovius.

1543 2639 1753 2703 Impetus
1769 2638 1982 2703 antiqui]
2019 2639 2165 2689 Bene
2185 2637 2375 2688 dicitur
2394 2638 2541 2702 impe·

1474 2722 1556 2766 tus
1593 2717 1680 2766 ille
1716 2719 1871 2766 moris
1908 2723 1965 2767 et
2009 2716 2303 2781 speciminis
2338 2716 2542 2779 antiqu,

1477 2809 1578 2859 quo
1601 2809 1745 2844 mens
1770 2793 1878 2844 sive
1900 2794 2115 2858 animus,
2147 2794 2292 2843 velut
2311 2798 2459 2843 extra
2483 2806 2540 2843 se

1476 2872 1769 2935 prorumpit
1791 2872 1842 2921 in
1878 2872 2121 2922 eximium
2143 2870 2429 2934 consilium,
2451 2875 2543 2920 aut

1478 2947 1674 2999 factum
1696 2950 1901 3015 aliquod
1926 2949 2208 3014 egregium.

1542 3027 1629 3077 Sic
1653 3028 1810 3079 etiam
1833 3028 1898 3077 de
1919 3029 2133 3078 Nerone
2153 3025 2386 3087 Tacitus,
2424 3040 2541 3075 cum

1478 3119 1667 3169 nempe
1689 3119 1751 3156 eo
1786 3120 1949 3171 usque
1971 3104 2135 3154 effusa
2173 3109 2256 3153 est
2294 3104 2404 3168 ejus
2439 3105 2543 3153 cle·

1477 3182 1673 3231 mentia
1713 3181 2124 3246 benignitasque,
2161 3186 2222 3230 ut
2255 3185 2423 3229 cuncta
2442 3195 2543 3230 oec-

1478 3258 1657 3321 tigslia
1676 3259 1854 3323 generi
1877 3259 2169 3308 mortalium
2191 3258 2330 3306 ultro
2361 3271 2544 3309 conce·

1479 3336 1648 3387 deret.
1728 3336 1900 3401 Supra
1937 3351 1983 3385 c.
2007 3340 2089 3385 50.
2120 3336 2135 3362 ‘
2160 3332 2264 3384 Sed
2290 3333 2542 3396 impetum

1478 3414 1612 3478 ejus,
1635 3416 1733 3463 διο.
1758 3411 2050 3463 attinuere!

1543 3498 1569 3534 Ρ
1605 3492 1674 3540 Et
1696 3491 1814 3540 bona
1830 3489 2145 3553 emulatione]
2191 3488 2414 3539 Veteres
2436 3502 2542 3538 om-

1475 3582 1590 3630 nes,
1606 3567 1740 3631 quusi
1755 3568 1959 3631 impetus
1979 3565 2177 3630 antiqui,
2196 3569 2243 3615 et
2265 3563 2383 3613 bonu
2400 3580 2543 3615 σηιε-

1476 3646 1670 3708 latione,
1688 3645 1814 3694 satis
1835 3644 2023 3694 idoneo
2039 3657 2210 3693 sensu.
2272 3641 2367 3692 Ait
2388 3642 2544 3706 enim,

1474 3722 1778 3772 libertatem
1816 3722 1957 3771 illam
1981 3721 2351 3771 Germanorum
2388 3720 2545 3769 comi-

1477 3804 1563 3849 ter
1581 3813 1612 3848 a
1633 3797 1919 3849 visentibus
1940 3803 2233 3861 acceptam,
2265 3795 2407 3862 quasi
2429 3809 2540 3860 prae

1476 3891 1535 3927 se
1558 3877 1766 3927 tulisset
1786 3875 1978 3941 aliquid
2001 3875 2199 3940 antiqui
2220 3874 2466 3938 impetus,
2488 3879 2546 3923 et

1478 3952 1613 4003 bona
1636 3952 1962 4002 aemulatione
1983 3950 2178 4001 factum
2202 3956 2358 4000 esset.

1543 4028 1794 4080 Rhenano
1815 4035 1988 4079 tamen
2009 4026 2228 4091 placuit,
2257 4029 2306 4076 et
2337 4024 2455 4074 bonu
2475 4040 2540 4075 oe·

1475 4105 1702 4157 mulatio.-
1752 4120 1852 4156 non
1874 4106 2039 4165 male;
2089 4103 2184 4153 sed
2213 4102 2336 4153 mihi
2366 4102 2550 4167 prisca,

1475 4184 1638 4235 lectio
1660 4183 1846 4248 potior.
1911 4182 2142 4233 Pickm.
2227 4183 2232 4190 “

1541 4270 1566 4305 ³
1624 4260 1840 4312 Ciuitate
1882 4258 2119 4323 mo]
2180 4257 2336 4312 Quod
2383 4258 2542 4310 decus

1475 4338 1750 4407 pmcipue'
1763 4349 2063 4391 concessum
2092 4333 2400 4403 primoribus
2421 4351 2543 4405 pro-
