3063 4952
284 463 288 467 .
354 410 633 476 J.c.⁶s.]
1054 402 1468 456 Anxanum
1530 404 1680 455 ms.
1723 404 1884 454 xrv.
2372 384 2554 458 lm

354 557 538 623 Nam
596 551 1094 621 oblectamentis
1145 550 1484 635 Principis
1539 549 1768 635 palam
1816 549 2141 634 iniquum,
2191 549 2550 629 detrectare

349 648 491 725 vim
532 660 675 745 ejus
721 676 929 742 equos
957 656 1276 739 regentis3
1337 642 1611 718 illudere
1637 658 1899 735 ‚vocesst
1931 654 2233 736 quotiens
2259 663 2547 726 caneret.

352 763 577 843 Quem
604 763 690 827 ad
719 761 914 825 finem
940 758 1101 824 nihil
1126 760 1191 823 in
1236 757 1411 841 Rep.
1442 756 1693 821 clarum
1720 756 1882 833 fore,
1910 756 2093 839 quod
2120 775 2256 820 non
2299 759 2388 824 ab
2429 759 2547 824 illo‘

349 866 625 950 reperiri
650 864 969 929 credatur.
1045 859 1239 925 Certe
1265 859 1521 923 finitam
1544 858 1832 923 Neronis
1860 859 2233 942 pueritiam,
2262 866 2327 925 et
2348 863 2548 929 robur

339 968 645 1052 juventae
666 966 939 1031 adesse:
982 967 1252 1029 exueret
1268 962 1682 1044 magistrum,
1704 960 1868 1026 satis
1890 960 2133 1045 amplis
2162 961 2545 1045 doctoribus

346 1072 711 1136 instructus
740 1066 1100 1152 majoribus
1128 1064 1313 1130 suis.'
1814 1133 1818 1137 ,

435 1172 575 1241 53-
613 1170 709 1236 At
761 1169 1019 1235 Seneca
1063 1167 1539 1235 criminantium
1584 1188 1716 1232 non
1772 1167 2066 1250 ignarus,
2108 1167 2543 1252 prodentibus

346 1274 464 1352 iis,
488 1275 732 1358 quibus
762 1274 986 1357 aliqua
1010 1273 1266 1337 honesti
1291 1291 1478 1350 cura,
1508 1276 1575 1335 et
1599 1271 2122 1335 familiaritatem
2155 1272 2302 1356 ejus
2329 1274 2543 1356 magis

347 1370 742 1460 aspernante
773 1372 1060 1452 Gaesare,
1101 1379 1363 1457 tempus
1411 1374 1696 1437 sermoni
1742 1378 1921 1437 orat:
1986 1377 2054 1436 et
2098 1379 2406 1458 acceptu,
2447 1375 2544 1440 ita

343 1478 628 1561 incipit:
675 1482 695 1511 ‘
727 1475 1327 1556 Quartusdecimus
1374 1494 1584 1539 annus
1625 1478 1751 1552 est,
1782 1473 2034 1552 Caesar,
2081 1494 2169 1538 ex
2216 1496 2353 1560 quo
2392 1478 2543 1562 spei

342 1578 500 1646 tuae¹
543 1580 851 1645 admotus
905 1599 1089 1645 sum:
1152 1584 1453 1657 octavuS,
1483 1583 1558 1642 ut
1585 1576 1948 1663 Imperium
1974 1576 2263 1642 obtines:
2307 1580 2543 1649 ,medio

342 1682 666 1767 temporis
694 1689 942 1748 tantum
969 1683 1287 1747 honorum
1315 1688 1512 1766 atque
1540 1700 1744 1767 opum
1789 1681 1859 1746 in
1902 1699 2010 1744 me
2057 1680 2427 1760 cumulasti,
2470 1686 2544 1747 ut

342 1786 512 1849 nihil
539 1785 837 1850 felicitati
864 1805 1033 1849 mese
1065 1782 1260 1863 desit,
1277 1785 1409 1848 nisi
1435 1784 1802 1848 moderatio
1829 1782 1997 1867 ejus,
2086 1780 2258 1846 Utar
2284 1770 2544 1865 magnis

342 1887 697 1970 exempIiS,
752 1904 876 1950 nec
926 1903 1096 1950 meae
1155 1885 1501 1962 fortunae‚³¹=¹
1556 1884 1675 1949 sed
1731 1889 1888 1950 tuae.
1998 1883 2299 1950 Abavus¹
2359 1888 2542 1963 tune,

342 1984 746 2075 AugustuS,¹²
776 1984 878 2049 M.
913 1984 1238 2070 Agrippae
1267 1986 1700 2071 Mitylenense
1728 1991 2050 2052 secretum
2072 1994 2120 2067 3⁰
2182 1984 2262 2050 C.
2294 1984 2544 2051 Maece-

339 2129 702 2193 voluptatibus
726 2129 947 2180 Caesaris
970 2135 1152 2192 aperte
1176 2127 1447 2190 insensum,
1469 2128 1765 2178 obtrectare
1798 2127 2087 2179 fortitudini
2107 2128 2261 2190 illius,
2281 2142 2400 2178 cum
2422 2143 2544 2194 qna-

340 2195 506 2259 drigis
546 2195 826 2256 insisteret,
861 2201 917 2244 et
947 2192 1166 2243 irridere
1205 2208 1383 2243 vocem
1418 2194 1642 2259 Neronis,
1679 2193 1880 2258 quoties
1920 2199 2173 2242 cantaret.
2238 2195 2353 2244 Quo
2377 2209 2540 2258 usque

342 2259 559 2309 tandem
598 2259 721 2308 nihil
759 2259 813 2307 in
850 2258 1066 2323 imperio
1103 2257 1303 2334 insigne
1338 2256 1472 2320 fore,
1507 2257 1644 2322 qnod
1666 2271 1770 2306 non
1810 2257 1876 2305 ab
1914 2257 2002 2306 illo
2040 2255 2260 2306 inveniri
2292 2260 2541 2320 putetur?

341 2325 506 2374 Certe
531 2324 751 2387 pueritia
774 2336 1038 2386 egressum
1062 2323 1366 2385 principem,
1396 2319 1455 2370 et
1486 2321 1598 2384 jam
1621 2319 1803 2369 florem
1826 2321 1997 2370 aetatis
2009 2321 2291 2384 attigisse:
2337 2336 2543 2372 amove·

342 2396 428 2438 ret
449 2389 532 2438 ille
554 2393 826 2449 rectorem,
850 2387 973 2436 satis
993 2385 1195 2434 eximiis
1218 2385 1475 2447 magistris
1497 2385 1749 2445 eruditus,
1770 2386 1881 2433 avis
1903 2385 2023 2435 suis.
2338 2396 2344 2405 ⁴

407 2454 481 2503 At
502 2453 678 2503 Seneca
709 2452 836 2501 houd
869 2452 1045 2502 inscius
1079 2450 1412 2514 wantiam,
1449 2449 1577 2499 talia
1610 2448 1927 2513 aperientibus
1961 2448 2426 2513 manantibusque
2459 2450 2541 2513 iis,

339 2518 510 2581 quibus
528 2519 717 2581 aliquod
734 2516 943 2567 studium
962 2516 1240 2576 honestatis,
1260 2520 1308 2567 et
1327 2514 1701 2565 consuetudinem
1729 2513 1829 2574 qius
1867 2514 2023 2576 magis
2054 2514 2207 2564 indies
2225 2520 2544 2565 contemnente

335 2583 574 2647 principe,
596 2587 784 2646 tempus
796 2582 1020 2644 colloquio
1037 2581 1242 2644 postulat
1259 2595 1281 2639 ,-
1322 2596 1411 2642 quo
1426 2581 1558 2641 doto,
1572 2579 1641 2627 sic
1662 2580 1879 2629 orditur.-
1929 2577 2541 2640 Quatnordecimabhinc
2577 2627 2584 2632 ,

342 2662 528 2709 annos,
549 2646 811 2711 princeps,
840 2646 1074 2710 juventae
1099 2651 1203 2694 tnae
1227 2644 1468 2708 regendae
1490 2642 1686 2693 accessi
1706 2659 1722 2704 3
1770 2650 1892 2694 octo
1913 2648 2040 2706 sumt,
2074 2659 2140 2691 ex
2162 2642 2346 2721 quibus
2365 2657 2541 2692 rerum

341 2712 530 2773 potiris
554 2728 587 2771 ;·
615 2717 724 2760 toto
746 2710 836 2759 'illo
859 2726 882 2759 s
923 2710 1026 2759 atio
1049 2710 1298 2773 temporis
1336 2716 1536 2759 tantum
1573 2708 1880 2772 dignitatum
1902 2723 2161 2773 opumque
2183 2722 2234 2757 ιιι
2258 2721 2341 2756 me
2364 2714 2546 2757 contu-
2641 2755 2644 2763 „

340 2776 473 2837 listi,
496 2782 553 2824 ut
576 2775 696 2824 nihil
718 2775 855 2824 desit
899 2781 1098 2824 ortnnoe
1120 2788 1268 2835 meae,
1289 2773 1387 2823 nisi
1408 2773 1693 2823 moderatio
1714 2772 1864 2822 illius.
1930 2770 2163 2822 Afferam
2196 2771 2415 2835 iusignia
2451 2786 2541 2821 ex-

341 2841 534 2905 empla,
558 2855 653 2889 nec
674 2840 796 2900 mei,
835 2839 931 2887 sed*
966 2838 1043 2888 tui
1075 2837 1285 2903 fastigii.
1349 2837 1551 2887 Atavus
1587 2845 1705 2902 tuns
1725 2836 1987 2901 Angustus
2009 2837 2266 2887 concessit
2283 2849 2544 2886 secessum

341 2905 746 2970 Mitylenensem
768 2905 847 2954 Μ.
870 2901 1143 2969 Agrippae,
1164 2909 1221 2954 et
1242 2904 1304 2953 C.
1328 2902 1619 2959 Maecenati
1647 2903 1701 2952 in
1740 2903 1855 2967 ipsa
1891 2902 2126 2966 civitate,
2159 2901 2308 2967 quasi
2343 2902 2546 2966 longin-

1269 3025 1560 3047 “ceum-e
1564 3026 1621 3047 ‘O

403 3118 439 3164 4
475 3113 682 3179 Lipsius
703 3115 902 3176 mallet,
923 3130 1093 3165 vocem.
1113 3141 1115 3143 ·

386 3184 437 3228 ¹1
475 3180 761 3244 Per-peram
783 3180 834 3228 in
857 3181 986 3230 Mss.
1010 3187 1066 3230 et
1089 3179 1349 3231 veteribus
1370 3179 1703 3242 editionibus,
1740 3184 1921 3231 dam.
1987 3178 2197 3229 Abavus
2219 3176 2356 3228 enim
2377 3177 2545 3229 Nero·

341 3243 426 3292 nis
461 3243 748 3307 Augustus,
770 3251 829 3294 ut
853 3250 1001 3307 patet
1022 3259 1089 3294 ex
1108 3245 1268 3294 Stem.
1289 3246 1424 3296 Caes.
1463 3260 1516 3294 n.
1536 3250 1617 3295 35.
1653 3252 1709 3294 et
1727 3248 1810 3294 43.
1874 3244 2098 3308 Ipseque
2118 3242 2335 3293 Tacitus
2358 3242 2543 3293 Annal.

341 3316 473 3358 xm.
495 3311 578 3357 34.
644 3307 936 3373 Augustum
958 3309 1181 3359 Neronis
1202 3309 1424 3358 abavum
1447 3310 1695 3373 appellat.
1745 3309 1960 3358 Brotier.
2042 3307 2331 3357 Gronovius
2349 3307 2543 3358 retinet

1339 3414 1553 3464 NOTAE

333 3517 339 3521 ·
406 3507 423 3541 ¹
454 3508 569 3573 Spei
589 3509 708 3573 ιω]
764 3511 934 3562 Quam
953 3510 1179 3560 habebas
1201 3508 1315 3573 ipse
1336 3508 1404 3558 de
1482 3510 1715 3571 Senecam
1748 3525 1936 3575 nempe
1952 3510 2211 3560 Maecenas
2232 3515 2291 3560 et
2305 3508 2544 3575 Agrippa

340 3590 419 3648 te,
451 3592 509 3634 et
541 3600 694 3652 quarn
731 3587 797 3637 de
835 3595 889 3637 te
923 3585 1190 3651 praebebas
1213 3585 1405 3648 amicis,
1484 3585 1714 3650 ejusdem
1740 3586 1894 3635 sortis
1917 3601 1979 3636 ac
2002 3585 2199 3635 Seneca
2218 3586 2254 3635 l.
2279 3599 2318 3637 1.
2339 3591 2389 3635 3.
2420 3587 2436 3613 ⁴
2462 3588 2556 3639 M:-

339 3663 672 3727 propinquis,
692 3670 748 3712 et
767 3663 1104 3727 Reipublicae.
1485 3659 1772 3727 Agrippam
1792 3662 2073 3725 ignobilem
2094 3663 2226 3725 loco,
2246 3662 2432 3712 bonum
2455 3663 2548 3713 mi-

408 3737 663 3801 Speitnae]
695 3738 827 3801 Spei,
842 3753 1029 3802 nempe
1049 3738 1254 3803 imperii
1278 3752 1407 3801 prae·
1485 3738 1602 3788 litis
1643 3745 1699 3787 et
1742 3739 1974 3788 victoriae
2014 3739 2224 3802 socium,
2273 3739 2546 3804 geminatis

341 3814 472 3864 cise.
539 3813 627 3862 Sic
663 3815 701 3863 l.
724 3828 826 3864 χιι.
857 3820 905 3865 8.
939 3816 955 3843 ‘
978 3815 1152 3878 thue
1188 3814 1410 3864 Domitii
1485 3814 1836 3864 consulatibus
1858 3814 2083 3865 extulit.'

340 3888 569 3954 pueritia
592 3891 685 3939 tali
720 3890 963 3955 magistro
991 3891 1332 3956 adolesceret,
1352 3896 1409 3940 et
1551 3898 1577 3926 ¹¹
1606 3891 1801 3942 Abacuc
1820 3897 1950 3956 tuus,
1966 3893 2234 3956 Augustus]
2253 3893 2421 3957 Vulgo
2443 3898 2547 3943 atas

341 3963 569 4014 consiliis
593 3965 826 4029 ejusdem
850 3967 915 4025 sd
939 3979 1085 4029 spem
1105 3966 1409 4017 dominatio·
1486 3982 1573 4017 ons
1585 3985 1606 4027 ,·
1642 3969 1795 4018 immo
1814 3970 2004 4019 abavus.
2069 3968 2287 4032 Lipsius.
2471 3981 2472 3988 ¹

268 4056 272 4060 ·
341 4038 424 4090 nis
446 4040 716 4090 uteretur.'
1550 4045 1756 4108 Aternus]
1820 4046 1978 4094 Forte
2006 4044 2197 4098 abavus.
2260 4042 2343 4092 Sic
2366 4048 2421 4091 et
2441 4039 2545 4091 Dio

409 4122 449 4149 ¹¹¹
479 4117 586 4166 Nec
615 4132 729 4166 m
751 4115 987 4178 sor-tane]
1050 4116 1300 4168 Attamen
1335 4116 1410 4168 afa
1484 4120 1577 4170 lib.
1603 4133 1709 4171 mu.
1741 4121 1757 4149 ‘
1784 4119 2073 4183 Agrippina
2093 4117 2392 4170 Germanici
2420 4117 2549 4181 filis,

343 4192 454 4245 fert
489 4194 641 4243 simul
678 4196 914 4258 exempla
945 4195 1211 4261 utriusque
1245 4194 1409 4247 fortu·
1488 4196 1736 4263 Agrippae
1756 4197 1946 4260 neptiS,
1968 4194 2187 4260 Augusti
2221 4194 2482 4258 abneptis,
2511 4207 2546 4243 a

344 4273 450 4325 nb.
512 4269 622 4321 Sed
658 4270 712 4319 id
749 4270 930 4328 honori
960 4272 1208 4338 principis
1228 4273 1413 4326 tribuit
1486 4272 1595 4323 filio
1612 4288 1708 4325 suo
1740 4273 1833 4323 cui·
1847 4285 2060 4337 regnum
2090 4270 2369 4331 detulerat,
2389 4270 2549 4319 inter·

509 4350 692 4415 Delph.
713 4357 760 4402 et
789 4352 910 4403 γαν.
930 4352 1060 4409 Chao.
1368 4355 1537 4407 Tacite
2280 4356 2311 4402 5
2334 4351 2385 4402 U
