<?xml version="1.0" encoding="UTF-8"?>
<!DOCTYPE html PUBLIC "-//W3C//DTD XHTML 1.0 Transitional//EN"
    "http://www.w3.org/TR/xhtml1/DTD/xhtml1-transitional.dtd">
<html xmlns="http://www.w3.org/1999/xhtml" xml:lang="en" lang="en">
 <head>
  <title>
</title>
<meta http-equiv="Content-Type" content="text/html;charset=utf-8" />
  <meta name='ocr-system' content='tesseract 3.04.00' />
  <meta name='ocr-capabilities' content='ocr_page ocr_carea ocr_par ocr_line ocrx_word'/>
</head>
<body>
  <div class='ocr_page' id='page_1' title='image "./operaomniavolum00tacigoog/operaomniavolum00tacigoog_0606.png"; bbox 0 0 3063 4952; ppageno 0'>
   <div class='ocr_carea' id='block_1_1' title="bbox 573 427 752 499">
    <p class='ocr_par' dir='ltr' id='par_1_1' title="bbox 573 427 752 499">
     <span class='ocr_line' id='line_1_1' title="bbox 573 427 752 499; baseline -0.006 -1"><span class='ocrx_word' id='word_1_1' title='bbox 573 427 752 499; x_wconf 78' lang='lat'>1974</span> 
     </span>
    </p>
   </div>
   <div class='ocr_carea' id='block_1_2' title="bbox 575 586 2776 1091">
    <p class='ocr_par' dir='ltr' id='par_1_2' title="bbox 575 586 2776 1091">
     <span class='ocr_line' id='line_1_2' title="bbox 575 586 2773 677; baseline -0.002 -17"><span class='ocrx_word' id='word_1_2' title='bbox 575 609 722 660; x_wconf 82' lang='lat' dir='ltr'>mos</span> <span class='ocrx_word' id='word_1_3' title='bbox 778 595 904 671; x_wconf 81' lang='lat' dir='ltr'>est,</span> <span class='ocrx_word' id='word_1_4' title='bbox 946 589 1208 675; x_wconf 83' lang='lat' dir='ltr'>reperti.</span> <span class='ocrx_word' id='word_1_5' title='bbox 1300 587 1389 652; x_wconf 88' lang='lat' dir='ltr'>Et</span> <span class='ocrx_word' id='word_1_6' title='bbox 1435 589 1506 653; x_wconf 90' lang='lat' dir='ltr'>in</span> <span class='ocrx_word' id='word_1_7' title='bbox 1558 608 1718 672; x_wconf 83' lang='lat' dir='ltr'>agro</span> <span class='ocrx_word' id='word_1_8' title='bbox 1769 586 2220 669; x_wconf 77' lang='lat' dir='ltr'>Placentino‚¹‘</span> <span class='ocrx_word' id='word_1_9' title='bbox 2269 590 2448 656; x_wconf 84' lang='lat' dir='ltr'>viam</span> <span class='ocrx_word' id='word_1_10' title='bbox 2497 596 2773 677; x_wconf 84' lang='lat' dir='ltr'>propter,</span> 
     </span>
     <span class='ocr_line' id='line_1_3' title="bbox 575 694 2774 779; baseline -0.003 -17"><span class='ocrx_word' id='word_1_11' title='bbox 575 703 774 762; x_wconf 83' lang='lat' dir='ltr'>natus</span> <span class='ocrx_word' id='word_1_12' title='bbox 803 697 1075 772; x_wconf 80' lang='lat' dir='ltr'>vituluS‚</span> <span class='ocrx_word' id='word_1_13' title='bbox 1108 694 1219 758; x_wconf 91' lang='lat' dir='ltr'>cui</span> <span class='ocrx_word' id='word_1_14' title='bbox 1248 700 1456 777; x_wconf 85' lang='lat' dir='ltr'>caput</span> <span class='ocrx_word' id='word_1_15' title='bbox 1482 694 1553 757; x_wconf 91' lang='lat' dir='ltr'>in</span> <span class='ocrx_word' id='word_1_16' title='bbox 1580 712 1771 757; x_wconf 87' lang='lat' dir='ltr'>crure</span> <span class='ocrx_word' id='word_1_17' title='bbox 1799 699 1999 759; x_wconf 89' lang='lat' dir='ltr'>esset.</span> <span class='ocrx_word' id='word_1_18' title='bbox 2089 695 2495 779; x_wconf 85' lang='lat' dir='ltr'>Secutaque²</span> <span class='ocrx_word' id='word_1_19' title='bbox 2528 694 2774 758; x_wconf 80' lang='lat' dir='ltr'>Harus-</span> 
     </span>
     <span class='ocr_line' id='line_1_4' title="bbox 576 798 2775 886; baseline -0.002 -20"><span class='ocrx_word' id='word_1_20' title='bbox 576 802 810 886; x_wconf 85' lang='lat' dir='ltr'><strong>picum</strong></span> <span class='ocrx_word' id='word_1_21' title='bbox 837 798 1327 883; x_wconf 81' lang='lat' dir='ltr'>interpretatio:</span> <span class='ocrx_word' id='word_1_22' title='bbox 1374 803 1395 832; x_wconf 89' lang='lat'>‘</span> <span class='ocrx_word' id='word_1_23' title='bbox 1426 798 1653 883; x_wconf 82' lang='lat' dir='ltr'>parari</span> <span class='ocrx_word' id='word_1_24' title='bbox 1704 818 1920 862; x_wconf 88' lang='lat' dir='ltr'>rerum</span> <span class='ocrx_word' id='word_1_25' title='bbox 1965 799 2404 863; x_wconf 86' lang='lat' dir='ltr'>humanarum</span> <span class='ocrx_word' id='word_1_26' title='bbox 2452 798 2632 864; x_wconf 84' lang='lat' dir='ltr'>aliud</span> <span class='ocrx_word' id='word_1_27' title='bbox 2674 816 2775 861; x_wconf 86' lang='lat' dir='ltr'>ca-</span> 
     </span>
     <span class='ocr_line' id='line_1_5' title="bbox 576 897 2776 990; baseline -0.003 -21"><span class='ocrx_word' id='word_1_28' title='bbox 576 909 748 990; x_wconf 85' lang='lat' dir='ltr'>put:</span> <span class='ocrx_word' id='word_1_29' title='bbox 816 903 933 968; x_wconf 86' lang='lat' dir='ltr'>sed</span> <span class='ocrx_word' id='word_1_30' title='bbox 998 921 1134 965; x_wconf 90' lang='lat' dir='ltr'>non</span> <span class='ocrx_word' id='word_1_31' title='bbox 1190 899 1330 966; x_wconf 84' lang='lat' dir='ltr'>fore</span> <span class='ocrx_word' id='word_1_32' title='bbox 1381 897 1723 979; x_wconf 78' lang='lat' dir='ltr'>validum,¹</span> <span class='ocrx_word' id='word_1_33' title='bbox 1796 921 2013 985; x_wconf 91' lang='lat' dir='ltr'>neque</span> <span class='ocrx_word' id='word_1_34' title='bbox 2077 904 2448 967; x_wconf 85' lang='lat' dir='ltr'>occultum:</span> <span class='ocrx_word' id='word_1_35' title='bbox 2515 901 2672 986; x_wconf 85' lang='lat' dir='ltr'>quia</span> <span class='ocrx_word' id='word_1_36' title='bbox 2716 901 2776 963; x_wconf 92' lang='lat' dir='ltr'>in</span> 
     </span>
     <span class='ocr_line' id='line_1_6' title="bbox 578 1004 2165 1091; baseline -0.003 -16"><span class='ocrx_word' id='word_1_37' title='bbox 578 1012 766 1075; x_wconf 89' lang='lat' dir='ltr'>utero</span> <span class='ocrx_word' id='word_1_38' title='bbox 796 1024 1194 1091; x_wconf 87' lang='lat' dir='ltr'>repressum,</span> <span class='ocrx_word' id='word_1_39' title='bbox 1224 1010 1360 1071; x_wconf 81' lang='lat' dir='ltr'>aut³</span> <span class='ocrx_word' id='word_1_40' title='bbox 1393 1005 1515 1070; x_wconf 87' lang='lat' dir='ltr'>iter</span> <span class='ocrx_word' id='word_1_41' title='bbox 1533 1004 1734 1090; x_wconf 77' lang='lat' dir='ltr'>juxta</span> <span class='ocrx_word' id='word_1_42' title='bbox 1762 1005 2013 1071; x_wconf 82' lang='lat' dir='ltr'>editum</span> <span class='ocrx_word' id='word_1_43' title='bbox 2035 1006 2165 1071; x_wconf 68' lang='lat' dir='ltr'>sit!</span> 
     </span>
    </p>
   </div>
   <div class='ocr_carea' id='block_1_3' title="bbox 1230 436 2772 514">
    <p class='ocr_par' dir='ltr' id='par_1_3' title="bbox 1230 436 2772 514">
     <span class='ocr_line' id='line_1_7' title="bbox 1230 436 2772 514; baseline 0.007 -24"><span class='ocrx_word' id='word_1_44' title='bbox 1230 440 1294 491; x_wconf 75' lang='grc' dir='ltr'>Ο.</span> <span class='ocrx_word' id='word_1_45' title='bbox 1339 436 1705 489; x_wconf 74' lang='lat' dir='ltr'>CORNELII</span> <span class='ocrx_word' id='word_1_46' title='bbox 1751 437 2008 490; x_wconf 65' lang='lat' dir='ltr'>‘raom</span> <span class='ocrx_word' id='word_1_47' title='bbox 2159 443 2252 513; x_wconf 79' lang='lat' dir='ltr'>[A.</span> <span class='ocrx_word' id='word_1_48' title='bbox 2275 447 2343 498; x_wconf 88' lang='lat' dir='ltr'>U.</span> <span class='ocrx_word' id='word_1_49' title='bbox 2367 451 2479 499; x_wconf 83' lang='lat'>818.</span> <span class='ocrx_word' id='word_1_50' title='bbox 2522 447 2575 501; x_wconf 83' lang='lat' dir='ltr'>J.</span> <span class='ocrx_word' id='word_1_51' title='bbox 2592 448 2653 500; x_wconf 82' lang='lat' dir='ltr'>C.</span> <span class='ocrx_word' id='word_1_52' title='bbox 2673 448 2772 514; x_wconf 69' lang='lat'>⁶⁵]</span> 
     </span>
    </p>
   </div>
   <div class='ocr_carea' id='block_1_4' title="bbox 577 1204 2809 1531">
    <p class='ocr_par' dir='ltr' id='par_1_4' title="bbox 579 1204 2779 1274">
     <span class='ocr_line' id='line_1_8' title="bbox 579 1204 2779 1274; baseline -0.001 -18"><span class='ocrx_word' id='word_1_53' title='bbox 579 1213 662 1257; x_wconf 75' lang='lat' dir='ltr'>aue</span> <span class='ocrx_word' id='word_1_54' title='bbox 684 1207 863 1257; x_wconf 79' lang='lat' dir='ltr'>inventi</span> <span class='ocrx_word' id='word_1_55' title='bbox 885 1208 936 1256; x_wconf 82' lang='lat' dir='ltr'>in</span> <span class='ocrx_word' id='word_1_56' title='bbox 957 1208 1224 1274; x_wconf 68' lang='lat' dir='ltr'>sacrificiis,</span> <span class='ocrx_word' id='word_1_57' title='bbox 1261 1209 1426 1272; x_wconf 71' lang='lat' dir='ltr'>quibus</span> <span class='ocrx_word' id='word_1_58' title='bbox 1454 1215 1761 1273; x_wconf 74' lang='lat' dir='ltr'>proegnnntes</span> <span class='ocrx_word' id='word_1_59' title='bbox 1790 1209 2011 1259; x_wconf 74' lang='lat' dir='ltr'>victimas</span> <span class='ocrx_word' id='word_1_60' title='bbox 2030 1210 2229 1258; x_wconf 77' lang='lat' dir='ltr'>mactari</span> <span class='ocrx_word' id='word_1_61' title='bbox 2253 1208 2339 1268; x_wconf 71' lang='lat' dir='ltr'>fas</span> <span class='ocrx_word' id='word_1_62' title='bbox 2368 1207 2584 1258; x_wconf 71' lang='lat' dir='ltr'>habetur.</span> <span class='ocrx_word' id='word_1_63' title='bbox 2654 1206 2714 1255; x_wconf 77' lang='lat' dir='ltr'>Ee</span> <span class='ocrx_word' id='word_1_64' title='bbox 2732 1204 2779 1253; x_wconf 77' lang='lat' dir='ltr'>in</span> 
     </span>
    </p>

    <p class='ocr_par' dir='ltr' id='par_1_5' title="bbox 577 1272 2778 1340">
     <span class='ocr_line' id='line_1_9' title="bbox 577 1272 2778 1340; baseline -0.001 -19"><span class='ocrx_word' id='word_1_65' title='bbox 577 1272 773 1334; x_wconf 79' lang='lat' dir='ltr'><strong><em>regione</em></strong></span> <span class='ocrx_word' id='word_1_66' title='bbox 793 1273 1248 1335; x_wconf 78' lang='lat' dir='ltr'>Placentina,juxta</span> <span class='ocrx_word' id='word_1_67' title='bbox 1270 1277 1382 1338; x_wconf 75' lang='lat' dir='ltr'>iter,</span> <span class='ocrx_word' id='word_1_68' title='bbox 1403 1276 1558 1325; x_wconf 68' lang='lat' dir='ltr'>editus</span> <span class='ocrx_word' id='word_1_69' title='bbox 1579 1285 1659 1325; x_wconf 82' lang='lat' dir='ltr'>est</span> <span class='ocrx_word' id='word_1_70' title='bbox 1681 1277 1875 1336; x_wconf 66' lang='lat' dir='ltr'>vitulu,</span> <span class='ocrx_word' id='word_1_71' title='bbox 1889 1276 1970 1340; x_wconf 77' lang='lat' dir='ltr'>qui</span> <span class='ocrx_word' id='word_1_72' title='bbox 1987 1282 2126 1338; x_wconf 77' lang='lat' dir='ltr'>caput</span> <span class='ocrx_word' id='word_1_73' title='bbox 2146 1277 2197 1324; x_wconf 79' lang='lat' dir='ltr'>in</span> <span class='ocrx_word' id='word_1_74' title='bbox 2206 1275 2389 1334; x_wconf 82' lang='lat' dir='ltr'>femore</span> <span class='ocrx_word' id='word_1_75' title='bbox 2404 1274 2616 1322; x_wconf 74' lang='lat' dir='ltr'>haberet.</span> <span class='ocrx_word' id='word_1_76' title='bbox 2661 1273 2778 1322; x_wconf 81' lang='lat' dir='ltr'>Qnae</span> 
     </span>
    </p>

    <p class='ocr_par' dir='ltr' id='par_1_6' title="bbox 579 1337 2782 1404">
     <span class='ocr_line' id='line_1_10' title="bbox 579 1337 2782 1404; baseline -0.002 -18"><span class='ocrx_word' id='word_1_77' title='bbox 579 1352 690 1386; x_wconf 79' lang='lat' dir='ltr'>moa:</span> <span class='ocrx_word' id='word_1_78' title='bbox 725 1338 798 1388; x_wconf 84' lang='lat' dir='ltr'>sic</span> <span class='ocrx_word' id='word_1_79' title='bbox 820 1338 1130 1402; x_wconf 76' lang='lat' dir='ltr'>interpretati</span> <span class='ocrx_word' id='word_1_80' title='bbox 1158 1344 1269 1388; x_wconf 75' lang='lat' dir='ltr'>sunt</span> <span class='ocrx_word' id='word_1_81' title='bbox 1301 1341 1603 1404; x_wconf 76' lang='lat' dir='ltr'>haruspices.-</span> <span class='ocrx_word' id='word_1_82' title='bbox 1639 1341 1881 1390; x_wconf 81' lang='lat' dir='ltr'>destinari</span> <span class='ocrx_word' id='word_1_83' title='bbox 1923 1341 2064 1390; x_wconf 87' lang='lat' dir='ltr'>aliud</span> <span class='ocrx_word' id='word_1_84' title='bbox 2093 1347 2264 1404; x_wconf 83' lang='lat' dir='ltr'>-caput</span> <span class='ocrx_word' id='word_1_85' title='bbox 2303 1339 2530 1402; x_wconf 84' lang='lat' dir='ltr'>Reipub.</span> <span class='ocrx_word' id='word_1_86' title='bbox 2569 1337 2658 1385; x_wconf 88' lang='lat' dir='ltr'>sed</span> <span class='ocrx_word' id='word_1_87' title='bbox 2693 1350 2782 1383; x_wconf 90' lang='lat' dir='ltr'>non</span> 
     </span>
    </p>

    <p class='ocr_par' dir='ltr' id='par_1_7' title="bbox 578 1401 2809 1531">
     <span class='ocr_line' id='line_1_11' title="bbox 578 1401 2809 1474; baseline 0 -24"><span class='ocrx_word' id='word_1_88' title='bbox 578 1401 693 1451; x_wconf 85' lang='lat' dir='ltr'>fore</span> <span class='ocrx_word' id='word_1_89' title='bbox 715 1401 934 1466; x_wconf 84' lang='lat' dir='ltr'>firmum,</span> <span class='ocrx_word' id='word_1_90' title='bbox 956 1418 1126 1469; x_wconf 87' lang='lat' dir='ltr'>neque</span> <span class='ocrx_word' id='word_1_91' title='bbox 1149 1412 1446 1468; x_wconf 80' lang='lat' dir='ltr'>secretum3</span> <span class='ocrx_word' id='word_1_92' title='bbox 1479 1406 1604 1471; x_wconf 88' lang='lat' dir='ltr'>quia</span> <span class='ocrx_word' id='word_1_93' title='bbox 1634 1407 1690 1456; x_wconf 88' lang='lat' dir='ltr'>in</span> <span class='ocrx_word' id='word_1_94' title='bbox 1723 1414 1901 1456; x_wconf 89' lang='lat' dir='ltr'>ventre</span> <span class='ocrx_word' id='word_1_95' title='bbox 1937 1405 2239 1469; x_wconf 85' lang='lat' dir='ltr'>cohibitum,</span> <span class='ocrx_word' id='word_1_96' title='bbox 2276 1412 2366 1454; x_wconf 89' lang='lat' dir='ltr'>aut</span> <span class='ocrx_word' id='word_1_97' title='bbox 2407 1408 2628 1469; x_wconf 79' lang='lat' dir='ltr'>propter</span> <span class='ocrx_word' id='word_1_98' title='bbox 2662 1402 2809 1474; x_wconf 16' lang='lat' dir='ltr'>viam*</span> 
     </span>
     <span class='ocr_line' id='line_1_12' title="bbox 581 1469 923 1531; baseline 0 -13"><span class='ocrx_word' id='word_1_99' title='bbox 581 1469 814 1531; x_wconf 83' lang='lat' dir='ltr'>genitum</span> <span class='ocrx_word' id='word_1_100' title='bbox 838 1469 923 1518; x_wconf 85' lang='lat' dir='ltr'>sit.</span> 
     </span>
    </p>
   </div>
   <div class='ocr_carea' id='block_1_5' title="bbox 1505 1586 1862 1608">
    <p class='ocr_par' dir='ltr' id='par_1_8' title="bbox 1505 1586 1862 1608">
     <span class='ocr_line' id='line_1_13' title="bbox 1505 1586 1862 1608; baseline -0.003 0"><span class='ocrx_word' id='word_1_101' title='bbox 1505 1586 1862 1608; x_wconf 59' lang='lat' dir='ltr'>OOOOOOOOOOOO</span> 
     </span>
    </p>
   </div>
   <div class='ocr_carea' id='block_1_6' title="bbox 575 1691 2791 2802">
    <p class='ocr_par' dir='ltr' id='par_1_9' title="bbox 575 1691 2791 2787">
     <span class='ocr_line' id='line_1_14' title="bbox 644 1691 2788 1757; baseline -0 -18"><span class='ocrx_word' id='word_1_102' title='bbox 644 1694 676 1738; x_wconf 81' lang='lat'><strong>2</strong></span> <span class='ocrx_word' id='word_1_103' title='bbox 742 1691 845 1746; x_wconf 79' lang='lat' dir='ltr'>Que</span> <span class='ocrx_word' id='word_1_104' title='bbox 900 1691 1048 1741; x_wconf 79' lang='lat' dir='ltr'>abest</span> <span class='ocrx_word' id='word_1_105' title='bbox 1100 1707 1130 1741; x_wconf 89' lang='lat' dir='ltr'>a</span> <span class='ocrx_word' id='word_1_106' title='bbox 1169 1692 1272 1743; x_wconf 72' lang='lat' dir='ltr'>Ma.</span> <span class='ocrx_word' id='word_1_107' title='bbox 1328 1694 1577 1743; x_wconf 77' lang='lat' dir='ltr'>Harl.—-—3</span> <span class='ocrx_word' id='word_1_108' title='bbox 1636 1695 1765 1750; x_wconf 81' lang='lat' dir='ltr'>Quia</span> <span class='ocrx_word' id='word_1_109' title='bbox 1818 1709 1908 1743; x_wconf 78' lang='lat' dir='ltr'>non</span> <span class='ocrx_word' id='word_1_110' title='bbox 1964 1695 2017 1745; x_wconf 81' lang='lat' dir='ltr'>in</span> <span class='ocrx_word' id='word_1_111' title='bbox 2071 1699 2205 1743; x_wconf 78' lang='lat' dir='ltr'>utero</span> <span class='ocrx_word' id='word_1_112' title='bbox 2258 1707 2543 1757; x_wconf 78' lang='lat' dir='ltr'>repressum,</span> <span class='ocrx_word' id='word_1_113' title='bbox 2586 1694 2658 1752; x_wconf 81' lang='lat' dir='ltr'>at,</span> <span class='ocrx_word' id='word_1_114' title='bbox 2698 1692 2788 1739; x_wconf 73' lang='grc' dir='ltr'>διο.</span> 
     </span>
     <span class='ocr_line' id='line_1_15' title="bbox 579 1754 2785 1824; baseline -0.001 -19"><span class='ocrx_word' id='word_1_115' title='bbox 579 1754 669 1805; x_wconf 79' lang='lat' dir='ltr'>sie</span> <span class='ocrx_word' id='word_1_116' title='bbox 709 1756 874 1806; x_wconf 86' lang='lat' dir='ltr'>edidit</span> <span class='ocrx_word' id='word_1_117' title='bbox 916 1757 1208 1824; x_wconf 81' lang='lat' dir='ltr'>Brotierus,</span> <span class='ocrx_word' id='word_1_118' title='bbox 1265 1765 1320 1807; x_wconf 89' lang='lat' dir='ltr'>et</span> <span class='ocrx_word' id='word_1_119' title='bbox 1374 1759 1447 1807; x_wconf 90' lang='lat' dir='ltr'>sic</span> <span class='ocrx_word' id='word_1_120' title='bbox 1482 1759 1758 1808; x_wconf 88' lang='lat' dir='ltr'>lectionem</span> <span class='ocrx_word' id='word_1_121' title='bbox 1814 1775 1956 1809; x_wconf 87' lang='lat' dir='ltr'>suam</span> <span class='ocrx_word' id='word_1_122' title='bbox 2013 1759 2281 1809; x_wconf 83' lang='lat' dir='ltr'>defendit:</span> <span class='ocrx_word' id='word_1_123' title='bbox 2350 1761 2366 1785; x_wconf 93' lang='lat'>‘</span> <span class='ocrx_word' id='word_1_124' title='bbox 2397 1758 2686 1820; x_wconf 84' lang='lat' dir='ltr'>Perperam</span> <span class='ocrx_word' id='word_1_125' title='bbox 2739 1755 2785 1803; x_wconf 89' lang='lat' dir='ltr'>in</span> 
     </span>
     <span class='ocr_line' id='line_1_16' title="bbox 579 1821 2786 1890; baseline 0 -22"><span class='ocrx_word' id='word_1_126' title='bbox 579 1821 789 1886; x_wconf 84' lang='lat' dir='ltr'>seriptis</span> <span class='ocrx_word' id='word_1_127' title='bbox 843 1829 897 1871; x_wconf 91' lang='lat' dir='ltr'>et</span> <span class='ocrx_word' id='word_1_128' title='bbox 953 1821 1107 1871; x_wconf 88' lang='lat' dir='ltr'>editis</span> <span class='ocrx_word' id='word_1_129' title='bbox 1162 1823 1327 1885; x_wconf 87' lang='lat' dir='ltr'>libris,</span> <span class='ocrx_word' id='word_1_130' title='bbox 1384 1825 1496 1888; x_wconf 78' lang='lat' dir='ltr'>quia</span> <span class='ocrx_word' id='word_1_131' title='bbox 1551 1826 1602 1873; x_wconf 78' lang='lat' dir='ltr'>in</span> <span class='ocrx_word' id='word_1_132' title='bbox 1656 1831 1789 1873; x_wconf 80' lang='lat' dir='ltr'>utero</span> <span class='ocrx_word' id='word_1_133' title='bbox 1833 1840 2113 1890; x_wconf 75' lang='lat' dir='ltr'>repressum,</span> <span class='ocrx_word' id='word_1_134' title='bbox 2159 1830 2245 1874; x_wconf 75' lang='lat' dir='ltr'>aut</span> <span class='ocrx_word' id='word_1_135' title='bbox 2283 1825 2379 1872; x_wconf 81' lang='lat' dir='ltr'>iter</span> <span class='ocrx_word' id='word_1_136' title='bbox 2420 1822 2579 1881; x_wconf 75' lang='lat' dir='ltr'>juxta</span> <span class='ocrx_word' id='word_1_137' title='bbox 2622 1822 2786 1870; x_wconf 75' lang='lat' dir='ltr'>editum</span> 
     </span>
     <span class='ocr_line' id='line_1_17' title="bbox 575 1885 2788 1955; baseline -0 -21"><span class='ocrx_word' id='word_1_138' title='bbox 575 1885 661 1934; x_wconf 71' lang='lat' dir='ltr'>sie.</span> <span class='ocrx_word' id='word_1_139' title='bbox 729 1887 841 1950; x_wconf 82' lang='lat' dir='ltr'>Ego</span> <span class='ocrx_word' id='word_1_140' title='bbox 866 1887 1003 1936; x_wconf 88' lang='lat' dir='ltr'>ultro</span> <span class='ocrx_word' id='word_1_141' title='bbox 1028 1902 1137 1936; x_wconf 86' lang='lat' dir='ltr'>snm</span> <span class='ocrx_word' id='word_1_142' title='bbox 1161 1895 1370 1937; x_wconf 77' lang='lat' dir='ltr'>secutus</span> <span class='ocrx_word' id='word_1_143' title='bbox 1405 1890 1603 1938; x_wconf 85' lang='lat' dir='ltr'>Mureti</span> <span class='ocrx_word' id='word_1_144' title='bbox 1639 1890 2073 1953; x_wconf 84' lang='lat' dir='ltr'>emendationem,</span> <span class='ocrx_word' id='word_1_145' title='bbox 2097 1905 2248 1955; x_wconf 81' lang='lat' dir='ltr'>quain</span> <span class='ocrx_word' id='word_1_146' title='bbox 2286 1890 2459 1952; x_wconf 86' lang='lat' dir='ltr'>reperi</span> <span class='ocrx_word' id='word_1_147' title='bbox 2504 1889 2559 1935; x_wconf 91' lang='lat' dir='ltr'>in</span> <span class='ocrx_word' id='word_1_148' title='bbox 2592 1886 2788 1935; x_wconf 84' lang='lat' dir='ltr'>Beroal-</span> 
     </span>
     <span class='ocr_line' id='line_1_18' title="bbox 576 1950 2789 2018; baseline 0 -20"><span class='ocrx_word' id='word_1_149' title='bbox 576 1951 699 1999; x_wconf 86' lang='lat' dir='ltr'>dino</span> <span class='ocrx_word' id='word_1_150' title='bbox 719 1950 886 2001; x_wconf 83' lang='lat' dir='ltr'>Taciti</span> <span class='ocrx_word' id='word_1_151' title='bbox 913 1953 1217 2015; x_wconf 84' lang='lat' dir='ltr'>exemplari,</span> <span class='ocrx_word' id='word_1_152' title='bbox 1239 1954 1379 2018; x_wconf 89' lang='lat' dir='ltr'>quod</span> <span class='ocrx_word' id='word_1_153' title='bbox 1412 1960 1561 2004; x_wconf 82' lang='lat' dir='ltr'>extat</span> <span class='ocrx_word' id='word_1_154' title='bbox 1583 1956 1762 2005; x_wconf 80' lang='lat' dir='ltr'>Romae</span> <span class='ocrx_word' id='word_1_155' title='bbox 1787 1957 1838 2004; x_wconf 91' lang='lat' dir='ltr'>in</span> <span class='ocrx_word' id='word_1_156' title='bbox 1863 1956 2189 2006; x_wconf 76' lang='lat' dir='ltr'>Bibliotheca</span> <span class='ocrx_word' id='word_1_157' title='bbox 2213 1954 2430 2016; x_wconf 83' lang='lat' dir='ltr'>Collegii</span> <span class='ocrx_word' id='word_1_158' title='bbox 2458 1952 2682 2002; x_wconf 90' lang='lat' dir='ltr'>Romani</span> <span class='ocrx_word' id='word_1_159' title='bbox 2710 1952 2789 2001; x_wconf 89' lang='lat' dir='ltr'>So-</span> 
     </span>
     <span class='ocr_line' id='line_1_19' title="bbox 580 2015 2791 2079; baseline 0 -16"><span class='ocrx_word' id='word_1_160' title='bbox 580 2015 790 2065; x_wconf 87' lang='lat' dir='ltr'>cietatis</span> <span class='ocrx_word' id='word_1_161' title='bbox 810 2016 958 2079; x_wconf 83' lang='lat' dir='ltr'>Jesu,</span> <span class='ocrx_word' id='word_1_162' title='bbox 981 2032 1138 2066; x_wconf 89' lang='lat' dir='ltr'>manu</span> <span class='ocrx_word' id='word_1_163' title='bbox 1161 2021 1356 2068; x_wconf 88' lang='lat' dir='ltr'>Mureti</span> <span class='ocrx_word' id='word_1_164' title='bbox 1381 2020 1732 2070; x_wconf 87' lang='lat' dir='ltr'>emendatum.</span> <span class='ocrx_word' id='word_1_165' title='bbox 1798 2023 1925 2070; x_wconf 87' lang='lat' dir='ltr'>Tam</span> <span class='ocrx_word' id='word_1_166' title='bbox 1948 2030 2093 2070; x_wconf 87' lang='lat' dir='ltr'>certa</span> <span class='ocrx_word' id='word_1_167' title='bbox 2123 2022 2245 2069; x_wconf 84' lang='lat' dir='ltr'>mihi</span> <span class='ocrx_word' id='word_1_168' title='bbox 2269 2020 2477 2068; x_wconf 82' lang='lat' dir='ltr'>videtur</span> <span class='ocrx_word' id='word_1_169' title='bbox 2498 2020 2611 2066; x_wconf 83' lang='lat' dir='ltr'>haec</span> <span class='ocrx_word' id='word_1_170' title='bbox 2634 2031 2791 2065; x_wconf 88' lang='lat' dir='ltr'>emen·</span> 
     </span>
     <span class='ocr_line' id='line_1_20' title="bbox 579 2079 2790 2156; baseline 0 -28"><span class='ocrx_word' id='word_1_171' title='bbox 579 2079 744 2143; x_wconf 87' lang='lat' dir='ltr'>datio,</span> <span class='ocrx_word' id='word_1_172' title='bbox 770 2087 828 2130; x_wconf 91' lang='lat' dir='ltr'>ut</span> <span class='ocrx_word' id='word_1_173' title='bbox 864 2082 930 2131; x_wconf 90' lang='lat' dir='ltr'>de</span> <span class='ocrx_word' id='word_1_174' title='bbox 964 2097 1029 2131; x_wconf 86' lang='lat' dir='ltr'>ea</span> <span class='ocrx_word' id='word_1_175' title='bbox 1063 2084 1205 2132; x_wconf 86' lang='lat' dir='ltr'>nulla</span> <span class='ocrx_word' id='word_1_176' title='bbox 1244 2085 1364 2134; x_wconf 76' lang='lat' dir='ltr'>oriri</span> <span class='ocrx_word' id='word_1_177' title='bbox 1406 2085 1569 2149; x_wconf 82' lang='lat' dir='ltr'>possit</span> <span class='ocrx_word' id='word_1_178' title='bbox 1611 2086 1892 2135; x_wconf 80' lang='lat' dir='ltr'>dubitatio.</span> <span class='ocrx_word' id='word_1_179' title='bbox 1959 2087 2155 2136; x_wconf 87' lang='lat' dir='ltr'>Illustr.</span> <span class='ocrx_word' id='word_1_180' title='bbox 2184 2086 2426 2147; x_wconf 83' lang='lat' dir='ltr'>Huetius,</span> <span class='ocrx_word' id='word_1_181' title='bbox 2451 2085 2543 2148; x_wconf 90' lang='lat' dir='ltr'>qui</span> <span class='ocrx_word' id='word_1_182' title='bbox 2568 2099 2678 2131; x_wconf 87' lang='lat' dir='ltr'>eam</span> <span class='ocrx_word' id='word_1_183' title='bbox 2701 2095 2790 2156; x_wconf 71' lang='lat' dir='ltr'>non</span> 
     </span>
     <span class='ocr_line' id='line_1_21' title="bbox 579 2147 2790 2214; baseline 0 -20"><span class='ocrx_word' id='word_1_184' title='bbox 579 2152 818 2209; x_wconf 82' lang='lat' dir='ltr'>noverat,</span> <span class='ocrx_word' id='word_1_185' title='bbox 853 2149 1151 2212; x_wconf 87' lang='lat' dir='ltr'>corrigebat</span> <span class='ocrx_word' id='word_1_186' title='bbox 1189 2155 1236 2197; x_wconf 83' lang='lat' dir='ltr'>et</span> <span class='ocrx_word' id='word_1_187' title='bbox 1275 2151 1371 2198; x_wconf 80' lang='lat' dir='ltr'>iter</span> <span class='ocrx_word' id='word_1_188' title='bbox 1392 2165 1489 2214; x_wconf 85' lang='lat' dir='ltr'>pro</span> <span class='ocrx_word' id='word_1_189' title='bbox 1512 2155 1594 2199; x_wconf 81' lang='lat' dir='ltr'>aut</span> <span class='ocrx_word' id='word_1_190' title='bbox 1627 2151 1757 2200; x_wconf 63' lang='lat' dir='ltr'>iter!</span> <span class='ocrx_word' id='word_1_191' title='bbox 1823 2152 1898 2202; x_wconf 86' lang='lat' dir='ltr'>At</span> <span class='ocrx_word' id='word_1_192' title='bbox 1922 2153 2043 2201; x_wconf 87' lang='lat' dir='ltr'>audi</span> <span class='ocrx_word' id='word_1_193' title='bbox 2066 2153 2281 2201; x_wconf 87' lang='lat' dir='ltr'>alteram</span> <span class='ocrx_word' id='word_1_194' title='bbox 2306 2158 2534 2214; x_wconf 84' lang='lat' dir='ltr'>partem.</span> <span class='ocrx_word' id='word_1_195' title='bbox 2605 2147 2790 2204; x_wconf 76' lang='lat' dir='ltr'>Quium</span> 
     </span>
     <span class='ocr_line' id='line_1_22' title="bbox 579 2214 2788 2280; baseline 0 -21"><span class='ocrx_word' id='word_1_196' title='bbox 579 2217 714 2260; x_wconf 83' lang='lat' dir='ltr'>utero</span> <span class='ocrx_word' id='word_1_197' title='bbox 736 2227 1013 2276; x_wconf 82' lang='lat' dir='ltr'>repressum.</span> <span class='ocrx_word' id='word_1_198' title='bbox 1081 2214 1355 2278; x_wconf 88' lang='lat' dir='ltr'>Intellige:</span> <span class='ocrx_word' id='word_1_199' title='bbox 1393 2215 1513 2280; x_wconf 85' lang='lat' dir='ltr'>quia</span> <span class='ocrx_word' id='word_1_200' title='bbox 1536 2224 1693 2280; x_wconf 87' lang='lat' dir='ltr'>caput</span> <span class='ocrx_word' id='word_1_201' title='bbox 1707 2216 1821 2280; x_wconf 90' lang='lat' dir='ltr'>jam</span> <span class='ocrx_word' id='word_1_202' title='bbox 1843 2218 1895 2266; x_wconf 91' lang='lat' dir='ltr'>in</span> <span class='ocrx_word' id='word_1_203' title='bbox 1919 2224 2069 2267; x_wconf 86' lang='lat' dir='ltr'>utero</span> <span class='ocrx_word' id='word_1_204' title='bbox 2098 2219 2211 2267; x_wconf 88' lang='lat' dir='ltr'>loco</span> <span class='ocrx_word' id='word_1_205' title='bbox 2246 2230 2336 2264; x_wconf 86' lang='lat' dir='ltr'>suo</span> <span class='ocrx_word' id='word_1_206' title='bbox 2359 2220 2563 2263; x_wconf 90' lang='lat' dir='ltr'>motum</span> <span class='ocrx_word' id='word_1_207' title='bbox 2587 2223 2640 2262; x_wconf 90' lang='lat' dir='ltr'>et</span> <span class='ocrx_word' id='word_1_208' title='bbox 2662 2218 2788 2261; x_wconf 84' lang='lat' dir='ltr'>retro</span> 
     </span>
     <span class='ocr_line' id='line_1_23' title="bbox 577 2277 2787 2345; baseline -0 -20"><span class='ocrx_word' id='word_1_209' title='bbox 577 2291 785 2327; x_wconf 85' lang='lat' dir='ltr'>versum</span> <span class='ocrx_word' id='word_1_210' title='bbox 808 2279 894 2340; x_wconf 86' lang='lat' dir='ltr'>sit,</span> <span class='ocrx_word' id='word_1_211' title='bbox 914 2286 972 2328; x_wconf 93' lang='lat' dir='ltr'>ut</span> <span class='ocrx_word' id='word_1_212' title='bbox 995 2295 1112 2328; x_wconf 88' lang='lat' dir='ltr'>cum</span> <span class='ocrx_word' id='word_1_213' title='bbox 1137 2295 1287 2329; x_wconf 87' lang='lat' dir='ltr'>crure</span> <span class='ocrx_word' id='word_1_214' title='bbox 1312 2280 1513 2330; x_wconf 86' lang='lat' dir='ltr'>demum</span> <span class='ocrx_word' id='word_1_215' title='bbox 1540 2281 1810 2345; x_wconf 89' lang='lat' dir='ltr'>prodierit.</span> <span class='ocrx_word' id='word_1_216' title='bbox 1835 2298 1875 2333; x_wconf 87' lang='lat' dir='ltr'>s.</span> <span class='ocrx_word' id='word_1_217' title='bbox 1900 2282 2125 2345; x_wconf 87' lang='lat' dir='ltr'>brevius,</span> <span class='ocrx_word' id='word_1_218' title='bbox 2145 2286 2447 2345; x_wconf 85' lang='lat' dir='ltr'>corruptum</span> <span class='ocrx_word' id='word_1_219' title='bbox 2473 2293 2537 2329; x_wconf 80' lang='lat' dir='ltr'>ac</span> <span class='ocrx_word' id='word_1_220' title='bbox 2562 2277 2787 2329; x_wconf 78' lang='lat' dir='ltr'>vitiatum</span> 
     </span>
     <span class='ocr_line' id='line_1_24' title="bbox 577 2343 2789 2412; baseline -0.001 -21"><span class='ocrx_word' id='word_1_221' title='bbox 577 2343 666 2391; x_wconf 85' lang='lat' dir='ltr'>sit.</span> <span class='ocrx_word' id='word_1_222' title='bbox 732 2343 844 2394; x_wconf 90' lang='lat' dir='ltr'>Cic.</span> <span class='ocrx_word' id='word_1_223' title='bbox 869 2345 1020 2395; x_wconf 86' lang='lat' dir='ltr'>Brut.</span> <span class='ocrx_word' id='word_1_224' title='bbox 1039 2350 1087 2397; x_wconf 85' lang='grc'>4.</span> <span class='ocrx_word' id='word_1_225' title='bbox 1123 2347 1138 2373; x_wconf 90' lang='lat'>‘</span> <span class='ocrx_word' id='word_1_226' title='bbox 1161 2346 1323 2395; x_wconf 87' lang='lat' dir='ltr'>omnis</span> <span class='ocrx_word' id='word_1_227' title='bbox 1346 2343 1502 2395; x_wconf 86' lang='lat' dir='ltr'>foetus</span> <span class='ocrx_word' id='word_1_228' title='bbox 1526 2361 1810 2410; x_wconf 85' lang='lat' dir='ltr'>repressus,</span> <span class='ocrx_word' id='word_1_229' title='bbox 1831 2355 2146 2412; x_wconf 83' lang='lat' dir='ltr'>exustusque</span> <span class='ocrx_word' id='word_1_230' title='bbox 2169 2344 2266 2396; x_wconf 88' lang='lat' dir='ltr'>flos</span> <span class='ocrx_word' id='word_1_231' title='bbox 2299 2346 2386 2395; x_wconf 84' lang='lat' dir='ltr'>siti</span> <span class='ocrx_word' id='word_1_232' title='bbox 2422 2344 2621 2395; x_wconf 86' lang='lat' dir='ltr'>veteris</span> <span class='ocrx_word' id='word_1_233' title='bbox 2659 2343 2789 2392; x_wconf 82' lang='lat' dir='ltr'>uber·</span> 
     </span>
     <span class='ocr_line' id='line_1_25' title="bbox 577 2407 2786 2479; baseline -0 -23"><span class='ocrx_word' id='word_1_234' title='bbox 577 2407 705 2457; x_wconf 89' lang='lat' dir='ltr'>tatis</span> <span class='ocrx_word' id='word_1_235' title='bbox 728 2409 968 2461; x_wconf 84' lang='lat' dir='ltr'>exaruit.&#39;</span> <span class='ocrx_word' id='word_1_236' title='bbox 1034 2410 1201 2460; x_wconf 88' lang='lat' dir='ltr'>Porro</span> <span class='ocrx_word' id='word_1_237' title='bbox 1223 2412 1308 2460; x_wconf 84' lang='lat' dir='ltr'>vel</span> <span class='ocrx_word' id='word_1_238' title='bbox 1330 2417 1378 2460; x_wconf 81' lang='lat' dir='ltr'>et</span> <span class='ocrx_word' id='word_1_239' title='bbox 1401 2412 1693 2476; x_wconf 86' lang='lat' dir='ltr'>legendum,</span> <span class='ocrx_word' id='word_1_240' title='bbox 1717 2414 1803 2461; x_wconf 81' lang='lat' dir='ltr'>vel</span> <span class='ocrx_word' id='word_1_241' title='bbox 1824 2420 1910 2463; x_wconf 78' lang='lat' dir='ltr'>aut</span> <span class='ocrx_word' id='word_1_242' title='bbox 1932 2428 2028 2479; x_wconf 88' lang='lat' dir='ltr'>pro</span> <span class='ocrx_word' id='word_1_243' title='bbox 2050 2419 2095 2463; x_wconf 76' lang='grc' dir='ltr'>ει</span> <span class='ocrx_word' id='word_1_244' title='bbox 2121 2411 2506 2476; x_wconf 85' lang='lat' dir='ltr'>accipiendum.</span> <span class='ocrx_word' id='word_1_245' title='bbox 2563 2411 2786 2461; x_wconf 85' lang='lat' dir='ltr'>Muretus</span> 
     </span>
     <span class='ocr_line' id='line_1_26' title="bbox 578 2474 2786 2550; baseline 0 -27"><span class='ocrx_word' id='word_1_246' title='bbox 578 2474 876 2538; x_wconf 83' lang='lat' dir='ltr'>corrigebat</span> <span class='ocrx_word' id='word_1_247' title='bbox 894 2481 967 2540; x_wconf 77' lang='lat' dir='ltr'>at,</span> <span class='ocrx_word' id='word_1_248' title='bbox 989 2479 1125 2541; x_wconf 89' lang='lat' dir='ltr'>quod</span> <span class='ocrx_word' id='word_1_249' title='bbox 1149 2485 1204 2527; x_wconf 88' lang='lat' dir='ltr'>et</span> <span class='ocrx_word' id='word_1_250' title='bbox 1227 2478 1397 2541; x_wconf 87' lang='lat' dir='ltr'>ipsum</span> <span class='ocrx_word' id='word_1_251' title='bbox 1424 2485 1658 2528; x_wconf 84' lang='lat' dir='ltr'>rectum:</span> <span class='ocrx_word' id='word_1_252' title='bbox 1693 2486 1750 2528; x_wconf 89' lang='lat' dir='ltr'>et</span> <span class='ocrx_word' id='word_1_253' title='bbox 1772 2480 1907 2545; x_wconf 87' lang='lat' dir='ltr'>quod</span> <span class='ocrx_word' id='word_1_254' title='bbox 1928 2481 2066 2529; x_wconf 90' lang='lat' dir='ltr'>idem</span> <span class='ocrx_word' id='word_1_255' title='bbox 2106 2495 2197 2529; x_wconf 80' lang='lat' dir='ltr'>mm</span> <span class='ocrx_word' id='word_1_256' title='bbox 2217 2479 2269 2528; x_wconf 82' lang='lat' dir='ltr'>in</span> <span class='ocrx_word' id='word_1_257' title='bbox 2290 2494 2338 2528; x_wconf 76' lang='lat' dir='ltr'>u.</span> <span class='ocrx_word' id='word_1_258' title='bbox 2362 2493 2404 2528; x_wconf 86' lang='lat' dir='ltr'>r.</span> <span class='ocrx_word' id='word_1_259' title='bbox 2472 2476 2543 2527; x_wconf 87' lang='lat' dir='ltr'>Id</span> <span class='ocrx_word' id='word_1_260' title='bbox 2580 2474 2786 2550; x_wconf 73' lang='lat' dir='ltr'>probare</span> 
     </span>
     <span class='ocr_line' id='line_1_27' title="bbox 578 2541 2786 2616; baseline 0.001 -27"><span class='ocrx_word' id='word_1_261' title='bbox 578 2554 695 2589; x_wconf 87' lang='lat' dir='ltr'>cnm</span> <span class='ocrx_word' id='word_1_262' title='bbox 717 2542 957 2592; x_wconf 89' lang='lat' dir='ltr'>Broterio</span> <span class='ocrx_word' id='word_1_263' title='bbox 980 2558 1079 2592; x_wconf 91' lang='lat' dir='ltr'>non</span> <span class='ocrx_word' id='word_1_264' title='bbox 1104 2559 1333 2607; x_wconf 85' lang='lat' dir='ltr'>possum,</span> <span class='ocrx_word' id='word_1_265' title='bbox 1359 2544 1447 2608; x_wconf 89' lang='lat' dir='ltr'>qui</span> <span class='ocrx_word' id='word_1_266' title='bbox 1470 2543 1602 2593; x_wconf 89' lang='lat' dir='ltr'>adeo</span> <span class='ocrx_word' id='word_1_267' title='bbox 1627 2544 1678 2592; x_wconf 92' lang='lat' dir='ltr'>in</span> <span class='ocrx_word' id='word_1_268' title='bbox 1706 2551 1908 2595; x_wconf 84' lang='lat' dir='ltr'>textum</span> <span class='ocrx_word' id='word_1_269' title='bbox 1935 2546 2168 2611; x_wconf 88' lang='lat' dir='ltr'>recepit:</span> <span class='ocrx_word' id='word_1_270' title='bbox 2205 2559 2323 2593; x_wconf 84' lang='lat' dir='ltr'>nam</span> <span class='ocrx_word' id='word_1_271' title='bbox 2343 2541 2603 2603; x_wconf 74' lang='lat' dir='ltr'>iterjuxta</span> <span class='ocrx_word' id='word_1_272' title='bbox 2625 2543 2786 2616; x_wconf 55' lang='lat' dir='ltr'>editum</span> 
     </span>
     <span class='ocr_line' id='line_1_28' title="bbox 580 2603 2787 2675; baseline 0 -23"><span class='ocrx_word' id='word_1_273' title='bbox 580 2603 809 2656; x_wconf 86' lang='lat' dir='ltr'>refertur</span> <span class='ocrx_word' id='word_1_274' title='bbox 832 2609 1125 2658; x_wconf 87' lang='lat' dir='ltr'>necessario</span> <span class='ocrx_word' id='word_1_275' title='bbox 1149 2609 1215 2658; x_wconf 90' lang='lat' dir='ltr'>ad</span> <span class='ocrx_word' id='word_1_276' title='bbox 1253 2611 1474 2658; x_wconf 85' lang='lat' dir='ltr'>alterum</span> <span class='ocrx_word' id='word_1_277' title='bbox 1506 2610 1793 2659; x_wconf 89' lang='lat' dir='ltr'>membrum</span> <span class='ocrx_word' id='word_1_278' title='bbox 1815 2626 1958 2675; x_wconf 78' lang='lat' dir='ltr'>neque</span> <span class='ocrx_word' id='word_1_279' title='bbox 1979 2614 2242 2661; x_wconf 69' lang='lat' dir='ltr'>occultumt</span> <span class='ocrx_word' id='word_1_280' title='bbox 2275 2609 2417 2674; x_wconf 86' lang='lat' dir='ltr'>prius</span> <span class='ocrx_word' id='word_1_281' title='bbox 2437 2608 2605 2672; x_wconf 83' lang='lat' dir='ltr'>igitur</span> <span class='ocrx_word' id='word_1_282' title='bbox 2628 2606 2689 2655; x_wconf 89' lang='lat' dir='ltr'>ad</span> <span class='ocrx_word' id='word_1_283' title='bbox 2708 2620 2787 2652; x_wconf 76' lang='lat' dir='ltr'>im·</span> 
     </span>
     <span class='ocr_line' id='line_1_29' title="bbox 578 2668 2787 2787; baseline -0 -69"><span class='ocrx_word' id='word_1_284' title='bbox 578 2668 953 2787; x_wconf 55' lang='grc' dir='ltr'>ἷζεὲἰῐίἰῐαέεῃις</span> <span class='ocrx_word' id='word_1_285' title='bbox 990 2689 1149 2739; x_wconf 87' lang='lat' dir='ltr'>quare</span> <span class='ocrx_word' id='word_1_286' title='bbox 1185 2676 1394 2740; x_wconf 84' lang='lat' dir='ltr'>negatio</span> <span class='ocrx_word' id='word_1_287' title='bbox 1417 2676 1585 2725; x_wconf 89' lang='lat' dir='ltr'>locum</span> <span class='ocrx_word' id='word_1_288' title='bbox 1610 2690 1709 2725; x_wconf 90' lang='lat' dir='ltr'>non</span> <span class='ocrx_word' id='word_1_289' title='bbox 1743 2676 1920 2726; x_wconf 87' lang='lat' dir='ltr'>habet.</span> <span class='ocrx_word' id='word_1_290' title='bbox 1988 2677 2183 2726; x_wconf 80' lang='lat' dir='ltr'>Ernest.</span> <span class='ocrx_word' id='word_1_291' title='bbox 2249 2675 2503 2725; x_wconf 83' lang='lat' dir='ltr'>Nostram</span> <span class='ocrx_word' id='word_1_292' title='bbox 2528 2672 2787 2723; x_wconf 88' lang='lat' dir='ltr'>lectionem</span> 
     </span>
    </p>

    <p class='ocr_par' dir='ltr' id='par_1_10' title="bbox 620 2739 1733 2802">
     <span class='ocr_line' id='line_1_30' title="bbox 620 2739 1733 2802; baseline 0.003 -17"><span class='ocrx_word' id='word_1_293' title='bbox 620 2751 649 2784; x_wconf 90' lang='lat' dir='ltr'>a</span> <span class='ocrx_word' id='word_1_294' title='bbox 688 2744 778 2787; x_wconf 89' lang='lat' dir='ltr'>ent</span> <span class='ocrx_word' id='word_1_295' title='bbox 848 2739 1010 2802; x_wconf 85' lang='lat' dir='ltr'>ipont.</span> <span class='ocrx_word' id='word_1_296' title='bbox 1728 2760 1733 2765; x_wconf 49' lang='grc'><strong>“</strong></span> 
     </span>
    </p>
   </div>
   <div class='ocr_carea' id='block_1_7' title="bbox 1578 2875 1797 2927">
    <p class='ocr_par' dir='ltr' id='par_1_11' title="bbox 1578 2875 1797 2927">
     <span class='ocr_line' id='line_1_31' title="bbox 1578 2875 1797 2927; baseline 0 -2"><span class='ocrx_word' id='word_1_297' title='bbox 1578 2875 1797 2927; x_wconf 87' lang='lat' dir='ltr'><strong>NOTAE</strong></span> 
     </span>
    </p>
   </div>
   <div class='ocr_carea' id='block_1_8' title="bbox 642 2950 1655 3053">
    <p class='ocr_par' dir='ltr' id='par_1_12' title="bbox 642 2950 1655 3053">
     <span class='ocr_line' id='line_1_32' title="bbox 642 2950 1655 3053; baseline 0.007 -20"><span class='ocrx_word' id='word_1_298' title='bbox 642 2984 733 3035; x_wconf 88' lang='lat' dir='ltr'>Sic</span> <span class='ocrx_word' id='word_1_299' title='bbox 759 2985 929 3036; x_wconf 87' lang='lat' dir='ltr'>Varro</span> <span class='ocrx_word' id='word_1_300' title='bbox 952 2988 987 3037; x_wconf 89' lang='lat' dir='ltr'>l.</span> <span class='ocrx_word' id='word_1_301' title='bbox 1009 3001 1062 3039; x_wconf 78' lang='lat' dir='ltr'>v,</span> <span class='ocrx_word' id='word_1_302' title='bbox 1086 2988 1150 3039; x_wconf 89' lang='lat' dir='ltr'>de</span> <span class='ocrx_word' id='word_1_303' title='bbox 1171 2950 1457 3053; x_wconf 23' lang='lat' dir='ltr'>Ling.·Lat.</span> <span class='ocrx_word' id='word_1_304' title='bbox 1490 2988 1506 3016; x_wconf 87' lang='lat'>‘</span> <span class='ocrx_word' id='word_1_305' title='bbox 1530 2989 1655 3040; x_wconf 88' lang='lat' dir='ltr'>For-</span> 
     </span>
    </p>
   </div>
   <div class='ocr_carea' id='block_1_9' title="bbox 546 3061 1654 4058">
    <p class='ocr_par' dir='ltr' id='par_1_13' title="bbox 575 3061 1654 3585">
     <span class='ocr_line' id='line_1_33' title="bbox 582 3061 1654 3132; baseline 0.006 -21"><span class='ocrx_word' id='word_1_306' title='bbox 582 3061 777 3113; x_wconf 89' lang='lat' dir='ltr'>dicidia</span> <span class='ocrx_word' id='word_1_307' title='bbox 809 3077 839 3110; x_wconf 90' lang='lat' dir='ltr'>a</span> <span class='ocrx_word' id='word_1_308' title='bbox 878 3062 1073 3113; x_wconf 87' lang='lat' dir='ltr'>fordeis</span> <span class='ocrx_word' id='word_1_309' title='bbox 1107 3065 1293 3115; x_wconf 78' lang='lat' dir='ltr'>bubus·</span> <span class='ocrx_word' id='word_1_310' title='bbox 1355 3067 1463 3116; x_wconf 85' lang='lat' dir='ltr'>Bos</span> <span class='ocrx_word' id='word_1_311' title='bbox 1485 3065 1654 3132; x_wconf 86' lang='lat' dir='ltr'>forda,</span> 
     </span>
     <span class='ocr_line' id='line_1_34' title="bbox 581 3139 1653 3208; baseline 0.005 -20"><span class='ocrx_word' id='word_1_312' title='bbox 581 3154 697 3203; x_wconf 79' lang='lat' dir='ltr'>quae</span> <span class='ocrx_word' id='word_1_313' title='bbox 720 3139 828 3191; x_wconf 81' lang='lat' dir='ltr'>fert</span> <span class='ocrx_word' id='word_1_314' title='bbox 850 3140 902 3190; x_wconf 91' lang='lat' dir='ltr'>in</span> <span class='ocrx_word' id='word_1_315' title='bbox 925 3148 1137 3204; x_wconf 77' lang='lat' dir='ltr'>ventre3</span> <span class='ocrx_word' id='word_1_316' title='bbox 1173 3143 1308 3207; x_wconf 92' lang='lat' dir='ltr'>quod</span> <span class='ocrx_word' id='word_1_317' title='bbox 1334 3158 1395 3192; x_wconf 90' lang='lat' dir='ltr'>ea</span> <span class='ocrx_word' id='word_1_318' title='bbox 1418 3142 1503 3191; x_wconf 89' lang='lat' dir='ltr'>die</span> <span class='ocrx_word' id='word_1_319' title='bbox 1523 3144 1653 3208; x_wconf 88' lang='lat' dir='ltr'>pub·</span> 
     </span>
     <span class='ocr_line' id='line_1_35' title="bbox 575 3210 1649 3284; baseline 0.008 -21"><span class='ocrx_word' id='word_1_320' title='bbox 575 3210 679 3266; x_wconf 85' lang='lat' dir='ltr'>lice</span> <span class='ocrx_word' id='word_1_321' title='bbox 702 3215 1031 3267; x_wconf 90' lang='lat' dir='ltr'>immolantur</span> <span class='ocrx_word' id='word_1_322' title='bbox 1055 3218 1211 3269; x_wconf 88' lang='lat' dir='ltr'>boves</span> <span class='ocrx_word' id='word_1_323' title='bbox 1242 3227 1573 3284; x_wconf 81' lang='lat' dir='ltr'>praegnantes</span> <span class='ocrx_word' id='word_1_324' title='bbox 1598 3222 1649 3271; x_wconf 91' lang='lat' dir='ltr'>in</span> 
     </span>
     <span class='ocr_line' id='line_1_36' title="bbox 579 3286 1652 3358; baseline 0.007 -16"><span class='ocrx_word' id='word_1_325' title='bbox 579 3293 735 3343; x_wconf 85' lang='lat' dir='ltr'>curiis</span> <span class='ocrx_word' id='word_1_326' title='bbox 760 3295 1070 3358; x_wconf 80' lang='lat' dir='ltr'>complures,</span> <span class='ocrx_word' id='word_1_327' title='bbox 1137 3295 1185 3345; x_wconf 93' lang='lat' dir='ltr'><strong>A</strong></span> <span class='ocrx_word' id='word_1_328' title='bbox 1225 3286 1416 3346; x_wconf 86' lang='lat' dir='ltr'>fordeis</span> <span class='ocrx_word' id='word_1_329' title='bbox 1448 3298 1652 3349; x_wconf 84' lang='lat' dir='ltr'>coeden-</span> 
     </span>
     <span class='ocr_line' id='line_1_37' title="bbox 578 3368 1650 3434; baseline 0.006 -16"><span class='ocrx_word' id='word_1_330' title='bbox 578 3370 660 3419; x_wconf 87' lang='lat' dir='ltr'>dis</span> <span class='ocrx_word' id='word_1_331' title='bbox 680 3368 957 3421; x_wconf 85' lang='lat' dir='ltr'>fordicidia</span> <span class='ocrx_word' id='word_1_332' title='bbox 983 3372 1161 3422; x_wconf 67' lang='lat' dir='ltr'>dicta!</span> <span class='ocrx_word' id='word_1_333' title='bbox 1230 3373 1453 3434; x_wconf 77' lang='lat' dir='ltr'>Glossae,</span> <span class='ocrx_word' id='word_1_334' title='bbox 1476 3372 1650 3425; x_wconf 84' lang='lat' dir='ltr'>fordas</span> 
     </span>
     <span class='ocr_line' id='line_1_38' title="bbox 580 3447 1652 3516; baseline 0.007 -20"><span class='ocrx_word' id='word_1_335' title='bbox 580 3447 943 3511; x_wconf 76' lang='grc' dir='ltr'>ἑγκυμονούσας.</span> <span class='ocrx_word' id='word_1_336' title='bbox 1011 3451 1184 3501; x_wconf 85' lang='lat' dir='ltr'>Forda</span> <span class='ocrx_word' id='word_1_337' title='bbox 1222 3449 1359 3501; x_wconf 80' lang='grc' dir='ltr'><strong><em>θυσία</em></strong></span> <span class='ocrx_word' id='word_1_338' title='bbox 1394 3452 1652 3516; x_wconf 75' lang='grc' dir='ltr'>ἐγκύμονος</span> 
     </span>
     <span class='ocr_line' id='line_1_39' title="bbox 577 3526 1396 3585; baseline 0.004 -7"><span class='ocrx_word' id='word_1_339' title='bbox 577 3526 711 3585; x_wconf 79' lang='grc' dir='ltr'><strong><em>βόος.</em></strong></span> <span class='ocrx_word' id='word_1_340' title='bbox 1386 3534 1396 3543; x_wconf 84' lang='grc'><em>“</em></span> 
     </span>
    </p>

    <p class='ocr_par' dir='ltr' id='par_1_14' title="bbox 546 3605 1651 4058">
     <span class='ocr_line' id='line_1_40' title="bbox 579 3605 1650 3675; baseline 0.004 -20"><span class='ocrx_word' id='word_1_341' title='bbox 579 3672 582 3675; x_wconf 76' lang='lat'>.</span> <span class='ocrx_word' id='word_1_342' title='bbox 648 3605 888 3656; x_wconf 57' lang='lat' dir='ltr'>Gravidas</span> <span class='ocrx_word' id='word_1_343' title='bbox 906 3607 1103 3671; x_wconf 80' lang='lat' dir='ltr'>hostias]</span> <span class='ocrx_word' id='word_1_344' title='bbox 1154 3606 1362 3658; x_wconf 82' lang='lat' dir='ltr'>Praeter</span> <span class='ocrx_word' id='word_1_345' title='bbox 1401 3609 1650 3659; x_wconf 89' lang='lat' dir='ltr'>honorem</span> 
     </span>
     <span class='ocr_line' id='line_1_41' title="bbox 573 3683 1650 3747; baseline 0.004 -13"><span class='ocrx_word' id='word_1_346' title='bbox 573 3683 836 3747; x_wconf 83' lang='lat' dir='ltr'>Deorum,</span> <span class='ocrx_word' id='word_1_347' title='bbox 870 3684 926 3734; x_wconf 89' lang='lat' dir='ltr'>id</span> <span class='ocrx_word' id='word_1_348' title='bbox 967 3684 1095 3734; x_wconf 89' lang='lat' dir='ltr'>utile</span> <span class='ocrx_word' id='word_1_349' title='bbox 1140 3684 1369 3735; x_wconf 84' lang='lat' dir='ltr'>habuere</span> <span class='ocrx_word' id='word_1_350' title='bbox 1423 3688 1650 3738; x_wconf 87' lang='lat' dir='ltr'>immola-</span> 
     </span>
     <span class='ocr_line' id='line_1_42' title="bbox 576 3759 1651 3824; baseline 0.002 -13"><span class='ocrx_word' id='word_1_351' title='bbox 576 3759 748 3811; x_wconf 81' lang='lat' dir='ltr'>tiones</span> <span class='ocrx_word' id='word_1_352' title='bbox 789 3760 1096 3824; x_wconf 89' lang='lat' dir='ltr'>hostiarum‚</span> <span class='ocrx_word' id='word_1_353' title='bbox 1138 3766 1199 3810; x_wconf 92' lang='lat' dir='ltr'>ut</span> <span class='ocrx_word' id='word_1_354' title='bbox 1248 3775 1315 3809; x_wconf 85' lang='lat' dir='ltr'>ex</span> <span class='ocrx_word' id='word_1_355' title='bbox 1365 3761 1651 3813; x_wconf 85' lang='lat' dir='ltr'>visceribus</span> 
     </span>
     <span class='ocr_line' id='line_1_43' title="bbox 579 3837 1649 3901; baseline 0.003 -13"><span class='ocrx_word' id='word_1_356' title='bbox 579 3837 874 3888; x_wconf 85' lang='lat' dir='ltr'>animalium</span> <span class='ocrx_word' id='word_1_357' title='bbox 914 3838 1397 3901; x_wconf 84' lang='lat' dir='ltr'>deprehenderetur</span> <span class='ocrx_word' id='word_1_358' title='bbox 1436 3842 1649 3891; x_wconf 88' lang='lat' dir='ltr'>salubri-</span> 
     </span>
     <span class='ocr_line' id='line_1_44' title="bbox 567 3915 1650 3983; baseline 0.002 -16"><span class='ocrx_word' id='word_1_359' title='bbox 567 3923 661 3983; x_wconf 71' lang='lat' dir='ltr'>tas</span> <span class='ocrx_word' id='word_1_360' title='bbox 687 3917 789 3967; x_wconf 89' lang='lat' dir='ltr'>loci</span> <span class='ocrx_word' id='word_1_361' title='bbox 810 3916 1047 3981; x_wconf 88' lang='lat' dir='ltr'>coelique,</span> <span class='ocrx_word' id='word_1_362' title='bbox 1065 3922 1119 3965; x_wconf 88' lang='lat' dir='ltr'>et</span> <span class='ocrx_word' id='word_1_363' title='bbox 1135 3915 1427 3981; x_wconf 85' lang='lat' dir='ltr'>herbarum,</span> <span class='ocrx_word' id='word_1_364' title='bbox 1445 3927 1500 3967; x_wconf 91' lang='lat' dir='ltr'>et</span> <span class='ocrx_word' id='word_1_365' title='bbox 1525 3920 1650 3969; x_wconf 86' lang='lat' dir='ltr'>talia</span> 
     </span>
     <span class='ocr_line' id='line_1_45' title="bbox 546 3992 1650 4058; baseline 0.004 -16"><span class='ocrx_word' id='word_1_366' title='bbox 546 3993 693 4051; x_wconf 72' lang='lat' dir='ltr'>‚haec</span> <span class='ocrx_word' id='word_1_367' title='bbox 717 3993 880 4058; x_wconf 86' lang='lat' dir='ltr'>signa,</span> <span class='ocrx_word' id='word_1_368' title='bbox 916 4008 982 4043; x_wconf 86' lang='lat' dir='ltr'>ex</span> <span class='ocrx_word' id='word_1_369' title='bbox 1017 3992 1199 4058; x_wconf 88' lang='lat' dir='ltr'>quibus</span> <span class='ocrx_word' id='word_1_370' title='bbox 1233 3993 1336 4042; x_wconf 87' lang='lat' dir='ltr'>alia</span> <span class='ocrx_word' id='word_1_371' title='bbox 1365 4001 1568 4046; x_wconf 82' lang='lat' dir='ltr'>naturoe</span> <span class='ocrx_word' id='word_1_372' title='bbox 1593 4003 1650 4046; x_wconf 88' lang='lat' dir='ltr'>et</span> 
     </span>
    </p>
   </div>
   <div class='ocr_carea' id='block_1_10' title="bbox 578 4073 1677 4135">
    <p class='ocr_par' dir='ltr' id='par_1_15' title="bbox 578 4073 1677 4135">
     <span class='ocr_line' id='line_1_46' title="bbox 578 4073 1677 4135; baseline 0.003 -14"><span class='ocrx_word' id='word_1_373' title='bbox 578 4076 952 4135; x_wconf 84' lang='lat' dir='ltr'>tempestatum</span> <span class='ocrx_word' id='word_1_374' title='bbox 994 4085 1243 4135; x_wconf 86' lang='lat' dir='ltr'>prospera</span> <span class='ocrx_word' id='word_1_375' title='bbox 1285 4079 1375 4122; x_wconf 87' lang='lat' dir='ltr'>aut</span> <span class='ocrx_word' id='word_1_376' title='bbox 1430 4073 1677 4125; x_wconf 81' lang='lat' dir='ltr'>adversa·</span> 
     </span>
    </p>
   </div>
   <div class='ocr_carea' id='block_1_11' title="bbox 580 4146 1649 4445">
    <p class='ocr_par' dir='ltr' id='par_1_16' title="bbox 580 4146 1017 4212">
     <span class='ocr_line' id='line_1_47' title="bbox 580 4146 1017 4212; baseline 0 -16"><span class='ocrx_word' id='word_1_377' title='bbox 580 4146 768 4212; x_wconf 83' lang='lat' dir='ltr'>conjici</span> <span class='ocrx_word' id='word_1_378' title='bbox 788 4153 1017 4211; x_wconf 83' lang='lat' dir='ltr'>possent.</span> 
     </span>
    </p>

    <p class='ocr_par' dir='ltr' id='par_1_17' title="bbox 581 4224 1649 4445">
     <span class='ocr_line' id='line_1_48' title="bbox 641 4224 1649 4294; baseline 0.003 -19"><span class='ocrx_word' id='word_1_379' title='bbox 641 4224 748 4275; x_wconf 85' lang='lat' dir='ltr'>Sed</span> <span class='ocrx_word' id='word_1_380' title='bbox 782 4241 900 4276; x_wconf 90' lang='lat' dir='ltr'>cum</span> <span class='ocrx_word' id='word_1_381' title='bbox 929 4231 1118 4275; x_wconf 88' lang='lat' dir='ltr'>natura</span> <span class='ocrx_word' id='word_1_382' title='bbox 1147 4225 1510 4294; x_wconf 87' lang='lat' dir='ltr'>medicinaque</span> <span class='ocrx_word' id='word_1_383' title='bbox 1535 4228 1649 4293; x_wconf 86' lang='lat' dir='ltr'>ipsa</span> 
     </span>
     <span class='ocr_line' id='line_1_49' title="bbox 581 4300 1648 4370; baseline 0.008 -22"><span class='ocrx_word' id='word_1_384' title='bbox 581 4300 880 4359; x_wconf 75' lang='lat' dir='ltr'>traheretur</span> <span class='ocrx_word' id='word_1_385' title='bbox 920 4301 984 4351; x_wconf 90' lang='lat' dir='ltr'>ad</span> <span class='ocrx_word' id='word_1_386' title='bbox 1037 4305 1477 4370; x_wconf 81' lang='lat' dir='ltr'>superstitionem,</span> <span class='ocrx_word' id='word_1_387' title='bbox 1522 4306 1648 4357; x_wconf 88' lang='lat' dir='ltr'>inde</span> 
     </span>
     <span class='ocr_line' id='line_1_50' title="bbox 584 4378 1647 4445; baseline 0.007 -18"><span class='ocrx_word' id='word_1_388' title='bbox 584 4378 801 4442; x_wconf 85' lang='lat' dir='ltr'>magica,</span> <span class='ocrx_word' id='word_1_389' title='bbox 851 4379 972 4427; x_wconf 88' lang='lat' dir='ltr'>inde</span> <span class='ocrx_word' id='word_1_390' title='bbox 1020 4380 1365 4445; x_wconf 77' lang='lat' dir='ltr'>haruspicina,</span> <span class='ocrx_word' id='word_1_391' title='bbox 1409 4389 1462 4434; x_wconf 86' lang='lat' dir='ltr'>et</span> <span class='ocrx_word' id='word_1_392' title='bbox 1505 4384 1647 4435; x_wconf 88' lang='lat' dir='ltr'>mille</span> 
     </span>
    </p>
   </div>
   <div class='ocr_carea' id='block_1_12' title="bbox 1729 2989 2790 4435">
    <p class='ocr_par' dir='ltr' id='par_1_18' title="bbox 1733 2989 2266 3042">
     <span class='ocr_line' id='line_1_51' title="bbox 1733 2989 2266 3042; baseline 0 -2"><span class='ocrx_word' id='word_1_393' title='bbox 1733 2991 1845 3042; x_wconf 70' lang='lat' dir='ltr'>aliae</span> <span class='ocrx_word' id='word_1_394' title='bbox 1869 2989 2085 3041; x_wconf 85' lang='lat' dir='ltr'>fallendi</span> <span class='ocrx_word' id='word_1_395' title='bbox 2108 2998 2266 3041; x_wconf 80' lang='lat' dir='ltr'>artes.</span> 
     </span>
    </p>

    <p class='ocr_par' dir='ltr' id='par_1_19' title="bbox 1730 3061 2790 3505">
     <span class='ocr_line' id='line_1_52' title="bbox 1798 3061 2787 3131; baseline -0.008 -13"><span class='ocrx_word' id='word_1_396' title='bbox 1798 3067 1821 3101; x_wconf 79' lang='lat'>¹¹</span> <span class='ocrx_word' id='word_1_397' title='bbox 1849 3067 2154 3131; x_wconf 80' lang='lat' dir='ltr'>Placentino]</span> <span class='ocrx_word' id='word_1_398' title='bbox 2188 3064 2485 3128; x_wconf 85' lang='lat' dir='ltr'>Placentia,</span> <span class='ocrx_word' id='word_1_399' title='bbox 2522 3065 2646 3114; x_wconf 82' lang='lat' dir='ltr'>urbs</span> <span class='ocrx_word' id='word_1_400' title='bbox 2665 3061 2787 3112; x_wconf 86' lang='lat' dir='ltr'>Ana-</span> 
     </span>
     <span class='ocr_line' id='line_1_53' title="bbox 1731 3142 2789 3210; baseline -0.006 -16"><span class='ocrx_word' id='word_1_401' title='bbox 1731 3160 1935 3195; x_wconf 86' lang='lat' dir='ltr'>manum</span> <span class='ocrx_word' id='word_1_402' title='bbox 1977 3146 2302 3210; x_wconf 83' lang='lat' dir='ltr'>populorum,</span> <span class='ocrx_word' id='word_1_403' title='bbox 2339 3145 2390 3193; x_wconf 88' lang='lat' dir='ltr'>in</span> <span class='ocrx_word' id='word_1_404' title='bbox 2426 3144 2607 3194; x_wconf 87' lang='lat' dir='ltr'>Gallia</span> <span class='ocrx_word' id='word_1_405' title='bbox 2629 3142 2789 3204; x_wconf 84' lang='lat' dir='ltr'>Cispa-</span> 
     </span>
     <span class='ocr_line' id='line_1_54' title="bbox 1734 3220 2790 3286; baseline -0.007 -15"><span class='ocrx_word' id='word_1_406' title='bbox 1734 3222 1866 3272; x_wconf 87' lang='lat' dir='ltr'>dana</span> <span class='ocrx_word' id='word_1_407' title='bbox 1885 3222 2055 3272; x_wconf 86' lang='lat' dir='ltr'>Italiae</span> <span class='ocrx_word' id='word_1_408' title='bbox 2077 3223 2304 3286; x_wconf 87' lang='lat' dir='ltr'>regione.</span> <span class='ocrx_word' id='word_1_409' title='bbox 2371 3220 2549 3270; x_wconf 89' lang='lat' dir='ltr'>Hodie</span> <span class='ocrx_word' id='word_1_410' title='bbox 2569 3220 2790 3270; x_wconf 67' lang='lat' dir='ltr'>Pincenza</span> 
     </span>
     <span class='ocr_line' id='line_1_55' title="bbox 1730 3295 2788 3362; baseline -0.007 -14"><span class='ocrx_word' id='word_1_411' title='bbox 1730 3299 1896 3362; x_wconf 84' lang='lat' dir='ltr'>Italis,</span> <span class='ocrx_word' id='word_1_412' title='bbox 1921 3300 2167 3350; x_wconf 76' lang='lat' dir='ltr'>Pleisance</span> <span class='ocrx_word' id='word_1_413' title='bbox 2198 3297 2433 3355; x_wconf 76' lang='lat' dir='ltr'>FranciS,</span> <span class='ocrx_word' id='word_1_414' title='bbox 2467 3296 2594 3346; x_wconf 84' lang='lat' dir='ltr'>urbs</span> <span class='ocrx_word' id='word_1_415' title='bbox 2617 3295 2788 3360; x_wconf 87' lang='lat' dir='ltr'>prima·</span> 
     </span>
     <span class='ocr_line' id='line_1_56' title="bbox 1731 3370 2786 3427; baseline -0.01 0"><span class='ocrx_word' id='word_1_416' title='bbox 1731 3376 1811 3426; x_wconf 85' lang='lat' dir='ltr'>ria</span> <span class='ocrx_word' id='word_1_417' title='bbox 1832 3379 2069 3427; x_wconf 85' lang='lat' dir='ltr'>Ducatus</span> <span class='ocrx_word' id='word_1_418' title='bbox 2088 3374 2385 3426; x_wconf 87' lang='lat' dir='ltr'>Placentini</span> <span class='ocrx_word' id='word_1_419' title='bbox 2401 3374 2451 3423; x_wconf 91' lang='lat' dir='ltr'>in</span> <span class='ocrx_word' id='word_1_420' title='bbox 2469 3370 2786 3423; x_wconf 87' lang='lat' dir='ltr'>Lombardia.</span> 
     </span>
     <span class='ocr_line' id='line_1_57' title="bbox 1735 3455 1982 3505; baseline 0.008 -2"><span class='ocrx_word' id='word_1_421' title='bbox 1735 3456 1783 3504; x_wconf 93' lang='lat' dir='ltr'><strong><em>T</em></strong></span> <span class='ocrx_word' id='word_1_422' title='bbox 1780 3455 1982 3505; x_wconf 80' lang='lat' dir='ltr'>illemon.</span> 
     </span>
    </p>

    <p class='ocr_par' dir='ltr' id='par_1_20' title="bbox 1729 3529 2790 4134">
     <span class='ocr_line' id='line_1_58' title="bbox 1799 3529 2789 3596; baseline -0.01 -14"><span class='ocrx_word' id='word_1_423' title='bbox 1799 3530 1811 3564; x_wconf 95' lang='lat'><strong>¹</strong></span> <span class='ocrx_word' id='word_1_424' title='bbox 1851 3534 1963 3582; x_wconf 80' lang='lat' dir='ltr'>Non</span> <span class='ocrx_word' id='word_1_425' title='bbox 1981 3532 2095 3592; x_wconf 81' lang='lat' dir='ltr'>sore</span> <span class='ocrx_word' id='word_1_426' title='bbox 2130 3531 2360 3596; x_wconf 76' lang='lat' dir='ltr'>validum]</span> <span class='ocrx_word' id='word_1_427' title='bbox 2406 3530 2547 3583; x_wconf 84' lang='lat' dir='ltr'>Quia</span> <span class='ocrx_word' id='word_1_428' title='bbox 2581 3529 2632 3578; x_wconf 78' lang='lat' dir='ltr'>t‘n</span> <span class='ocrx_word' id='word_1_429' title='bbox 2668 3531 2789 3576; x_wconf 79' lang='lat' dir='ltr'>utero</span> 
     </span>
     <span class='ocr_line' id='line_1_59' title="bbox 1733 3601 2790 3673; baseline -0.009 -15"><span class='ocrx_word' id='word_1_430' title='bbox 1733 3624 1994 3673; x_wconf 79' lang='lat' dir='ltr'>repressum</span> <span class='ocrx_word' id='word_1_431' title='bbox 2014 3609 2141 3657; x_wconf 86' lang='lat' dir='ltr'>illud</span> <span class='ocrx_word' id='word_1_432' title='bbox 2166 3607 2313 3657; x_wconf 88' lang='lat' dir='ltr'>vituli</span> <span class='ocrx_word' id='word_1_433' title='bbox 2346 3613 2526 3671; x_wconf 87' lang='lat' dir='ltr'>caput,</span> <span class='ocrx_word' id='word_1_434' title='bbox 2558 3621 2653 3654; x_wconf 79' lang='lat' dir='ltr'>non</span> <span class='ocrx_word' id='word_1_435' title='bbox 2686 3601 2790 3650; x_wconf 75' lang='lat' dir='ltr'>vali-</span> 
     </span>
     <span class='ocr_line' id='line_1_60' title="bbox 1733 3683 2788 3752; baseline -0.01 -17"><span class='ocrx_word' id='word_1_436' title='bbox 1733 3685 1965 3747; x_wconf 84' lang='lat' dir='ltr'>dumfore</span> <span class='ocrx_word' id='word_1_437' title='bbox 1980 3703 2002 3746; x_wconf 81' lang='lat'>‚-</span> <span class='ocrx_word' id='word_1_438' title='bbox 2037 3687 2160 3752; x_wconf 65' lang='lat' dir='ltr'>quia</span> <span class='ocrx_word' id='word_1_439' title='bbox 2187 3683 2479 3748; x_wconf 87' lang='lat' dir='ltr'>expositum</span> <span class='ocrx_word' id='word_1_440' title='bbox 2517 3686 2788 3733; x_wconf 81' lang='lat' dir='ltr'>monstrum</span> 
     </span>
     <span class='ocr_line' id='line_1_61' title="bbox 1729 3755 2789 3830; baseline -0.012 -15"><span class='ocrx_word' id='word_1_441' title='bbox 1729 3770 1926 3830; x_wconf 81' lang='lat' dir='ltr'>propter</span> <span class='ocrx_word' id='word_1_442' title='bbox 1955 3764 2100 3827; x_wconf 74' lang='lat' dir='ltr'>eiam,</span> <span class='ocrx_word' id='word_1_443' title='bbox 2133 3761 2250 3811; x_wconf 88' lang='lat' dir='ltr'>ideo</span> <span class='ocrx_word' id='word_1_444' title='bbox 2288 3777 2381 3811; x_wconf 77' lang='lat' dir='ltr'>non</span> <span class='ocrx_word' id='word_1_445' title='bbox 2413 3760 2647 3809; x_wconf 78' lang='lat' dir='ltr'>occultum</span> <span class='ocrx_word' id='word_1_446' title='bbox 2671 3755 2789 3817; x_wconf 80' lang='lat' dir='ltr'>fore.</span> 
     </span>
     <span class='ocr_line' id='line_1_62' title="bbox 1734 3837 2788 3904; baseline -0.01 -13"><span class='ocrx_word' id='word_1_447' title='bbox 1734 3839 1861 3891; x_wconf 68' lang='lat' dir='ltr'>Per&#39;</span> <span class='ocrx_word' id='word_1_448' title='bbox 1886 3841 2018 3891; x_wconf 78' lang='lat' dir='ltr'>aliud</span> <span class='ocrx_word' id='word_1_449' title='bbox 2057 3844 2214 3904; x_wconf 77' lang='lat' dir='ltr'>caput,</span> <span class='ocrx_word' id='word_1_450' title='bbox 2256 3837 2503 3902; x_wconf 85' lang='lat' dir='ltr'>intelligit</span> <span class='ocrx_word' id='word_1_451' title='bbox 2536 3837 2788 3889; x_wconf 87' lang='lat' dir='ltr'>Pisonem,</span> 
     </span>
     <span class='ocr_line' id='line_1_63' title="bbox 1729 3911 2790 3981; baseline -0.009 -15"><span class='ocrx_word' id='word_1_452' title='bbox 1729 3918 1812 3981; x_wconf 87' lang='lat' dir='ltr'>cuj</span> <span class='ocrx_word' id='word_1_453' title='bbox 1821 3933 1876 3966; x_wconf 86' lang='lat' dir='ltr'>us</span> <span class='ocrx_word' id='word_1_454' title='bbox 1895 3916 2182 3981; x_wconf 88' lang='lat' dir='ltr'>conjuratio</span> <span class='ocrx_word' id='word_1_455' title='bbox 2203 3912 2459 3965; x_wconf 81' lang='lat' dir='ltr'>conflatur</span> <span class='ocrx_word' id='word_1_456' title='bbox 2476 3911 2682 3973; x_wconf 85' lang='lat' dir='ltr'>sensim,</span> <span class='ocrx_word' id='word_1_457' title='bbox 2699 3917 2790 3958; x_wconf 88' lang='lat' dir='ltr'>sta·</span> 
     </span>
     <span class='ocr_line' id='line_1_64' title="bbox 1730 3982 2784 4058; baseline -0.01 -16"><span class='ocrx_word' id='word_1_458' title='bbox 1730 3994 1926 4058; x_wconf 87' lang='lat' dir='ltr'>timque</span> <span class='ocrx_word' id='word_1_459' title='bbox 1962 3998 2221 4055; x_wconf 86' lang='lat' dir='ltr'>erumpet,</span> <span class='ocrx_word' id='word_1_460' title='bbox 2257 3989 2457 4053; x_wconf 84' lang='lat' dir='ltr'>ingenti</span> <span class='ocrx_word' id='word_1_461' title='bbox 2488 3988 2637 4038; x_wconf 90' lang='lat' dir='ltr'>clade</span> <span class='ocrx_word' id='word_1_462' title='bbox 2675 3982 2784 4035; x_wconf 82' lang='lat' dir='ltr'>Rei-</span> 
     </span>
     <span class='ocr_line' id='line_1_65' title="bbox 1730 4067 2460 4134; baseline -0.008 -15"><span class='ocrx_word' id='word_1_463' title='bbox 1730 4070 1955 4134; x_wconf 81' lang='lat' dir='ltr'>publicae</span> <span class='ocrx_word' id='word_1_464' title='bbox 1980 4076 2033 4118; x_wconf 90' lang='lat' dir='ltr'>et</span> <span class='ocrx_word' id='word_1_465' title='bbox 2057 4067 2460 4132; x_wconf 85' lang='lat' dir='ltr'>conjuratorum.</span> 
     </span>
    </p>

    <p class='ocr_par' dir='ltr' id='par_1_21' title="bbox 1729 4141 2786 4435">
     <span class='ocr_line' id='line_1_66' title="bbox 1795 4141 2785 4206; baseline -0.009 -10"><span class='ocrx_word' id='word_1_466' title='bbox 1795 4146 1890 4196; x_wconf 80' lang='lat' dir='ltr'>Sed</span> <span class='ocrx_word' id='word_1_467' title='bbox 1912 4162 2003 4195; x_wconf 80' lang='lat' dir='ltr'>non</span> <span class='ocrx_word' id='word_1_468' title='bbox 2025 4145 2138 4206; x_wconf 87' lang='lat' dir='ltr'>fore</span> <span class='ocrx_word' id='word_1_469' title='bbox 2165 4141 2398 4206; x_wconf 77' lang='lat' dir='ltr'>validum]</span> <span class='ocrx_word' id='word_1_470' title='bbox 2446 4143 2669 4192; x_wconf 87' lang='lat' dir='ltr'>Innuere</span> <span class='ocrx_word' id='word_1_471' title='bbox 2706 4153 2785 4187; x_wconf 87' lang='lat' dir='ltr'>vo·</span> 
     </span>
     <span class='ocr_line' id='line_1_67' title="bbox 1729 4216 2786 4286; baseline -0.009 -14"><span class='ocrx_word' id='word_1_472' title='bbox 1729 4224 1863 4286; x_wconf 91' lang='lat' dir='ltr'>lunt,</span> <span class='ocrx_word' id='word_1_473' title='bbox 1888 4223 2134 4272; x_wconf 80' lang='lat' dir='ltr'>Pisonem</span> <span class='ocrx_word' id='word_1_474' title='bbox 2157 4228 2211 4270; x_wconf 90' lang='lat' dir='ltr'>et</span> <span class='ocrx_word' id='word_1_475' title='bbox 2235 4220 2345 4285; x_wconf 90' lang='lat' dir='ltr'>ejus</span> <span class='ocrx_word' id='word_1_476' title='bbox 2374 4216 2786 4283; x_wconf 86' lang='lat' dir='ltr'>conjurationem,</span> 
     </span>
     <span class='ocr_line' id='line_1_68' title="bbox 1729 4291 2783 4366; baseline -0.012 -15"><span class='ocrx_word' id='word_1_477' title='bbox 1729 4315 1883 4366; x_wconf 83' lang='lat' dir='ltr'>quam</span> <span class='ocrx_word' id='word_1_478' title='bbox 1905 4300 2084 4350; x_wconf 86' lang='lat' dir='ltr'>statim</span> <span class='ocrx_word' id='word_1_479' title='bbox 2115 4311 2327 4348; x_wconf 83' lang='lat' dir='ltr'>narrare</span> <span class='ocrx_word' id='word_1_480' title='bbox 2359 4295 2541 4359; x_wconf 83' lang='lat' dir='ltr'>incipit</span> <span class='ocrx_word' id='word_1_481' title='bbox 2561 4291 2783 4342; x_wconf 82' lang='lat' dir='ltr'>Tacitus.</span> 
     </span>
     <span class='ocr_line' id='line_1_69' title="bbox 1729 4366 2783 4435; baseline -0.012 -8"><span class='ocrx_word' id='word_1_482' title='bbox 1729 4379 1799 4427; x_wconf 87' lang='lat' dir='ltr'>Et</span> <span class='ocrx_word' id='word_1_483' title='bbox 1823 4385 1970 4428; x_wconf 88' lang='lat' dir='ltr'>certe</span> <span class='ocrx_word' id='word_1_484' title='bbox 1993 4375 2120 4427; x_wconf 86' lang='lat' dir='ltr'>Piso</span> <span class='ocrx_word' id='word_1_485' title='bbox 2141 4373 2274 4426; x_wconf 79' lang='lat' dir='ltr'>aliud</span> <span class='ocrx_word' id='word_1_486' title='bbox 2296 4372 2443 4424; x_wconf 82' lang='lat' dir='ltr'>velut</span> <span class='ocrx_word' id='word_1_487' title='bbox 2477 4374 2616 4435; x_wconf 71' lang='lat' dir='ltr'>caput</span> <span class='ocrx_word' id='word_1_488' title='bbox 2653 4366 2783 4418; x_wconf 81' lang='lat' dir='ltr'>orbis</span> 
     </span>
    </p>
   </div>
  </div>
 </body>
</html>
