3063 4952
418 396 592 462 1734
1102 411 1167 458 c.
1214 406 1575 457 conuenit
1623 406 1905 457 raeiri.

413 556 556 641 jam
589 554 1008 621 oceanum4‘1
1052 562 1317 621 cruento
1364 560 1681 640 aspectu3
1728 555 2061 619 dilabente
2091 558 2288 630 aestu,
2317 551 2644 618 humano-

420 679 566 724 rum
595 678 947 741 corporum
977 657 1248 740 effigies*
1296 659 1614 737 relictaS,⁵
1667 662 1743 720 ut
1794 658 2094 721 Britanni
2147 656 2233 720 ad
2288 676 2504 739 spem,
2550 658 2647 722 ita

422 763 713 826 veterani
745 761 831 825 ad
862 767 1107 826 metum
1136 754 1525 826 trahebant.⁶
1614 760 1774 838 Sed,
1806 762 1965 844 quia
2012 760 2247 844 procul
2278 754 2646 823 S'uetonius

425 865 678 941 aberat,
726 865 1015 948 petivere
1066 883 1109 927 a
1159 862 1332 927 Cato
1381 863 1708 940 Deciano,
1758 864 2257 940 Procuratore,⁷
2289 863 2648 927 auxilium.

427 965 551 1030 Ille
579 966 756 1031 haud
801 966 1108 1050 ampliuS,
1142 986 1348 1049 quarn
1377 966 1723 1044 ducentos,
1763 966 1903 1031 sine
1940 967 2144 1050 justis
2176 967 2403 1031 armis⁵
2429 965 2654 1030 misit:

431 1077 497 1132 et
526 1070 733 1133 inerat
777 1069 1061 1133 modicat
1088 1070 1372 1135 militum
1423 1090 1685 1135 manus
1774 1070 2021 1134 Tutela
2067 1069 2297 1153 templi
2325 1068 2531 1146 freti‚¹¹
2557 1066 2651 1130 et²3

424 1237 655 1298 imagines
675 1253 917 1300 corporum
944 1238 1250 1287 humanorum
1273 1238 1342 1287 ibi
1368 1239 1624 1288 destitutas
1658 1252 1796 1287 esse.
1851 1238 1961 1287 haec
2000 1242 2053 1286 nt
2094 1237 2283 1285 barbari
2323 1237 2374 1285 in
2410 1250 2558 1298 spem,
2578 1233 2655 1280 ita

422 1302 597 1350 milites
624 1304 783 1352 nostri
824 1303 872 1351 in
895 1303 1206 1364 formidinem
1229 1304 1543 1368 accipiebant.
1637 1304 1732 1353 Sed
1756 1304 1869 1366 qnia
1895 1306 2034 1366 longe
2072 1302 2235 1351 aberat
2257 1301 2530 1359 Suetonius,
2551 1313 2655 1372 ρυρ-

429 1368 636 1416 tutaret-e
656 1369 911 1417 subsidium
934 1384 964 1417 a
991 1369 1113 1418 Cato
1138 1369 1373 1431 Deciano,
1393 1374 1700 1437 procuratore
1725 1368 1917 1418 Caesar
1908 1383 1967 1416 is.
2020 1368 2163 1417 Sed
2144 1384 2190 1416 ts
2211 1383 2301 1415 non
2319 1368 2485 1430 plures
2504 1363 2659 1419 misit,

428 1448 565 1494 quam
586 1434 823 1495 ducentos,
846 1449 928 1483 nec
949 1433 1071 1483 satis
1088 1439 1329 1485 manetes.-
1363 1440 1412 1484 et
1434 1428 1593 1484 inerat
1616 1435 1837 1484 coloniae
1872 1434 2083 1483 militant
2104 1448 2276 1495 agmen
2298 1432 2549 1491 exiguum,
2572 1427 2658 1492 qui

1356 1598 1679 1618 ‘eoeneoeoe
1688 1596 1714 1616 O

433 1692 760 1741 Brotier.-—4
793 1693 1078 1756 Perper-am
1120 1693 1171 1743 in
1206 1694 1333 1747 Mss.
1360 1696 1490 1759 Reg.
1516 1694 1664 1745 Harl.
1689 1694 1853 1744 Bodl.
1879 1697 1992 1747 Jes.
2034 1701 2089 1743 et
2123 1693 2438 1744 editionibus
2464 1692 2661 1742 veteri·

425 1758 540 1816 bus,
569 1759 675 1817 jam
720 1759 1027 1806 Oceanus—5
1078 1760 1254 1824 effigies
1296 1761 1575 1809 rehem—6
1626 1760 1959 1810 trahebantur.
2026 1760 2296 1809 Idem—⁷
2338 1760 2661 1822 Imperatore,

430 1821 830 1882 male,Budens.
899 1823 1211 1874 Oberlin.—8
1245 1824 1653 1888 Itainterpunxi
1698 1824 1765 1873 de
1808 1826 2069 1875 sententia
2093 1825 2447 1873 Freinshemii.
2519 1824 2661 1872 Hae·

432 1894 612 1937 tenus:
675 1902 855 1951 manns,
889 1890 1038 1938 tutela
1072 1891 1235 1953 templi
1259 1890 1407 1951 freti.
1476 1892 1546 1939 Et
1572 1904 1886 1955 perperam:
1923 1891 2042 1941 duae
2084 1890 2222 1939 enim
2264 1905 2437 1940 causae
2465 1902 2661 1952 propo·

1421 2040 1641 2091 NOTAE

428 2143 552 2207 (tite,
567 2147 870 2209 apparuisse
888 2148 940 2197 in
957 2149 1105 2216 aquis
1122 2151 1359 2202 Tamesae
1383 2167 1499 2216 spe·
1580 2158 1720 2215 runt,
1763 2132 1853 2201 sec'l
1896 2166 2016 2201 vera
2056 2164 2278 2215 corpora
2313 2154 2494 2197 erant:
2554 2162 2664 2197 nou

429 2221 562 2270 ciem
618 2238 708 2273 seu
762 2225 1041 2290 imaginem
1093 2229 1255 2279 totius
1309 2229 1502 2278 colonioe
1581 2235 1733 2278 vocat
1778 2234 1950 2278 tamen
1988 2243 2052 2277 ea
2089 2229 2303 2277 Tacitus
2343 2241 2541 2290 corpora
2577 2226 2670 2274 ha·

430 2299 681 2351 mbcersoe:
713 2304 810 2353 hoc
836 2305 1127 2369 prodigium
1154 2304 1273 2370 fuit,
1294 2321 1502 2371 quomo·
1580 2322 1738 2369 mana,
1762 2307 1884 2371 quia
1907 2310 2053 2355 certe
2094 2318 2198 2353 non
2238 2317 2363 2352 vere
2404 2302 2663 2361 homines,

430 2377 497 2425 do
514 2378 567 2427 id
582 2380 778 2430 visum?
803 2397 887 2446 an,
900 2391 959 2433 ut
982 2385 1095 2434 vult
1116 2384 1239 2447 Dio,
1254 2385 1504 2449 subaquis,
1582 2383 1674 2433 sed
1710 2390 1914 2433 tantum
1951 2380 2151 2446 effigies
2187 2380 2507 2431 exhibebant
2548 2393 2665 2428 cor-

432 2462 486 2506 et
510 2458 654 2509 velut
675 2460 727 2509 in
753 2463 1002 2525 speculo?
1038 2461 1407 2527 Cogitandum.
1582 2476 1768 2526 porum
1791 2461 2149 2523 humanorum,
2187 2459 2310 2524 quia
2333 2470 2522 2520 nempe
2551 2456 2665 2507 Ne-

493 2542 518 2577 ·1
556 2537 817 2603 Oceanum]
849 2541 1019 2605 Supra
1043 2546 1279 2591 xur.53.
1581 2538 1752 2587 reides
1795 2545 1962 2587 erant.
2053 2537 2215 2586 Certe
2270 2549 2374 2584 non
2434 2543 2665 2596 corpora

494 2618 513 2645 ¹*
546 2614 770 2679 Effigies]
803 2617 1011 2682 Nempe
1046 2619 1292 2669 Tritones
1317 2625 1372 2669 et
1394 2620 1502 2669 Ne·
1580 2616 1820 2679 humana,
1845 2616 1934 2663 sed
1958 2614 2141 2680 effigies
2161 2626 2408 2676 corporum
2439 2610 2669 2659 hainone·

432 2688 618 2754 reides,
650 2707 767 2757 quae
796 2692 1021 2743 humano
1058 2697 1228 2759 vultu,
1250 2696 1302 2744 in
1328 2696 1498 2759 pisces
1581 2705 1706 2743 rum.

431 2766 548 2816 alvo
572 2767 836 2820 desinunt.
876 2772 980 2821 Dio
1008 2772 1102 2823 lib.
1127 2788 1236 2823 mv.
1275 2774 1349 2822 ait
1381 2775 1396 2801 ‘
1422 2774 1502 2823 M.
1652 2767 1876 2834 Effigies]
1899 2767 2062 2831 Puto,
2087 2781 2188 2817 non
2210 2773 2410 2816 tantum
2435 2764 2668 2827 intelligi

432 2842 609 2893 Druso
649 2846 871 2909 Libone,
909 2855 964 2898 et
1004 2848 1070 2899 L.
1093 2849 1378 2913 Calpurnio
1417 2849 1506 2899 Pi·
1584 2847 1870 2910 phasmata,
1892 2854 1983 2896 aut
2007 2847 2211 2910 species
2234 2846 2543 2894 humanorum
2566 2857 2671 2891 cor·

432 2933 578 2980 sone,
601 2923 743 2972 Coss.
780 2924 915 2973 visas
954 2926 1173 2990 specie8‚
1209 2940 1322 2990 quae
1358 2939 1504 2974 sexa·
1582 2939 1767 2988 porum,
1805 2940 1919 2989 quae
1982 2929 2299 2988 apparerent
2357 2924 2545 2983 oculis,
2608 2927 2669 2971 et

435 2994 580 3058 ginta
602 2998 762 3060 pedes
782 3001 973 3065 longae,
1009 3001 1197 3065 viginti
1235 3002 1375 3064 latae,
1395 3017 1504 3051 mu·
1586 3002 1764 3051 statim
1802 3007 2177 3051 vanescereut:
2212 3015 2333 3049 nam
2364 3000 2495 3048 dicit
2516 2998 2670 3048 'Paci-

433 3072 647 3123 lieribus
700 3076 891 3127 similes
946 3077 1232 3129 extabant!
1311 3079 1505 3129 Juven.
1586 3086 1669 3129 tus
1692 3079 1899 3141 relictas,
1922 3080 1995 3128 ita
2019 3085 2079 3128 ut
2102 3092 2243 3126 verae
2264 3087 2323 3126 et
2346 3074 2530 3125 solidae
2557 3072 2671 3124 effi·

432 3148 545 3197 Sat.
569 3154 618 3201 4.
650 3151 666 3179 ‘
691 3152 887 3202 Oceani
924 3162 1160 3206 monstra
1195 3160 1250 3204 et
1280 3146 1504 3219 juvenes
1589 3156 1698 3220 gies
1755 3171 2033 3218 corporum
2110 3156 2550 3218 conspicerentur
2607 3166 2672 3202 ae

433 3225 624 3275 vidisse
649 3228 905 3279 marinos.’
942 3231 1079 3281 Ptin.
1102 3246 1184 3282 lx.
1207 3238 1256 3280 5.
1282 3232 1374 3293 ait,
1395 3232 1412 3258 ‘
1432 3232 1504 3281 le·
1588 3240 1946 3296 tangerentur.
2016 3232 2153 3281 Haec
2193 3235 2428 3279 monstra
2463 3229 2673 3278 marina

433 3309 612 3365 gatum
635 3305 888 3369 quendam
912 3307 1100 3357 Galliae
1126 3308 1191 3356 ad
1213 3306 1507 3372 Augustum'
1586 3309 1925 3373 interpretari
1960 3309 2137 3369 liceat,
2174 3322 2290 3372 quae
2335 3320 2456 3355 vere
2492 3306 2673 3370 specie

434 3381 721 3444 scripsisse,
745 3385 1039 3448 complures
1064 3400 1318 3449 apparere
1343 3385 1395 3433 in
1419 3385 1504 3434 lit·
1586 3385 1848 3435 hominum
1892 3383 2201 3450 quandoque
2242 3397 2298 3434 se
2335 3382 2593 3431 exhibent
2618 3382 2673 3431 in

436 3464 551 3509 tore
576 3462 837 3511 exanimes
860 3463 1117 3513 Nereidas
1126 3464 1508 3529 jacentesque!
1589 3465 1740 3513 mari.

2317 408 2410 472 [A.
2432 408 2500 460 υ.
2523 400 2670 463 διε(
2700 379 2705 386 ’

438 3536 634 3586 Nostra
654 3544 781 3587 aetas
815 3540 863 3587 in
899 3539 1183 3588 Hollandia
1208 3541 1508 3603 complures

433 3612 567 3662 vidit
592 3616 857 3666 Britannis
881 3617 1082 3678 vicina3
1120 3632 1233 3681 quae
1272 3617 1360 3665 vix
1397 3631 1508 3666 cre-

437 3691 550 3752 das,
573 3699 628 3741 et
652 3692 936 3757 antiquitas
963 3707 1066 3742 nou
1090 3691 1288 3741 abnuit.
1356 3692 1511 3742 Aure

436 3767 545 3817 lius.

503 3846 722 3912 Effigies]
754 3848 932 3898 Vertit
973 3847 1132 3897 etiam
1164 3847 1507 3906 nobilissimus

434 3922 721 3986 Interpres,
744 3925 891 3989 quasi
929 3925 1032 3973 illae
1077 3926 1387 3973 humanorum
1408 3941 1507 3974 cor·

426 4012 594 4061 porum
618 4002 869 4063 imagines
888 4015 1034 4050 coeno
1053 4010 1108 4049 et
1132 4000 1327 4049 illuviei
1350 4002 1504 4050 maris

430 4074 710 4137 impressa»,
735 4074 1034 4141 'relictaeque
1065 4077 1137 4125 ibi
1162 4083 1359 4139 essent,
1389 4077 1503 4126 abs·

433 4151 656 4200 cedente
677 4164 826 4203 aestu.

497 4224 600 4275 Sed
624 4243 758 4277 verae
778 4237 832 4278 et
857 4223 1033 4278 solidae
1052 4229 1154 4277 illae
1175 4226 1372 4290 effigies
1391 4243 1505 4278 cor·

436 4315 637 4366 porum,
682 4319 777 4353 nec
840 4311 1042 4355 tantum
1080 4307 1345 4370 impressae
1391 4304 1503 4355 fne-

1654 3549 1673 3574 ⁸
1706 3541 1821 3590 Sine
1842 3541 1992 3602 justis
2010 3525 2199 3602 ‘'armis]
2233 3540 2355 3589 Non
2399 3538 2556 3601 plane
2593 3551 2678 3586 ar·

1588 3625 1786 3668 matos:
1824 3625 1976 3667 erant
2016 3618 2151 3666 enim
2193 3618 2294 3665 alia
2327 3617 2551 3676 alarum,
2576 3615 2682 3666 alia

1590 3697 1849 3759 legionum
1896 3703 2056 3745 arma.
2114 3695 2377 3744 Fet-retius.
2465 3693 2680 3756 Nempe

1593 3772 1714 3836 quia
1734 3773 1787 3820 hi
1812 3787 1878 3820 ex
1906 3771 2313 3835 provincialibus
2353 3769 2566 3819 collecti
2597 3775 2677 3817 til-³

1589 3849 1870 3897 rnultuaria
1891 3863 2072 3896 manus
2092 3856 2443 3910 procuratore
2463 3844 2680 3894 sordido

1590 3932 1642 3972 et
1666 3925 1902 3989 pecuniae
1938 3931 2194 3988 parcente
2219 3925 2271 3972 in
2297 3923 2518 3972 exitium
2548 3922 2682 3985 pub-

1589 4000 1761 4062 licum,
1784 4008 1842 4049 ut
1866 4002 1999 4050 tales
2034 4001 2267 4049 homines
2289 4000 2475 4049 solent.
2667 4000 2672 4010 '

1652 4079 1669 4111 ⁸
1704 4078 1924 4141 Modica]
1963 4080 2166 4142 Nempe
2192 4079 2428 4139 veterani,
2452 4076 2543 4140 qui
2580 4076 2678 4125 sub

1500 4162 1505 4166 ’
1588 4156 1779 4203 vexillo
1800 4156 2070 4204 merebant
2090 4172 2104 4215 ς
2134 4155 2362 4220 aquilam
2385 4154 2525 4202 enim
2543 4167 2680 4199 erne-

1587 4231 1672 4277 riti
1698 4231 1771 4278 illi
1799 4230 2202 4294 relinquebant3
2243 4229 2330 4292 qui
2355 4235 2546 4277 tamen
2565 4241 2679 4275 vex·

1583 4308 1732 4356 illarii
1752 4322 1852 4356 non
1873 4308 2215 4369 vocabantur,
2232 4305 2326 4355 sed
2352 4303 2583 4354 ceteram.
