3063 4952
337 441 398 511 ,1.
419 443 484 495 e.
501 441 618 508 οε.)
657 465 666 476 -

1050 437 1462 488 Annaeum
1513 435 1663 486 hm.
1709 436 1845 490 ΧΨ.

2381 422 2561 497 m

337 589 726 670 proximum
773 589 1025 657 mare:¹
1064 585 1241 650 unde
1296 584 1536 648 hausta
1586 603 1761 667 aqna
1782 584 2120 669 ,templum
2164 591 2231 652 et
2268 587 2564 655 simula».

338 709 532 754 crum
583 690 751 755 Deae
806 709 1232 773 prospersum
1278 697 1382 752 est
1398 696 1445 754 :²

1489 695 1561 753 et
1615 689 2026 753 sellisternia³
2059 710 2140 754 ac
2189 693 2568 775 pervigilia-‘³

335 873 451 922 dein
486 876 615 938 apud
650 872 854 923 cicinum
877 889 1035 926 mare:
1066 875 1189 923 unde
1224 878 1378 923 sunta
1417 875 1563 935 unda,
1582 888 1769 937 aspersa
1790 878 1861 921 est
1895 876 2038 939 oedes,
2060 879 2107 923 et
2142 879 2302 924 statua
2326 876 2465 939 Deoe,
2495 881 2559 925 et.

1274 1004 1449 1023 000000

1453 1004 1629 1023 000000

332 1110 562 1161 tien—2
600 1098 946 1161 Emendatum
965 1111 1019 1159 in
1066 1112 1168 1162 Ms.
1206 1111 1357 1161 Rari.
1394 1127 1687 1175 perspersum
1723 1117 1908 1162 est—3
1933 1112 2020 1162 Ita
2061 1114 2186 1164 Mss.
2228 1115 2368 1163 Flor.
2406 1113 2547 1164 Bud.

336 1175 524 1225 Guelf.
551 1175 777 1240 Ryckius
801 1184 856 1225 et
896 1178 1231 1226 recentiores.
1299 1177 1360 1225 Iu
1405 1179 1504 1225 Ms.
1542 1178 1691 1226 Bodl.
1713 1179 1991 1227 seliseernia.
2060 1179 2161 1228 Ms.
2188 1181 2318 1242 Reg.
2357 1188 2415 1229 et
2438 1179 2551 1234 edi·

336 1240 514 1292 tiones
530 1247 754 1307 veteres,
770 1241 1077 1293 bethunia.
1129 1243 1213 1292 Sic
1230 1257 1434 1307 quoque
1456 1243 1623 1293 altera
1644 1257 1793 1292 manu
1820 1243 2147 1293 emendatum
2171 1244 2223 1294 in
2245 1245 2346 1293 Ms.
2371 1243 2571 1300 Gueltt·

1342 1382 1563 1434 NOTAE

336 1496 674 1549 intellexere.

407 1579 427 1604 ¹
458 1574 602 1637 Apud
640 1574 912 1637 proximum
954 1573 1107 1637 mure]
1175 1572 1404 1623 Similem

336 1651 693 1700 caerimoniam
719 1651 963 1701 describit
1001 1653 1121 1712 Dio,
1145 1651 1181 1698 l.
1207 1663 1403 1700 xnvtn.

338 1727 407 1777 ad
427 1741 619 1776 anuum
641 1732 758 1776 716.
846 1731 861 1755 ‘
883 1728 1221 1778 Simulacrum
1246 1728 1405 1775 virtu·

336 1803 430 1865 tis,
456 1803 595 1868 quod
622 1810 743 1853 ante
780 1812 982 1867 portam
1005 1804 1261 1870 quandam
1299 1811 1403 1852 sta-

336 1879 451 1943 bat,
489 1880 539 1929 in
580 1878 771 1929 faciem
815 1880 1047 1931 decidit:
1080 1889 1135 1929 et
1175 1880 1405 1946 quidam,

334 1954 517 2005 furore
547 1957 727 2007 matris
766 1959 937 2008 Deum
972 1959 1218 2022 correpti,
1253 1957 1402 2006 irasci

335 2033 536 2097 populo
583 2033 755 2083 Deam
798 2033 1062 2086 dixerunt.
1097 2065 1102 2068 Α
1148 2034 1273 2098 Ejus
1327 2033 1402 2082 rei

338 2123 498 2158 causa
537 2110 761 2175 inspecti
805 2117 925 2159 sunt
968 2111 1087 2160 libri
1128 2111 1403 2173 Sibyllini3

337 2188 431 2253 qui
474 2202 595 2237 cum
633 2188 814 2237 eadem
856 2188 1108 2249 dicerent,
1135 2189 1406 2252 ipsamque

335 2264 670 2314 simulacrum
714 2264 781 2313 ad
829 2279 980 2314 mare
1021 2265 1307 2328 deportari,
1351 2271 1407 2313 et

337 2356 478 2407 aqna
512 2342 669 2391 maris
710 2342 920 2392 lustrari
945 2340 1216 2406 juberent,
1252 2346 1424 2406 quam·

329 2418 638 2483 longissime
656 2434 687 2468 a
707 2425 846 2468 terra
865 2419 918 2467 iu
934 2417 1244 2484 profundum
1263 2434 1404 2469 mare

335 2509 618 2561 progressa
654 2504 739 2546 est
761 2497 890 2556 Dea,
924 2501 983 2544 et
1016 2495 1311 2561 aliquandiu
1332 2497 1404 2546 ibi

335 2580 561 2634 morata,
586 2574 673 2622 vix
688 2588 807 2622 sero
828 2574 1035 2623 tandem
1050 2580 1262 2638 recepta
1284 2574 1404 2625 est!

403 2649 475 2698 Et
498 2649 818 2699 Prudentius
856 2647 924 2698 de
960 2649 1231 2699 simulacro
1255 2649 1402 2700 bonae

335 2726 474 2776 Deae
499 2726 637 2791 quod
682 2725 866 2775 essedo
899 2739 991 2775 seu
1032 2735 1283 2791 carpento
1320 2743 1403 2777 ve-

333 2802 582 2865 hebatur,
617 2809 672 2852 et
710 2803 848 2868 quod
894 2804 1266 2867 praecedebant
1299 2819 1402 2854 ma·

335 2888 505 2931 tronae
523 2881 711 2929 calceis
733 2880 936 2943 amotis,
955 2894 1115 2947 usque
1137 2882 1203 2930 ad
1236 2882 1401 2931 rivum

337 2966 442 3022 quo
466 2957 756 3006 lavabatur.
821 2958 837 2984 ‘
856 2956 1015 3021 Lapis
1036 2958 1254 3022 nigellus
1285 2972 1404 3007 eve-

333 3033 539 3084 hendus
559 3034 762 3095 essedo,
781 3034 1057 3083 Muliebris
1076 3035 1178 3084 oris
1201 3037 1402 3085 clausus

336 3117 563 3177 argento
599 3112 764 3161 sedet.
831 3111 962 3162 Quae
997 3111 1120 3160 dum
1158 3112 1223 3161 ad
1265 3114 1403 3162 lava-

333 3196 482 3239 crum
499 3188 782 3252 pmeuudo
794 3186 985 3237 ducitis
995 3187 1167 3236 Pedes
1189 3190 1404 3239 remotis

332 3271 626 3317 atterentes
644 3264 830 3315 calceis
849 3261 1085 3312 Almonis
1105 3276 1267 3327 usque
1287 3278 1412 3327 pere

339 3341 534 3390 venitis
557 3339 815 3390 rivulum!
882 3336 1077 3390 Arnob.
1101 3340 1135 3390 l.
1157 3352 1261 3389 vu.
1284 3354 1403 3389 con-

337 3425 424 3470 tra
446 3417 611 3468 Gent.
644 3420 661 3445 ‘
685 3416 906 3466 Lavatio
926 3416 1106 3465 matris
1132 3417 1302 3467 Deum
1322 3422 1404 3466 est

335 3497 533 3547 hodie.'

385 3574 574 3638 “Mor-e]
605 3575 745 3626 Nam
763 3572 945 3637 expiat
962 3571 1152 3622 omnia.
1169 3572 1281 3622 Cic.
1305 3586 1403 3636 pro

337 3653 529 3704 Roscio
556 3653 733 3702 Amet.
755 3651 848 3715 ait,
879 3652 895 3678 ‘
919 3649 1048 3700 mari
1069 3655 1266 3713 cetera,
1286 3663 1400 3713 quae

333 3730 533 3781 violata
557 3738 696 3791 suut,
718 3729 949 3794 expiari!

379 3806 748 3856 ⁴&Senmet-uia
783 3816 840 3854 ae
867 3805 1154 3869 pervigilia]
1226 3805 1402 3856 Probe

332 3884 545 3935 omuino
588 3883 896 3933 lecti-stende.
963 3884 1093 3933 Cum
1135 3892 1306 3957 tamen
1344 3885 1410 3933 in·

332 3967 442 4012 vet.
457 3958 696 4010 Budensi
721 3969 777 4010 et
798 3961 932 4009 Flor.
954 3961 1038 4022 sit,
1073 3960 1368 4011 Selii-dmin
1382 3978 1400 4010 .-

332 4050 438 4090 non
461 4038 611 4087 nefas
631 4038 881 4102 suspicari
901 4038 1210 4088 Solisternia:
1243 4049 1301 4089 ut
1324 4040 1400 4089 in·

336 4116 549 4179 telligat
583 4113 836 4178 foeminas‚
870 4115 1251 4179 (receptissimo
1273 4123 1399 4167 tuuc

329 4192 469 4257 ritu)
500 4205 722 4256 corpora
770 4193 821 4240 in
876 4194 1081 4242 humum
1127 4193 1408 4256 abjecisse,³

335 4268 403 4319 ad
471 4280 587 4316 aras
638 4269 873 4316 Deorum
927 4270 1166 4332 repsisse.
1199 4270 1412 4321 Lucan:

335 4345 498 4404 libro·
522 4358 587 4401 rr.
652 4347 669 4375 ‘
688 4346 790 4397 11ae
856 4347 1095 4412 lacrymis
1159 4354 1408 4414 sparsere

1484 1495 1653 1557 Deos,
1704 1496 1786 1545 hae
1844 1503 2060 1559 pectora
2111 1496 2243 1546 duro
2299 1496 2561 1550 Afflixers·

1484 1572 1627 1623 solo!
1680 1573 1913 1623 Statius:
1968 1573 2238 1622 ‘omnibus
2276 1574 2377 1623 aris
2421 1574 2545 1624 Illa·

1483 1649 1705 1713 crymat,
1741 1651 2013 1715 signatque
2049 1648 2212 1712 foreS,
2231 1658 2287 1700 et
2331 1657 2545 1715 pectore

1483 1734 1659 1790 terget
1691 1727 1924 1777 Limina.’
1989 1727 2057 1776 Et
2093 1728 2145 1775 in
2180 1726 2348 1787 Livio,
2386 1728 2542 1789 Poly·

1487 1803 1594 1864 bio,
1616 1803 1860 1867 Apuleio,
1882 1804 2139 1868 exempla.
2204 1805 2417 1868 Lipsius.
2558 1805 2567 1812 '

1525 1881 1888 1944 ’Lects'uernifl
1920 1881 2121 1931 Gellius
2143 1881 2233 1942 ait,
2264 1882 2442 1930 Roma:
2487 1882 2543 1931 in

1484 1959 1819 2009 lectisterniis
1853 1958 2035 2008 eodem
2059 1958 2111 2006 in
2144 1958 2282 2007 lecto
2321 1958 2548 2022 positum

1483 2037 1517 2088 J
1523 2047 1670 2085 ovem
1694 2050 1810 2085 cnm
1832 2036 2057 2095 Junone‚
2091 2034 2292 2084 Latiam
2315 2049 2430 2084 cum
2458 2034 2551 2083 Sa·

1487 2122 1659 2175 turno,
1703 2113 1902 2161 Horam
1926 2126 2043 2160 cum
2085 2111 2321 2174 Quirino,
2350 2111 2548 2160 Maiam

1485 2198 1605 2239 cnm
1626 2189 1884 2249 Vulcano,
1908 2187 2181 2247 Salaciam,
2205 2186 2259 2234 id
2281 2193 2381 2248 est,
2418 2187 2549 2236 Tbe-

1487 2266 1582 2314 tim
1636 2280 1753 2314 cum
1825 2266 2091 2328 Neptuno,
2149 2264 2363 2314 Neriam
2430 2278 2564 2313 cum·

1487 2342 1682 2390 Marte.
2023 2379 2031 2400 ·.
2558 2335 2567 2348 ‘

1529 2417 1765 2467 *Tertulh
1789 2417 1841 2465 in
1864 2413 2090 2481 Apnlug.
2123 2417 2139 2444 ‘
2165 2415 2380 2466 Grande
2406 2414 2565 2466 vide-'

1481 2495 1614 2546 licet
1651 2493 1894 2554 officium,
1928 2499 1986 2542 et
2022 2491 2184 2555 focos,
2220 2499 2277 2542 et
2314 2500 2455 2543 toros
2492 2493 2548 2544 in

1484 2570 1748 2636 publicum
1796 2570 2041 2632 educere,
2078 2570 2291 2620 vicatim
2328 2571 2564 2634 epulari5‘

1484 2648 1756 2699 civitatem
1810 2648 2043 2698 tabernae
2082 2646 2263 2697 babitu
2316 2645 2565 2699 abolem·-

1483 2725 1645 2776 cere.’
2548 2734 2559 2751 ‘2

1549 2804 1728 2853 Ritum
1769 2816 2110 2868 pompamque
2147 2801 2398 2852 describit
2430 2801 2546 2852 Liv-

1483 2894 1539 2931 v.
1572 2882 1739 2931 ‘Tota
1805 2880 1952 2942 urbe,
2013 2880 2317 2944 patentibus
2350 2879 2547 2943 januis,

1482 2958 1878 3024 promiscuoque
1903 2973 1997 3007 usu
2027 2972 2198 3007 rerum
2242 2958 2464 3007 omnium
2489 2955 2554 3007 i1r

1481 3036 1759 3099 propatulo
1800 3034 2004 3099 posito,
2045 3040 2195 3085 notos
2233 3034 2545 3099 ignotosque

1482 3113 1671 3175 passim
1703 3111 1930 3161 advenas
1953 3112 2008 3160 in
2030 3111 2311 3175 hospitium
2333 3116 2549 3160 evectos

1483 3188 1677 3251 ferunt,
1699 3195 1754 3239 et
1793 3203 1911 3238 cum
1949 3188 2167 3237 inimicis
2206 3202 2412 3252 quoque
2455 3187 2547 3238 be-

1482 3268 1638 3332 nigue
1662 3282 1722 3317 ac
1760 3267 1979 3316 comiter
2016 3258 2273 3315 sermones
2302 3266 2506 3316 habitos
2526 3272 2567 3328 ς·

1472 3345 1663 3409 jurgiis
1708 3350 2072 3408 temperatum,
2112 3341 2296 3390 vinctis
2339 3355 2545 3407 quoque

1481 3419 1660 3470 demta
1681 3420 1736 3469 in
1759 3421 1877 3469 illos
1898 3419 2009 3469 dies
2032 3418 2267 3468 vincula:
2303 3417 2552 3481 religioni·

1409 3506 1412 3513 ·
1482 3497 1673 3546 deinde
1707 3496 1888 3560 fuisse,
1908 3495 2094 3562 quibus
2118 3510 2233 3545 eam
2271 3509 2425 3560 opem
2448 3494 2551 3545 Dii

1482 3575 1739 3639 tulissent,
1760 3573 1980 3633 uinciri!
2047 3575 2114 3623 Iu
2133 3575 2348 3638 privatis
2384 3573 2564 3623 domi-·

1482 3650 1578 3701 bus
1600 3652 1865 3702 celebrata
1886 3653 2045 3701 etiam
2073 3651 2414 3701 lectisternia.
2554 3656 2557 3659 '

1544 3720 1836 3793 Per-eigilis]
1868 3730 2021 3793 Quae,
2042 3736 2191 3794 puto,
2214 3730 2266 3779 in
2297 3729 2544 3780 bonorem

1482 3808 1705 3869 Cereris,
1746 3807 2185 3872 quemadmodum
2227 3813 2283 3856 et
2322 3806 2545 3858 Juuonis

1482 3884 1699 3947 Reginae
1724 3884 2059 3933 celebravere
2086 3881 2333 3943 foeminae,
2372 3896 2544 3931 exem-

1485 3960 1572 4024 plo
1618 3960 1932 4026 Atticarum,
1968 3975 2085 4027 quie
2139 3958 2561 4024 Thesmophoria·

1482 4037 1835 4087 celebrabant.
2244 4026 2263 4084 ¹.

1549 4115 1811 4164 Arnob.5.
1846 4119 2027 4165 contra
2064 4113 2298 4163 Gentes:
2330 4113 2347 4141 ‘
2366 4113 2542 4165 Vultis

1482 4192 1861 4242 consideremus
1914 4199 1971 4240 et
2023 4192 2113 4240 illa
2166 4191 2359 4254 divina,
2424 4199 2557 4257 qum*

1481 4269 2241 4334 'l'besmoptroria‘nominantur
2262 4283 2294 4318 a
2320 4269 2545 4334 Grecis,

1482 4347 1668 4417 quibus
1708 4355 1871 4420 geute
1905 4346 1972 4403 ab
2011 4345 2212 4413 Attica,
2236 4350 2418 4400 sancta
2449 4346 2555 4400 illa⁴
