3063 4952
2413 349 2585 423 lm

372 511 747 596 premittere
777 507 1040 592 subefft
1060 507 1308 591 ⁸dumsss
1339 508 1719 592 ingentibus
1733 516 1777 575 :²
1818 508 1974 587 nisi,
2006 506 2186 594 quod
2211 527 2462 586 merces
2492 511 2590 576 ab

370 634 472 693 eu,
499 615 618 698 qui
638 613 876 697 jubere
906 618 1147 697 potest,
1179 613 1318 677 vim
1345 613 1761 678 necessitatis
1789 612 1995 679 affert.

388 756 397 787 f
453 719 568 783 15.
634 717 746 793 Ne
805 721 1021 791 tamen
1078 715 1298 783 adhuc
1355 718 1640 800 publico
1683 718 1959 781 theatro¹
2022 716 2590 799 dehonestaretur,

368 821 660 889 instituit
684 820 903 896 ludos,
911 816 1206 903 juvenali
1212 827 1341 880 um⁸
1368 819 1723 898 vocabulo,
1752 820 1826 883 in
1844 838 2014 903 quos
2037 819 2296 903 passim
2317 822 2590 887 nomina.

375 371 425 433 ιι
452 371 510 423 c.
534 369 655 436 ορ.)
1089 361 1509 421 summum
1557 364 1703 421 ms.
1754 364 1919 417 x1v.

364 1026 415 1074 ιἰι
437 1040 631 1075 arenam
649 1027 992 1089 descenderent,
1010 1012 1231 1074 maximis
1250 1027 1545 1077 muneribus.-
1577 1027 1673 1076 nisi
1694 1030 1812 1091 quod
1844 1027 2096 1092 proemium
2128 1027 2186 1076 ab
2204 1043 2256 1077 eo
2278 1026 2476 1093 datum,
2496 1027 2580 1094 qui

372 1091 605 1157 imperare
621 1092 789 1155 possit,
802 1091 897 1140 tim
913 1097 960 1140 et
979 1093 1300 1140 necessitatem
1322 1090 1488 1152 infert.

432 1157 511 1207 Ne
531 1160 689 1206 tamen
710 1156 859 1205 adhuc
889 1156 1075 1219 publica
1110 1172 1246 1205 scena
1283 1158 1702 1221 contaminaretur,
1740 1157 2034 1220 excogitavit
2071 1159 2221 1221 ludos,
2251 1157 2582 1211 Juvenanum

365 1235 567 1282 nomm,
588 1223 642 1272 in
663 1236 773 1286 quos
788 1224 968 1286 passim
998 1221 1195 1285 ascripti
1217 1221 1362 1273 cives:
1395 1238 1485 1271 ιιοιι
1519 1195 1754 1271 claritu'do
1776 1223 1963 1287 stirpis,
2002 1238 2094 1272 non
2132 1230 2270 1288 aetas,
2301 1222 2583 1274 antehabita

1300 1349 1357 1368 θ’
1332 1349 1477 1368 ‘0006'
1452 1350 1660 1370 OOONOO

364 1448 528 1561 Νἷιιι
520 1447 671 1498 abest
694 1448 761 1499 ab
783 1448 1010 1499 editione
1034 1448 1273 1514 principe
1280 1454 1424 1501 .--11
1460 1450 1523 1499 In
1553 1451 1654 1500 Ms.
1679 1451 1810 1515 Reg.
1835 1455 1892 1499 et
1913 1449 2143 1505 editione
2167 1449 2424 1516 principe,
2444 1450 2586 1502 donis

363 1514 893 1631 sulegivthgfrznssbgagst
934 1593 965 1628 a
998 1577 1101 1631 Ms.
1121 1578 1229 1632 Jes.
1231 1583 1335 1630 —2
1380 1578 1593 1631 Amicus
1615 1578 1807 1645 Ryckii
1844 1577 2173 1644 emendabat,
2208 1584 2480 1648 motusque,-
2514 1587 2580 1635 ut

1367 1747 1579 1798 NOTAE

360 1859 857 1925 propinquitatibus,
891 1860 1092 1925 opibus,
1126 1861 1282 1925 fama,
1319 1877 1431 1925 gra·

360 1940 449 2007 tia,
478 1939 807 1999 auctoritate
846 1939 1245 2003 praepollebant,
1267 1947 1323 1989 et
1342 1940 1431 2005 qui

358 2016 433 2077 sic
451 2015 672 2083 propius
690 2015 755 2064 ad
775 2016 1087 2064 senatoriam
1106 2016 1429 2066 nobilitatem

359 2093 701 2143 accedebant.
784 2094 905 2142 Non
947 2091 1048 2142 fuit
1092 2101 1267 2144 autem
1316 2094 1427 2143 haec

358 2171 591 2236 equitum
615 2172 837 2236 dignitas
861 2172 1068 2237 'aliqua
1058 2186 1106 2220 m
1133 2187 1196 2222 eo
1229 2159 1432 2234 ordine,

355 2248 446 2317 sed
497 2255 699 2299 tantum
738 2248 998 2298 claritudo
1035 2249 1216 2313 major.
1286 2249 1428 2300 Male

353 2332 589 2395 yertunt,
614 2326 1057 2393 quorum'nomina
1079 2332 1200 2374 nota
1224 2332 1361 2376 sunt.

360 2462 367 2470 ,
418 2401 602 2465 Notos]
638 2402 765 2453 Ner.
789 2407 869 2451 11.
901 2403 1116 2453 Sueton.
1161 2401 1180 2432 ⁴
1206 2403 1430 2453 Notissi-

354 2496 465 2531 mus
490 2496 650 2547 eques
675 2483 932 2531 Romanus
949 2482 1227 2545 elephanto
1250 2498 1427 2548 super-

354 2559 542 2612 sedens
567 2572 661 2622 per
682 2558 1050 2609 Catadromum
1092 2559 1429 2609 decucurrit!

353 2636 422 2685 Et
448 2633 612 2685 infra.
650 2635 664 2662 ‘
685 2635 936 2685 Exhibuit
956 2643 1128 2684 autem
1148 2635 1214 2684 ad
1232 2635 1428 2686 ferrum

351 2713 510 2764 etiam
551 2712 956 2778 quadringentos
987 2720 1279 2776 senatores,
1314 2729 1427 2763 sex-

352 2781 639 2855 centosque
678 2790 881 2855 equites
916 2790 1067 2840 Rom.
1102 2798 1157 2841 et
1176 2790 1425 2856 quosdam

351 2865 578 2928 fortunae
603 2875 759 2933 atque
785 2868 1179 2918 existimationis
1204 2868 1422 2936 integrae

350 2961 433 3004 ex
454 2947 640 2998 iisdem
669 2946 952 3010 ordinibus,
989 2946 1418 3013 confectoresque

348 3015 600 3087 ferarum,
636 3031 692 3078 et
734 3024 798 3073 ad
842 3024 987 3073 varia
1029 3040 1200 3098 arenoe
1246 3025 1418 3075 minis-

352 3100 522 3154 teria!

354 3227 363 3244 J
408 3187 429 3221 5
485 3180 691 3244 Equites
734 3179 990 3242 Romanos]
1040 3182 1127 3230 De
1165 3181 1307 3233 Julio
1342 3182 1419 3231 sic

347 3259 568 3314 sueton.
591 3263 672 3309 39.
709 3260 723 3286 ‘
751 3260 972 3308 Munere
1005 3260 1056 3308 in
1081 3258 1193 3309 foro
1226 3260 1420 3324 depug-

342 3325 499 3399 navit
521 3338 706 3388 Furius
743 3336 1013 3401 Leptinus,
1046 3338 1210 3401 stirpe
1236 3345 1424 3402 praeto-

348 3412 446 3476 ria,
466 3420 522 3463 et
545 3414 612 3474 Q.
632 3414 892 3477 Calpenus
915 3421 1124 3464 senator
1149 3413 1426 3480 quondam,

347 3497 600 3556 actorque
618 3505 904 3560 causarum.
976 3492 1315 3558 Pyrrhicham,
1327 3494 1424 3541 sal-

344 3574 596 3619 taverunt
633 3567 774 3618 Asiae
809 3557 1175 3633 Bithyniaeque
1229 3569 1418 3633 princi-

344 3661 469 3718 pum
491 3646 664 3696 liberi.
731 3647 889 3697 Ludis
902 3647 1146 3698 Decimus
1169 3647 1417 3698 Laberius

1508 1864 1640 1928 et,si
1667 1863 1945 1928 supplicet,
1969 1860 2144 1925 cogit!
2210 1860 2448 1911 Aurelius.

1575 1942 1779 1990 *Βοιὼ
1798 1940 2091 2003 ingentibus]
2126 1939 2243 1989 Hoc
2268 1954 2422 1991 sensu
2445 1941 2579 1988 notos

1507 2017 1689 2081 equites
1729 2017 1947 2081 pellexit
1985 2017 2133 2067 donis
2170 2017 2485 2083 ingentibus,
2518 2021 2578 2066 ut

1511 2108 1628 2158 quae
1674 2092 1865 2158 alioqui
1909 2083 2010 2142 dici
2049 2096 2171 2142 dona
2209 2100 2432 2158 possent,
2461 2092 2578 2156 jam

1505 2170 1679 2233 potius
1704 2170 1955 2234 appellari
1989 2170 2215 2219 debeant
2239 2171 2409 2235 pretia
2429 2167 2577 2235 flagi-

1507 2246 1597 2306 tii;
1638 2254 1693 2296 et
1732 2254 1876 2297 certe
1919 2263 1979 2296 ea
2019 2262 2215 2296 merces
2251 2246 2374 2297 data
2407 2246 2467 2296 ab
2501 2261 2576 2311 eo,

1505 2324 1587 2386 qui
1598 2322 1768 2383 jubere
1786 2328 1957 2386 potest,
1990 2325 2088 2371 vim
2105 2323 2397 2372 necessitatis
2409 2321 2575 2390 affert.

1572 2403 1595 2429 ⁸
1650 2397 1872 2447 Instituit
1920 2398 2068 2461 ludos,
2098 2398 2413 2464 Juvenalium]
2469 2400 2576 2452 Qui

1506 2474 1719 2539 privati,
1742 2485 1797 2526 et
1830 2491 1924 2539 per
1963 2475 2169 2525 domum
2208 2478 2460 2526 celebrati
2484 2485 2577 2528 aut

1505 2553 1559 2601 in
1579 2554 1764 2603 hortis.
1798 2554 2018 2604 Tacitus
2042 2556 2076 2603 l.
2108 2563 2204 2604 xv·
2238 2555 2254 2582 ‘
2281 2554 2495 2606 Acriore
2520 2556 2574 2606 in

1508 2632 1620 2683 dies
1659 2634 1904 2699 cupidine
1943 2635 2088 2685 Nero
2126 2635 2420 2698 agitabatur
2458 2651 2575 2700 pro·
2623 2645 2626 2648 ’

1506 2709 1727 2759 miscuas
1767 2726 1949 2761 scenas
1995 2708 2394 2779 frequentandi:
2452 2726 2574 2763 nam

1508 2791 1675 2841 adhuc
1699 2806 1794 2857 per
1818 2791 2024 2841 domum
2049 2799 2136 2840 aut
2158 2792 2337 2841 hortos
2372 2792 2572 2842 cecine-

1505 2875 1590 2919 rat
1611 2868 1950 2920 Juvenalibus
1972 2868 2146 2919 ludis?

1570 2947 1766 2997 Mansit
1803 2962 1991 2996 nomen
2022 2947 2258 2997 ludorum
2297 2947 2574 3012 posteriori

1501 3040 1633 3088 aevo,
1656 3034 1710 3074 et
1732 3026 2090 3088 imperatores,
2114 3041 2248 3090 quos
2288 3025 2338 3073 in
2375 3024 2572 3089 palatio

1500 3102 1650 3151 ludos
1674 3102 1866 3153 dabant
1888 3102 2140 3152 Kalendis
2168 3103 2289 3152 novi
2312 3103 2450 3164 anni,
2474 3102 2567 3168 (de

1505 3180 1689 3243 quibus
1706 3195 1735 3229 e
1751 3179 1784 3230 J
1791 3180 1960 3229 uliano
1983 3180 2158 3229 monui
2177 3180 2244 3229 ad
2262 3180 2447 3229 librum
2466 3177 2571 3246 lv.)
2627 3206 2632 3212 ·
2655 3243 2658 3244 ⁷

1501 3257 1778 3308 Juvenalia
1824 3256 2066 3306 videntur
2113 3257 2441 3321 appellasse:
2500 3255 2569 3308 ab

1504 3335 1743 3398 exemplo
1766 3334 1863 3383 hoc
1890 3333 2114 3384 Neronis
2136 3333 2403 3383 Sidonius:
2441 3333 2457 3360 ‘
2478 3330 2570 3383 Ja-

1503 3426 1602 3460 nus
1624 3410 1761 3461 forte
1793 3425 1910 3460 suas
1945 3409 2141 3460 bifrons
2174 3407 2439 3478 Kalendas
2471 3409 2567 3460 Su-

1502 3487 1717 3537 mendas
1753 3486 2017 3537 referebat
2055 3486 2121 3536 ad
2159 3485 2379 3536 curules.
2447 3485 2569 3536 Mos

1499 3574 1583 3617 est
1621 3566 1914 3616 Caesaribus
1948 3565 2031 3614 die
2067 3565 2146 3615 bis
2178 3581 2278 3615 uno
2298 3564 2568 3634 (Privatos

1498 3642 1758 3710 vocitant)
1780 3658 1966 3708 parare
2002 3642 2168 3692 ludos.
2232 3643 2376 3693 Tunc
2400 3652 2569 3694 coetus

345 3739 509 3794 eques
534 3726 681 3774 Rom.
704 3725 911 3775 mimum
931 3740 1075 3775 suum
1098 3726 1237 3790 egit.
1262 3726 1420 3775 dona·
1492 3719 1764 3788 juvenum,
1799 3720 1891 3771 sed
1930 3720 2228 3785 aulicorum,
2255 3720 2384 3770 Elaei
2413 3721 2566 3770 simu·

345 3810 538 3867 tusque
561 3801 856 3866 quingentis
874 3803 1129 3853 sestertiis
1152 3810 1208 3853 et
1232 3805 1419 3853 annulo

347 3891 526 3948 aureo,
546 3891 740 3928 sessum
763 3879 815 3927 iu
846 3880 1234 3948 quatuordecim
1260 3896 1290 3930 e
1311 3895 1420 3931 sce·

348 3968 417 4003 na
454 3968 552 4018 per
585 3956 902 4016 orchestram
932 3957 1153 4007 transiit.
1221 3953 1297 4007 At
1318 3959 1419 4022 La-

348 4030 525 4096 berius
548 4029 742 4082 facturn
777 4048 925 4084 sunm
964 4042 1180 4102 excusat
1201 4035 1279 4085 his
1305 4051 1416 4084 ver-

346 4108 457 4180 bis:
493 4110 511 4137 ‘
535 4110 740 4162 Etenim
774 4111 867 4160 Dii
889 4125 1083 4176 negare
1108 4111 1284 4161 emnil
1325 4127 1418 4177 po·

348 4191 586 4247 tue1·,uut
609 4177 886 4238 Hominem
910 4201 991 4237 me
1013 4181 1273 4254 denegare
1303 4189 1416 4255 quis

349 4268 537 4338 posset
558 4262 707 4338 pati?
746 4264 865 4338 Non
885 4264 1054 4342 solum
1093 4263 1301 4328 imitat,
1324 4260 1416 4317 sed

1498 3800 1645 3849 lacta
1666 3806 1817 3851 torva
1836 3799 2005 3863 campi
2041 3799 2268 3849 Exercet
2289 3799 2565 3863 spatianti-

1499 3881 1597 3932 bus
1643 3881 1939 3947 quadrigis.'
1996 3882 2066 3931 Et
2111 3881 2258 3931 addit
2298 3888 2418 3944 post
2473 3879 2566 3931 de·

1495 3949 1832 4024 'scriptionem
1852 3959 2114 4008 Curulium
2130 3957 2390 4007 ludorum:
2410 3956 2425 3983 ‘
2440 3956 2565 4008 Jam

1497 4049 1623 4085 vero
1643 4034 1987 4086 Juvenalibus
2010 4031 2269 4099 peractis!

1565 4113 1639 4162 Ut
1659 4112 1933 4162 videantur
1969 4112 2006 4161 ii
2042 4111 2167 4175 ludi,
2192 4120 2313 4162 tunc
2336 4110 2565 4176 quidem,

1499 4190 1761 4240 scenicum
1798 4189 1923 4239 nihil
1962 4188 2217 4240 babuisse.
2285 4187 2463 4254 Atque
2485 4185 2565 4239 ita

1497 4266 1774 4333 distinguit
1808 4266 1985 4342 etiam,
2021 4266 2074 4314 ni
2107 4262 2282 4342 fallor,
2314 4255 2564 4332 Capitoli·
