3063 4952
533 404 704 481 1938

534 570 774 641 diurnij
814 590 1087 660 quoque
1131 573 1408 651 victus,7
1454 574 1568 638 alii
1616 573 1890 639 caritate
1939 594 2231 655 suorum,
2276 595 2450 660 quos
2495 579 2742 665 eripere

527 677 1013 764 nequiverant,⁸
1073 679 1378 761 quamvis
1434 685 1700 763 patente
1781 678 2049 760 effugio,
2108 679 2476 745 interiere.⁹
2595 681 2743 748 Nec

530 782 884 866 quisquam
938 780 1281 846 defendere
1328 780 1640 858 audebat,
1686 782 1938 845 crebris
1980 782 2331 846 multorum
2378 786 2600 864 miniS,
2646 804 2746 849 re·

527 884 856 967 ,stinguere
884 885 1387 969 prohibentium,
1428 890 1492 949 et
1534 887 1691 970 quia
1729 886 1845 949 alii
1887 885 2113 968 palam
2151 886 2338 952 faces
2374 888 2745 972 jaciebant,

532 991 732 1071 atque
760 1007 908 1053 esse
935 988 1063 1051 sibi
1113 982 1479 1052 auctorem¹¹
1521 987 2058 1053 vociferabantur
2080 996 2155 1056 :¹⁰
2219 990 2363 1055 sive
2406 994 2481 1055 ut
2509 995 2745 1076 raptus

530 1088 838 1155 licentius
860 1096 1260 1169 exercerent,
1294 1110 1414 1155 seu
1433 1090 1656 1177 jussu.
1658 1086 1676 1131 ¹
1696 1096 1743 1128 ¹¹

1240 431 1310 479 0.
1356 426 1722 478 CORNELII
1744 418 2031 479 '‘ucrm
2428 436 2526 502 [Α.
2547 439 2616 493 U.
2633 442 2743 492 81⁸.

533 1274 678 1324 etiam
699 1272 793 1324 cibi
825 1274 997 1339 copia,
1016 1250 1106 1326 alii
1136 1274 1369 1326 desiderio
1399 1291 1607 1339 mmai,
1637 1290 1752 1341 quos
1769 1275 1970 1326 liberem
1999 1290 2092 1325 non
2110 1280 2379 1340 potuerant,
2395 1277 2613 1340 quamvis
2630 1278 2744 1328 data

516 1338 749 1402 fugiendi
770 1341 923 1403 copia,
953 1344 1080 1390 ultro
1090 1342 1314 1419 periere.
1381 1341 1451 1391 Et
1489 1356 1623 1391 nemo
1655 1355 1818 1393 arcere
1845 1341 2005 1402 ignem
2024 1341 2246 1400 audebat,
2279 1341 2458 1390 crebris
2495 1343 2744 1392 ninum

533 1404 989 1469 comminationibus,
1017 1406 1102 1469 qui
1121 1407 1383 1470 opprimere
1404 1405 1703 1455 incendium
1724 1411 1957 1483 vetarent,
1990 1409 2038 1455 et
2066 1407 2178 1469 quia
2197 1408 2284 1454 alii
2307 1411 2470 1470 aperte
2490 1407 2678 1456 toedas'
2658 1422 2746 1456 ιιι·-

534 1469 803 1586 mittebantd
822 1486 906 1584 ’ἔσο
921 1472 1023 1520 sine
1044 1476 1231 1522 anctore
1252 1472 1306 1522 id
1332 1471 1417 1536 agi
1437 1471 1763 1537 clamitabant,
1793 1466 1893 1522 si've
1930 1476 1985 1520 ut
2019 1471 2245 1522 wdecim
2274 1471 2747 1538 precarentur-‚sive

531 1549 729 1599 imperio
748 1550 766 1585 1
849 1545 1079 1588 acerent.

1462 1679 1821 1701 “ceuceu“

531 1761 682 1812 ⁷1ta
704 1761 824 1813 libri
844 1763 1027 1826 scripu
1063 1769 1120 1815 et
1157 1764 1303 1815 editi.
1367 1764 1567 1814 Vitium
1608 1772 1781 1816 tamen
1821 1765 1989 1814 inesse
2030 1770 2185 1828 putat
2216 1766 2502 1815 Ernestus.
2555 1770 2744 1827 tentat,

531 1827 696 1876 diurni
716 1829 877 1891 inopia
908 1830 1079 1878 victus.
1145 1830 1375 1891 Mallem,
1403 1829 1575 1878 diurno
1613 1846 1789 1906 quoque
1819 1830 1967 1880 victu.
2002 1831 2228 1880 Brotier.
2294 1831 2510 1894 Bipont.
2541 1844 2609 1879 ex
2631 1844 2749 1879 con·

523 1892 737 1954 jectura
774 1893 983 1943 Ernesti
1021 1894 1203 1958 legunt
1240 1895 1403 1944 diurni
1438 1895 1601 1958 inopes
1638 1896 1809 1944 victas.
1813 1899 1912 1944 ——8
1948 1895 2075 1944 Mes.
2109 1895 2261 1944 Harl.
2295 1896 2408 1946 Jes.
2450 1896 2745 1958 nequierant.

532 1956 639 2005 Ms.
676 1956 830 2008 Bodl.
860 1960 1128 2021 acquirant.
1130 1964 1229 2008 -9
1263 1959 1392 2008 Mss.
1426 1960 1561 2022 Reg.
1604 1959 1763 2010 Corb.
1801 1960 1913 2010 Jes.
1938 1960 2137 2010 interire
2142 1964 2288 2009 .-lo
2320 1960 2384 2009 In
2431 1959 2562 2008 Mss.
2608 1960 2744 2023 Reg.

535 2019 693 2070 Corb.
733 2028 788 2071 et
825 2022 1054 2072 editione
1093 2023 1348 2103 principe,
1387 2023 1729 2084 vocisgrabant.
1797 2024 1860 2073 In
1899 2025 2101 2087 iisdem,
2138 2024 2232 2073 sibi
2268 2040 2382 2074 esse.
2386 2029 2514 2073 -11
2553 2022 2618 2072 In
2639 2024 2744 2073 Ms.

532 2085 664 2150 Reg.
690 2093 747 2136 et
776 2087 1007 2137 editione
1030 2089 1286 2153 principe,
1308 2089 1514 2151 jussum.
1580 2089 1778 2140 Illustr.
1802 2089 2029 2140 Huetius
2058 2089 2566 2155 emendabat‚jussi‚·
2599 2087 2741 2155 quod

536 2157 682 2202 certe
704 2153 1011 2218 elegantius.
1056 2154 1273 2204 Brotier.
1814 2226 1845 2255 .

1531 2290 1746 2342 NOTAE

1674 2405 1859 2454 tuitam
1904 2403 2241 2470 egestionem,
2284 2401 2479 2452 nemini
2520 2400 2589 2452 ad
2634 2398 2750 2451 reli-

1677 2481 1823 2547 quias
1847 2497 2017 2531 rerum
2053 2496 2261 2531 suarum
2294 2480 2439 2530 adire
2476 2476 2750 2545 permisit.’

565 2399 612 2442 ³
648 2401 855 2466 Diui-ni]
881 2401 1091 2457 Amissis
1109 2401 1340 2454 omnibns
1354 2403 1600 2468 fortunis,

534 2467 720 2530 amisso
755 2482 913 2531 etiam
947 2484 1129 2532 diurno
1169 2484 1333 2546 victu,
1367 2483 1597 2547 quamvis

531 2561 743 2617 patente
799 2556 1008 2623 effugio,
1053 2560 1263 2609 interire
1317 2560 1596 2623 malebant,

529 2631 745 2684 flammis
789 2651 992 2701 nempe.
1079 2637 1296 2688 Amissis
1360 2638 1595 2689 omnibus

531 2709 773 2776 fortunis,
789 2729 934 2778 spem
950 2729 1152 2765 omnem
1164 2717 1423 2779 vitamque
1439 2715 1596 2764 etiam

532 2790 859 2853 abjecerunt.
894 2791 1000 2841 Dio
1024 2805 1162 2841 an.
1198 2793 1213 2821 ‘
1233 2791 1419 2841 Multis
1438 2790 1597 2840 etiam

530 2864 781 2929 inignem
823 2881 934 2930 prae
974 2867 1149 2917 dolore
1182 2867 1321 2917 ultro
1355 2881 1410 2917 se
1435 2866 1598 2930 conji-

532 2941 825 2991 cientibus!

599 3015 623 3049 ¹¹
658 3018 779 3066 Esse
812 3018 904 3067 sibi
945 3018 1207 3082 auctorem]
1254 3020 1469 3071 Sueton.
1515 3024 1598 3070 55.

528 3096 544 3121 ‘
572 3094 701 3143 Erat
753 3093 827 3143 illi
872 3095 1179 3145 aeternitatis
1222 3105 1599 3161 perpetuaeque

449 3219 463 3232 ,
533 3169 684 3220 famae
726 3171 937 3235 cupido,
961 3172 1049 3221 sed
1071 3171 1378 3224 inconsulta.
1445 3173 1598 3223 Ideo·

531 3261 633 3313 que
656 3249 831 3299 multis
855 3249 1006 3298 rebus
1032 3263 1091 3299 ac
1114 3249 1261 3311 locis,
1284 3256 1467 3298 vetere
1506 3264 1598 3314 ap-

529 3325 805 3390 pellatione
827 3326 1080 3388 detracta,
1104 3341 1284 3376 novam
1303 3326 1509 3376 induxit
1529 3341 1598 3376 ex

532 3418 624 3453 suo
659 3405 883 3455 nomine.
948 3405 1190 3454 Mensem
1214 3419 1417 3469 quoque
1441 3404 1596 3468 Apri·

527 3481 628 3529 lem
652 3481 912 3530 Neronem
935 3482 1236 3545 appellavit.
1293 3480 1597 3530 Destinave-

527 3563 611 3604 rat
622 3562 678 3604 et
692 3556 914 3607 Romam
931 3557 1237 3620 Neropolim
1252 3555 1591 3620 nuncupare.’

594 3633 666 3680 Et
686 3647 800 3697 cap.
826 3637 904 3683 16.
960 3633 975 3660 ‘
997 3634 1234 3683 Formam
1259 3630 1596 3682 aedificiorum

527 3708 670 3757 urbis
693 3722 873 3757 novam
896 3710 1249 3772 excogitavit:
1300 3717 1355 3759 et
1387 3718 1447 3759 ut
1469 3716 1593 3761 ante

525 3785 717 3838 insulas
739 3800 800 3835 ac
824 3785 1003 3834 domos
1036 3786 1268 3849 porticus
1299 3792 1493 3847 essent,
1524 3786 1593 3836 de

527 3876 744 3926 quarum
768 3861 966 3911 solariis
988 3862 1228 3911 incendia
1249 3870 1556 3911 arcerentur
1574 3878 1589 3923 3

527 3952 718 4002 easque
740 3947 910 3988 sumtu
934 3953 1028 3987 suo
1051 3936 1341 3989 exstruxit?

592 4016 745 4067 Quod
771 4031 952 4080 parum
975 4015 1218 4065 convenit
1239 4029 1354 4063 cum
1374 4029 1436 4064 eo
1455 4011 1597 4077 quod

526 4090 687 4140 habet
707 4092 844 4141 idem
867 4092 1077 4141 Sueton.
1100 4090 1232 4140 infra
1255 4095 1337 4141 38.
1387 4091 1403 4118 ‘
1427 4089 1508 4139 Ac
1527 4105 1595 4139 ne

527 4180 636 4215 non
678 4167 797 4217 binc
843 4161 1046 4231 quoque
1111 4174 1357 4231 quantum
1417 4174 1594 4234 posset

527 4242 721 4305 praedae
774 4251 830 4291 et
851 4285 856 4290 ,
885 4244 1239 4293 manubiarum
1300 4242 1592 4305 invaderet,

527 4316 789 4385 pollicitus
811 4318 1121 4370 cadaverum
1138 4325 1193 4371 et
1214 4320 1456 4372 ruderum
1474 4333 1592 4385 gra-

1742 2561 1902 2609 Forte
1926 2574 1991 2608 ex
2013 2574 2077 2608 ea
2098 2557 2278 2622 praeda
2318 2556 2512 2606 struxit
2532 2556 2751 2619 insulas,

1678 2636 1823 2704 quasi
1847 2650 1911 2684 ex
1934 2651 2061 2694 suo;
2098 2632 2189 2683 sed
2214 2648 2398 2697 parum
2422 2646 2602 2681 secum
2626 2645 2750 2681 con

1677 2711 1822 2761 venit
1857 2712 1972 2775 ipse
2008 2712 2171 2773 Nero,
2192 2709 2279 2775 qui
2319 2724 2375 2759 se
2411 2708 2593 2758 videns
2616 2707 2751 2758 infa-

1677 2795 1874 2838 matum
1897 2787 1987 2836 tali
2012 2786 2271 2848 incendio,
2285 2777 2522 2834 e'xliausit
2539 2782 2749 2848 provin-

1677 2865 1787 2913 cias
1811 2863 2190 2923 collationibus,
2219 2869 2276 2911 ut
2309 2876 2403 2910 suo
2440 2866 2616 2909 sumtu
2655 2873 2749 2910 ex·

1678 2946 1881 2989 struere
1905 2940 2169 2988 videretur
2192 2937 2427 3002 porticus
2457 2943 2513 2987 et
2533 2936 2751 3002 insulas,

1677 3016 1815 3066 sicut
1838 3016 2161 3080 promiserat.

1745 3093 1867 3148 Quoe
1887 3105 2146 3155 quanquam
2176 3090 2427 3154 popularia
2461 3091 2517 3139 in
2551 3089 2753 3141 irritum

1676 3168 1922 3229 cadebant,
1939 3168 2108 3231 inquit
2123 3167 2373 3227 Tacitus;
2408 3167 2531 3230 quia
2560 3166 2753 3217 letitia.

1677 3246 1945 3310 gestiet-at,
2006 3252 2063 3294 et
2116 3243 2382 3294 cecinerat
2444 3241 2751 3296 incendium

1675 3324 1976 3387 Trojanum.
2434 3343 2439 3348 ·

1742 3400 1882 3449 Hinc
1905 3407 1962 3449 et
1985 3406 2166 3463 postea
2197 3397 2429 3448 subdidit
2437 3412 2543 3447 reos
2578 3396 2750 3447 Chrit-

1673 3476 1849 3538 tianos,
1887 3482 1943 3524 ut
1977 3488 2234 3524 rumorem
2273 3479 2329 3522 et
2365 3471 2630 3523 infamiam
2664 3472 2748 3522 in·

1676 3552 1848 3603 cendii
1870 3568 1901 3603 a
1923 3567 1979 3602 se
2003 3552 2319 3601 amoliretur.
2385 3550 2506 3601 Quo
2544 3549 2748 3600 sceler·

1675 3643 1861 3680 novam
1883 3626 2148 3677 infamiam
2170 3624 2455 3674 contraxit.

1740 3703 1756 3737 ¹
1786 3703 2061 3767 Seujussu]
2093 3703 2308 3751 Sueton.
2330 3704 2412 3749 38.
2449 3703 2464 3729 ‘
2492 3700 2746 3752 Incendit

1673 3782 1853 3831 urbem
1888 3790 1994 3831 tam
2037 3781 2227 3843 palam,
2252 3784 2313 3826 ut
2343 3777 2588 3842 plerique
2623 3792 2750 3828 con-

1673 3860 1886 3917 sulares,
1908 3856 2253 3907 cubicularios
2290 3855 2422 3916 ejuS‚
2446 3869 2566 3903 cum
2600 3860 2751 3919 stup-

1652 3942 1742 3998 'pa
1784 3933 2048 3998 taedaque,
2073 3933 2124 3980 in
2164 3930 2376 3994 praediis
2416 3931 2522 3979 suis
2563 3930 2756 3993 depre-

1674 4013 1860 4061 hensos
1892 4025 1999 4060 non
2040 4008 2348 4070 attigerint3
2405 4017 2460 4055 et
2508 4006 2750 4070 quaedam

1675 4091 1861 4140 horrea
1885 4089 2028 4138 circa
2049 4089 2251 4136 domum
2274 4100 2504 4146 auream,
2526 4098 2751 4149 quorum

1675 4167 1898 4230 spatium
1921 4165 2144 4214 maxime
2169 4162 2526 4225 desiderabat,
2546 4162 2615 4222 vi,
2637 4161 2754 4211 bel-

1672 4243 1788 4293 licis
1825 4242 2078 4293 machinis
2120 4237 2441 4290 labefactata
2471 4243 2634 4303 atque
2669 4237 2753 4288 in-

1670 4318 1939 4373 flammata
1955 4319 2080 4386 sint,
2101 4315 2238 4387 qnod
2265 4329 2425 4367 saxeo
2446 4330 2596 4368 muro
2618 4328 2749 4366 con-
