<?xml version="1.0" encoding="UTF-8"?>
<!DOCTYPE html PUBLIC "-//W3C//DTD XHTML 1.0 Transitional//EN"
    "http://www.w3.org/TR/xhtml1/DTD/xhtml1-transitional.dtd">
<html xmlns="http://www.w3.org/1999/xhtml" xml:lang="en" lang="en">
 <head>
  <title>
</title>
<meta http-equiv="Content-Type" content="text/html;charset=utf-8" />
  <meta name='ocr-system' content='tesseract 3.04.00' />
  <meta name='ocr-capabilities' content='ocr_page ocr_carea ocr_par ocr_line ocrx_word'/>
</head>
<body>
  <div class='ocr_page' id='page_1' title='image "./operaomniavolum00tacigoog/operaomniavolum00tacigoog_0620.png"; bbox 0 0 3063 4952; ppageno 0'>
   <div class='ocr_carea' id='block_1_1' title="bbox 482 429 2684 519">
    <p class='ocr_par' dir='ltr' id='par_1_1' title="bbox 482 429 2684 519">
     <span class='ocr_line' id='line_1_1' title="bbox 482 429 2684 519; baseline 0.008 -31"><span class='ocrx_word' id='word_1_1' title='bbox 482 429 654 497; x_wconf 79' lang='lat'>1988</span> <span class='ocrx_word' id='word_1_2' title='bbox 1177 446 1244 494; x_wconf 90' lang='lat' dir='ltr'>c.</span> <span class='ocrx_word' id='word_1_3' title='bbox 1289 444 1664 494; x_wconf 67' lang='lat' dir='ltr'>connitur</span> <span class='ocrx_word' id='word_1_4' title='bbox 1702 443 1961 493; x_wconf 74' lang='lat' dir='ltr'>‘uem</span> <span class='ocrx_word' id='word_1_5' title='bbox 2353 451 2538 519; x_wconf 58' lang='lat' dir='ltr'>[AM.</span> <span class='ocrx_word' id='word_1_6' title='bbox 2572 457 2684 505; x_wconf 76' lang='lat' dir='ltr'>sis.</span> 
     </span>
    </p>
   </div>
   <div class='ocr_carea' id='block_1_2' title="bbox 480 590 2695 1601">
    <p class='ocr_par' dir='ltr' id='par_1_2' title="bbox 480 590 2695 1601">
     <span class='ocr_line' id='line_1_2' title="bbox 483 590 2684 676; baseline 0.001 -21"><span class='ocrx_word' id='word_1_7' title='bbox 483 592 834 676; x_wconf 89' lang='lat' dir='ltr'>domoque¹</span> <span class='ocrx_word' id='word_1_8' title='bbox 866 595 984 655; x_wconf 89' lang='lat' dir='ltr'>aut</span> <span class='ocrx_word' id='word_1_9' title='bbox 1023 591 1231 657; x_wconf 85' lang='lat' dir='ltr'>hortis</span> <span class='ocrx_word' id='word_1_10' title='bbox 1275 590 1567 669; x_wconf 88' lang='lat' dir='ltr'>clausus,</span> <span class='ocrx_word' id='word_1_11' title='bbox 1619 591 1709 656; x_wconf 87' lang='lat' dir='ltr'>ad</span> <span class='ocrx_word' id='word_1_12' title='bbox 1753 590 2009 656; x_wconf 85' lang='lat' dir='ltr'>ludicra</span> <span class='ocrx_word' id='word_1_13' title='bbox 2060 590 2224 658; x_wconf 90' lang='lat' dir='ltr'>circi</span> <span class='ocrx_word' id='word_1_14' title='bbox 2239 598 2263 629; x_wconf 75' lang='lat'><strong>⁰</strong></span> <span class='ocrx_word' id='word_1_15' title='bbox 2300 592 2684 669; x_wconf 83' lang='lat' dir='ltr'>ventitabat,</span> 
     </span>
     <span class='ocr_line' id='line_1_3' title="bbox 482 694 2687 781; baseline -0.001 -20"><span class='ocrx_word' id='word_1_16' title='bbox 482 697 1006 781; x_wconf 86' lang='lat' dir='ltr'>promtiorcsque</span> <span class='ocrx_word' id='word_1_17' title='bbox 1051 694 1287 760; x_wconf 80' lang='lat' dir='ltr'>aditus·</span> <span class='ocrx_word' id='word_1_18' title='bbox 1336 700 1525 760; x_wconf 89' lang='lat' dir='ltr'>erant</span> <span class='ocrx_word' id='word_1_19' title='bbox 1569 695 1803 760; x_wconf 67' lang='lat' dir='ltr'>laetitia</span> <span class='ocrx_word' id='word_1_20' title='bbox 1861 695 2255 777; x_wconf 76' lang='lat' dir='ltr'><strong>spectaculi.</strong></span> <span class='ocrx_word' id='word_1_21' title='bbox 2376 694 2687 760; x_wconf 86' lang='lat' dir='ltr'>Ordinem</span> 
     </span>
     <span class='ocr_line' id='line_1_4' title="bbox 481 796 2688 882; baseline -0 -20"><span class='ocrx_word' id='word_1_22' title='bbox 481 797 743 864; x_wconf 81' lang='lat' dir='ltr'>insidiis</span> <span class='ocrx_word' id='word_1_23' title='bbox 821 803 1352 882; x_wconf 82' lang='lat' dir='ltr'>composuerant,</span> <span class='ocrx_word' id='word_1_24' title='bbox 1417 802 1438 831; x_wconf 90' lang='lat'>‘</span> <span class='ocrx_word' id='word_1_25' title='bbox 1468 804 1545 862; x_wconf 92' lang='lat' dir='ltr'>ut</span> <span class='ocrx_word' id='word_1_26' title='bbox 1603 798 1993 873; x_wconf 76' lang='lat' dir='ltr'>Later-anne,</span> <span class='ocrx_word' id='word_1_27' title='bbox 2062 798 2261 881; x_wconf 89' lang='lat' dir='ltr'>quasi</span> <span class='ocrx_word' id='word_1_28' title='bbox 2318 796 2688 862; x_wconf 81' lang='lat' dir='ltr'>subsidium</span> 
     </span>
     <span class='ocr_line' id='line_1_5' title="bbox 480 897 2691 983; baseline -0.001 -18"><span class='ocrx_word' id='word_1_29' title='bbox 480 902 577 965; x_wconf 90' lang='lat' dir='ltr'>rei</span> <span class='ocrx_word' id='word_1_30' title='bbox 618 897 937 965; x_wconf 75' lang='lat' dir='ltr'>familiari</span> <span class='ocrx_word' id='word_1_31' title='bbox 978 906 1217 976; x_wconf 87' lang='lat' dir='ltr'>oraret,</span> <span class='ocrx_word' id='word_1_32' title='bbox 1284 898 1833 983; x_wconf 81' lang='lat' dir='ltr'>deprecabundus</span> <span class='ocrx_word' id='word_1_33' title='bbox 1897 904 1965 963; x_wconf 91' lang='lat' dir='ltr'>et</span> <span class='ocrx_word' id='word_1_34' title='bbox 2028 901 2313 983; x_wconf 80' lang='lat' dir='ltr'>genibus</span> <span class='ocrx_word' id='word_1_35' title='bbox 2354 899 2691 983; x_wconf 86' lang='lat' dir='ltr'>Principis</span> 
     </span>
     <span class='ocr_line' id='line_1_6' title="bbox 484 1002 2689 1088; baseline 0 -21"><span class='ocrx_word' id='word_1_36' title='bbox 484 1002 818 1080; x_wconf 81' lang='lat' dir='ltr'>accidens,</span> <span class='ocrx_word' id='word_1_37' title='bbox 833 1009 861 1039; x_wconf 86' lang='lat'><em>²</em></span> <span class='ocrx_word' id='word_1_38' title='bbox 920 1006 1358 1085; x_wconf 86' lang='lat' dir='ltr'>prosterneret</span> <span class='ocrx_word' id='word_1_39' title='bbox 1398 1004 1738 1069; x_wconf 88' lang='lat' dir='ltr'>incautum</span> <span class='ocrx_word' id='word_1_40' title='bbox 1776 1008 2261 1088; x_wconf 87' lang='lat' dir='ltr'>premeretque,</span> <span class='ocrx_word' id='word_1_41' title='bbox 2322 1003 2531 1068; x_wconf 87' lang='lat' dir='ltr'>animi</span> <span class='ocrx_word' id='word_1_42' title='bbox 2574 1020 2689 1068; x_wconf 84' lang='lat' dir='ltr'>va-</span> 
     </span>
     <span class='ocr_line' id='line_1_7' title="bbox 482 1105 2690 1191; baseline 0.001 -22"><span class='ocrx_word' id='word_1_43' title='bbox 482 1105 664 1171; x_wconf 84' lang='lat' dir='ltr'>lidus</span> <span class='ocrx_word' id='word_1_44' title='bbox 727 1113 796 1171; x_wconf 87' lang='lat' dir='ltr'>et</span> <span class='ocrx_word' id='word_1_45' title='bbox 838 1125 1119 1190; x_wconf 84' lang='lat' dir='ltr'>corpore</span> <span class='ocrx_word' id='word_1_46' title='bbox 1162 1107 1444 1189; x_wconf 81' lang='lat' dir='ltr'>ingens.³</span> <span class='ocrx_word' id='word_1_47' title='bbox 1564 1107 1737 1170; x_wconf 87' lang='lat' dir='ltr'>Tum</span> <span class='ocrx_word' id='word_1_48' title='bbox 1785 1105 2128 1189; x_wconf 87' lang='lat' dir='ltr'>jacentem</span> <span class='ocrx_word' id='word_1_49' title='bbox 2183 1113 2251 1173; x_wconf 90' lang='lat' dir='ltr'>et</span> <span class='ocrx_word' id='word_1_50' title='bbox 2301 1106 2690 1191; x_wconf 84' lang='lat' dir='ltr'>impeditum</span> 
     </span>
     <span class='ocr_line' id='line_1_8' title="bbox 483 1208 2695 1296; baseline -0.001 -22"><span class='ocrx_word' id='word_1_51' title='bbox 483 1209 760 1274; x_wconf 83' lang='lat' dir='ltr'>Tribuni</span> <span class='ocrx_word' id='word_1_52' title='bbox 800 1215 867 1273; x_wconf 88' lang='lat' dir='ltr'>et</span> <span class='ocrx_word' id='word_1_53' title='bbox 897 1208 1326 1275; x_wconf 88' lang='lat' dir='ltr'>Centuriones</span> <span class='ocrx_word' id='word_1_54' title='bbox 1369 1215 1439 1274; x_wconf 94' lang='lat' dir='ltr'>et</span> <span class='ocrx_word' id='word_1_55' title='bbox 1467 1216 1858 1287; x_wconf 87' lang='lat' dir='ltr'>ceterorum,</span> <span class='ocrx_word' id='word_1_56' title='bbox 1901 1215 1974 1276; x_wconf 86' lang='lat' dir='ltr'>ut</span> <span class='ocrx_word' id='word_1_57' title='bbox 2010 1212 2295 1296; x_wconf 87' lang='lat' dir='ltr'>quisque</span> <span class='ocrx_word' id='word_1_58' title='bbox 2326 1209 2695 1275; x_wconf 68' lang='lat' dir='ltr'>audentius⁴</span> 
     </span>
     <span class='ocr_line' id='line_1_9' title="bbox 481 1309 2690 1397; baseline 0 -23"><span class='ocrx_word' id='word_1_59' title='bbox 481 1310 872 1391; x_wconf 81' lang='lat' dir='ltr'>habuisset,⁵</span> <span class='ocrx_word' id='word_1_60' title='bbox 918 1319 1334 1378; x_wconf 88' lang='lat' dir='ltr'>accurrerent</span> <span class='ocrx_word' id='word_1_61' title='bbox 1362 1309 1893 1397; x_wconf 83' lang='lat' dir='ltr'>trucidarentque</span> <span class='ocrx_word' id='word_1_62' title='bbox 1911 1312 1951 1378; x_wconf 71' lang='grc' dir='ltr'>ε’</span> <span class='ocrx_word' id='word_1_63' title='bbox 1995 1314 2251 1396; x_wconf 89' lang='lat' dir='ltr'>primas</span> <span class='ocrx_word' id='word_1_64' title='bbox 2280 1312 2413 1377; x_wconf 88' lang='lat' dir='ltr'>sibi</span> <span class='ocrx_word' id='word_1_65' title='bbox 2458 1315 2690 1395; x_wconf 88' lang='lat' dir='ltr'>partes</span> 
     </span>
     <span class='ocr_line' id='line_1_10' title="bbox 484 1412 2692 1498; baseline 0 -21"><span class='ocrx_word' id='word_1_66' title='bbox 484 1416 955 1498; x_wconf 79' lang='lat' dir='ltr'>expostulante</span> <span class='ocrx_word' id='word_1_67' title='bbox 977 1415 1287 1493; x_wconf 84' lang='lat' dir='ltr'>S‘cevino,</span> <span class='ocrx_word' id='word_1_68' title='bbox 1306 1417 1420 1498; x_wconf 93' lang='lat' dir='ltr'>qui</span> <span class='ocrx_word' id='word_1_69' title='bbox 1449 1415 1801 1498; x_wconf 88' lang='lat' dir='ltr'>pugionem</span> <span class='ocrx_word' id='word_1_70' title='bbox 1824 1416 2073 1498; x_wconf 90' lang='lat' dir='ltr'>templo</span> <span class='ocrx_word' id='word_1_71' title='bbox 2098 1415 2346 1480; x_wconf 88' lang='lat' dir='ltr'>Salutis</span> <span class='ocrx_word' id='word_1_72' title='bbox 2373 1412 2485 1498; x_wconf 80' lang='lat' dir='ltr'>(in‘</span> <span class='ocrx_word' id='word_1_73' title='bbox 2499 1413 2692 1478; x_wconf 81' lang='lat' dir='ltr'>Etru-</span> 
     </span>
     <span class='ocr_line' id='line_1_11' title="bbox 484 1515 2691 1601; baseline 0 -19"><span class='ocrx_word' id='word_1_74' title='bbox 484 1515 673 1599; x_wconf 80' lang='lat' dir='ltr'>ria),‘¹</span> <span class='ocrx_word' id='word_1_75' title='bbox 695 1519 861 1597; x_wconf 87' lang='lat' dir='ltr'>sive,</span> <span class='ocrx_word' id='word_1_76' title='bbox 891 1522 966 1583; x_wconf 88' lang='lat' dir='ltr'>ut</span> <span class='ocrx_word' id='word_1_77' title='bbox 993 1518 1111 1586; x_wconf 91' lang='lat' dir='ltr'>alii</span> <span class='ocrx_word' id='word_1_78' title='bbox 1141 1519 1488 1597; x_wconf 86' lang='lat' dir='ltr'>tradidere,</span> <span class='ocrx_word' id='word_1_79' title='bbox 1522 1517 1838 1585; x_wconf 67' lang='lat' dir='ltr'>Fortunas</span> <span class='ocrx_word' id='word_1_80' title='bbox 1868 1516 2250 1583; x_wconf 89' lang='lat' dir='ltr'>Ferentino⁶</span> <span class='ocrx_word' id='word_1_81' title='bbox 2266 1525 2290 1553; x_wconf 79' lang='lat'><em>⁶</em></span> <span class='ocrx_word' id='word_1_82' title='bbox 2318 1519 2389 1582; x_wconf 91' lang='lat' dir='ltr'>in</span> <span class='ocrx_word' id='word_1_83' title='bbox 2414 1516 2691 1601; x_wconf 90' lang='lat' dir='ltr'>oppido,</span> 
     </span>
    </p>
   </div>
   <div class='ocr_carea' id='block_1_3' title="bbox 485 1691 2699 2223">
    <p class='ocr_par' dir='ltr' id='par_1_3' title="bbox 485 1691 2699 2223">
     <span class='ocr_line' id='line_1_12' title="bbox 487 1691 2692 1766; baseline -0.001 -16"><span class='ocrx_word' id='word_1_84' title='bbox 487 1691 638 1751; x_wconf 66' lang='lat' dir='ltr'>hortis</span> <span class='ocrx_word' id='word_1_85' title='bbox 655 1700 873 1764; x_wconf 86' lang='lat' dir='ltr'>inclusus,</span> <span class='ocrx_word' id='word_1_86' title='bbox 905 1709 960 1752; x_wconf 90' lang='lat' dir='ltr'>et</span> <span class='ocrx_word' id='word_1_87' title='bbox 995 1707 1118 1752; x_wconf 86' lang='lat' dir='ltr'>tunc</span> <span class='ocrx_word' id='word_1_88' title='bbox 1141 1705 1204 1753; x_wconf 83' lang='lat' dir='ltr'>ad</span> <span class='ocrx_word' id='word_1_89' title='bbox 1225 1704 1358 1753; x_wconf 78' lang='lat' dir='ltr'>ludos</span> <span class='ocrx_word' id='word_1_90' title='bbox 1384 1703 1627 1753; x_wconf 70' lang='lat' dir='ltr'>Circenses</span> <span class='ocrx_word' id='word_1_91' title='bbox 1647 1703 1809 1754; x_wconf 83' lang='lat' dir='ltr'>crebro</span> <span class='ocrx_word' id='word_1_92' title='bbox 1830 1703 2063 1764; x_wconf 77' lang='lat' dir='ltr'>veniebat,</span> <span class='ocrx_word' id='word_1_93' title='bbox 2087 1702 2421 1766; x_wconf 59' lang='lat' dir='ltr'>facilioresque</span> <span class='ocrx_word' id='word_1_94' title='bbox 2439 1700 2607 1750; x_wconf 75' lang='lat' dir='ltr'>aditus</span> <span class='ocrx_word' id='word_1_95' title='bbox 2627 1697 2692 1749; x_wconf 83' lang='lat' dir='ltr'>ad</span> 
     </span>
     <span class='ocr_line' id='line_1_13' title="bbox 488 1766 2693 1832; baseline -0.001 -18"><span class='ocrx_word' id='word_1_96' title='bbox 488 1767 657 1830; x_wconf 83' lang='lat' dir='ltr'>ipsum</span> <span class='ocrx_word' id='word_1_97' title='bbox 697 1772 833 1817; x_wconf 80' lang='lat' dir='ltr'>erant</span> <span class='ocrx_word' id='word_1_98' title='bbox 867 1769 1043 1830; x_wconf 79' lang='lat' dir='ltr'>gaudio</span> <span class='ocrx_word' id='word_1_99' title='bbox 1077 1770 1345 1832; x_wconf 76' lang='lat' dir='ltr'>spectaculi.</span> <span class='ocrx_word' id='word_1_100' title='bbox 1414 1769 1571 1820; x_wconf 87' lang='lat' dir='ltr'>Hunc</span> <span class='ocrx_word' id='word_1_101' title='bbox 1595 1771 1806 1818; x_wconf 81' lang='lat' dir='ltr'>ordinem</span> <span class='ocrx_word' id='word_1_102' title='bbox 1831 1770 2045 1828; x_wconf 77' lang='lat' dir='ltr'>facinori</span> <span class='ocrx_word' id='word_1_103' title='bbox 2064 1768 2425 1829; x_wconf 77' lang='lat' dir='ltr'>constituerant,</span> <span class='ocrx_word' id='word_1_104' title='bbox 2457 1772 2518 1815; x_wconf 90' lang='lat' dir='ltr'>ut</span> <span class='ocrx_word' id='word_1_105' title='bbox 2542 1766 2693 1815; x_wconf 78' lang='lat' dir='ltr'>Late-</span> 
     </span>
     <span class='ocr_line' id='line_1_14' title="bbox 487 1829 2694 1898; baseline -0 -19"><span class='ocrx_word' id='word_1_106' title='bbox 487 1846 664 1892; x_wconf 85' lang='lat' dir='ltr'>ranus,</span> <span class='ocrx_word' id='word_1_107' title='bbox 703 1840 949 1896; x_wconf 81' lang='lat' dir='ltr'>tanquam</span> <span class='ocrx_word' id='word_1_108' title='bbox 980 1833 1146 1883; x_wconf 85' lang='lat' dir='ltr'>levari</span> <span class='ocrx_word' id='word_1_109' title='bbox 1184 1834 1446 1898; x_wconf 82' lang='lat' dir='ltr'>angustias</span> <span class='ocrx_word' id='word_1_110' title='bbox 1486 1835 1561 1883; x_wconf 90' lang='lat' dir='ltr'>rei</span> <span class='ocrx_word' id='word_1_111' title='bbox 1598 1833 1866 1883; x_wconf 83' lang='lat' dir='ltr'>familiaris</span> <span class='ocrx_word' id='word_1_112' title='bbox 1900 1839 2120 1898; x_wconf 79' lang='lat' dir='ltr'>rogaret,</span> <span class='ocrx_word' id='word_1_113' title='bbox 2141 1830 2532 1882; x_wconf 81' lang='lat' dir='ltr'>venerabundus</span> <span class='ocrx_word' id='word_1_114' title='bbox 2555 1829 2694 1880; x_wconf 81' lang='lat' dir='ltr'>etad</span> 
     </span>
     <span class='ocr_line' id='line_1_15' title="bbox 488 1894 2696 1963; baseline -0.001 -18"><span class='ocrx_word' id='word_1_115' title='bbox 488 1911 655 1953; x_wconf 62' lang='lat' dir='ltr'>genua</span> <span class='ocrx_word' id='word_1_116' title='bbox 680 1896 896 1945; x_wconf 71' lang='lat' dir='ltr'>Caesaris</span> <span class='ocrx_word' id='word_1_117' title='bbox 932 1897 1295 1962; x_wconf 84' lang='lat' dir='ltr'>procumbens,</span> <span class='ocrx_word' id='word_1_118' title='bbox 1334 1899 1590 1963; x_wconf 87' lang='lat' dir='ltr'>dejiceret</span> <span class='ocrx_word' id='word_1_119' title='bbox 1627 1899 2000 1963; x_wconf 83' lang='lat' dir='ltr'>inopinantem,</span> <span class='ocrx_word' id='word_1_120' title='bbox 2032 1898 2511 1960; x_wconf 85' lang='lat' dir='ltr'>constringeretque</span> <span class='ocrx_word' id='word_1_121' title='bbox 2542 1894 2696 1943; x_wconf 82' lang='lat' dir='ltr'>animi</span> 
     </span>
     <span class='ocr_line' id='line_1_16' title="bbox 487 1958 2699 2026; baseline 0 -18"><span class='ocrx_word' id='word_1_122' title='bbox 487 1958 685 2020; x_wconf 82' lang='lat' dir='ltr'>firmus,</span> <span class='ocrx_word' id='word_1_123' title='bbox 724 1967 779 2010; x_wconf 90' lang='lat' dir='ltr'>et</span> <span class='ocrx_word' id='word_1_124' title='bbox 803 1976 1020 2024; x_wconf 88' lang='lat' dir='ltr'>corpore</span> <span class='ocrx_word' id='word_1_125' title='bbox 1045 1962 1244 2026; x_wconf 87' lang='lat' dir='ltr'>ingens.</span> <span class='ocrx_word' id='word_1_126' title='bbox 1307 1964 1438 2012; x_wconf 87' lang='lat' dir='ltr'>Tum</span> <span class='ocrx_word' id='word_1_127' title='bbox 1466 1972 1801 2013; x_wconf 84' lang='lat' dir='ltr'>accurrerent</span> <span class='ocrx_word' id='word_1_128' title='bbox 1825 1964 2020 2015; x_wconf 85' lang='lat' dir='ltr'>tribuni</span> <span class='ocrx_word' id='word_1_129' title='bbox 2043 1972 2097 2013; x_wconf 83' lang='lat' dir='ltr'>et</span> <span class='ocrx_word' id='word_1_130' title='bbox 2119 1962 2466 2025; x_wconf 88' lang='lat' dir='ltr'>centuriones,</span> <span class='ocrx_word' id='word_1_131' title='bbox 2499 1967 2555 2010; x_wconf 90' lang='lat' dir='ltr'>et</span> <span class='ocrx_word' id='word_1_132' title='bbox 2577 1960 2699 2008; x_wconf 78' lang='lat' dir='ltr'>alio-</span> 
     </span>
     <span class='ocr_line' id='line_1_17' title="bbox 488 2024 2698 2105; baseline 0 -32"><span class='ocrx_word' id='word_1_133' title='bbox 488 2040 621 2087; x_wconf 89' lang='lat' dir='ltr'>rum,</span> <span class='ocrx_word' id='word_1_134' title='bbox 654 2032 812 2089; x_wconf 88' lang='lat' dir='ltr'>prout</span> <span class='ocrx_word' id='word_1_135' title='bbox 833 2026 1254 2089; x_wconf 78' lang='lat' dir='ltr'>singuli&#39;audacia</span> <span class='ocrx_word' id='word_1_136' title='bbox 1284 2030 1602 2091; x_wconf 77' lang='lat' dir='ltr'>polluissent,</span> <span class='ocrx_word' id='word_1_137' title='bbox 1642 2033 2061 2105; x_wconf 74' lang='lat' dir='ltr'>prostratumque</span> <span class='ocrx_word' id='word_1_138' title='bbox 2083 2035 2138 2077; x_wconf 93' lang='lat' dir='ltr'>et</span> <span class='ocrx_word' id='word_1_139' title='bbox 2160 2027 2467 2091; x_wconf 87' lang='lat' dir='ltr'>implicitum</span> <span class='ocrx_word' id='word_1_140' title='bbox 2491 2024 2698 2075; x_wconf 88' lang='lat' dir='ltr'>oecide-</span> 
     </span>
     <span class='ocr_line' id='line_1_18' title="bbox 490 2091 2698 2158; baseline 0 -20"><span class='ocrx_word' id='word_1_141' title='bbox 490 2095 624 2139; x_wconf 87' lang='lat' dir='ltr'>rent.</span> <span class='ocrx_word' id='word_1_142' title='bbox 697 2091 993 2154; x_wconf 80' lang='lat' dir='ltr'>Principium</span> <span class='ocrx_word' id='word_1_143' title='bbox 1016 2094 1152 2142; x_wconf 86' lang='lat' dir='ltr'>tanti</span> <span class='ocrx_word' id='word_1_144' title='bbox 1174 2091 1417 2143; x_wconf 84' lang='lat' dir='ltr'>facinoris</span> <span class='ocrx_word' id='word_1_145' title='bbox 1439 2095 1531 2141; x_wconf 77' lang='lat' dir='ltr'>sibi</span> <span class='ocrx_word' id='word_1_146' title='bbox 1560 2097 1830 2158; x_wconf 75' lang='lat' dir='ltr'>deposcente</span> <span class='ocrx_word' id='word_1_147' title='bbox 1849 2094 2065 2154; x_wconf 76' lang='lat' dir='ltr'>Scemno,</span> <span class='ocrx_word' id='word_1_148' title='bbox 2086 2092 2168 2157; x_wconf 69' lang='lat' dir='ltr'>qui</span> <span class='ocrx_word' id='word_1_149' title='bbox 2188 2092 2305 2141; x_wconf 89' lang='lat' dir='ltr'>ideo</span> <span class='ocrx_word' id='word_1_150' title='bbox 2326 2091 2582 2140; x_wconf 79' lang='lat' dir='ltr'>abstulerat</span> <span class='ocrx_word' id='word_1_151' title='bbox 2608 2105 2698 2153; x_wconf 82' lang='lat' dir='ltr'>pu-</span> 
     </span>
     <span class='ocr_line' id='line_1_19' title="bbox 485 2155 2698 2223; baseline -0 -18"><span class='ocrx_word' id='word_1_152' title='bbox 485 2155 674 2217; x_wconf 75' lang='lat' dir='ltr'>gionem</span> <span class='ocrx_word' id='word_1_153' title='bbox 696 2172 722 2207; x_wconf 92' lang='lat' dir='ltr'>e</span> <span class='ocrx_word' id='word_1_154' title='bbox 742 2157 934 2207; x_wconf 80' lang='lat' dir='ltr'>delabro</span> <span class='ocrx_word' id='word_1_155' title='bbox 956 2156 1139 2207; x_wconf 82' lang='lat' dir='ltr'>Salutis</span> <span class='ocrx_word' id='word_1_156' title='bbox 1161 2160 1285 2221; x_wconf 82' lang='lat' dir='ltr'>apud</span> <span class='ocrx_word' id='word_1_157' title='bbox 1316 2160 1587 2222; x_wconf 79' lang='lat' dir='ltr'>Etruriam,</span> <span class='ocrx_word' id='word_1_158' title='bbox 1620 2160 1739 2223; x_wconf 80' lang='lat' dir='ltr'>sive,</span> <span class='ocrx_word' id='word_1_159' title='bbox 1763 2165 1817 2209; x_wconf 84' lang='lat' dir='ltr'>ut</span> <span class='ocrx_word' id='word_1_160' title='bbox 1839 2161 1928 2209; x_wconf 85' lang='lat' dir='ltr'>alii</span> <span class='ocrx_word' id='word_1_161' title='bbox 1947 2157 2278 2221; x_wconf 66' lang='lat' dir='ltr'>mmoravere,</span> <span class='ocrx_word' id='word_1_162' title='bbox 2307 2170 2334 2206; x_wconf 89' lang='lat' dir='ltr'>e</span> <span class='ocrx_word' id='word_1_163' title='bbox 2355 2156 2554 2220; x_wconf 88' lang='lat' dir='ltr'>templo</span> <span class='ocrx_word' id='word_1_164' title='bbox 2577 2155 2698 2205; x_wconf 81' lang='lat' dir='ltr'>For·</span> 
     </span>
    </p>
   </div>
   <div class='ocr_carea' id='block_1_4' title="bbox 1413 2280 1773 2300">
    <p class='ocr_par' dir='ltr' id='par_1_4' title="bbox 1413 2280 1773 2300">
     <span class='ocr_line' id='line_1_20' title="bbox 1413 2280 1773 2300; baseline 0.006 -2"><span class='ocrx_word' id='word_1_165' title='bbox 1413 2280 1773 2300; x_wconf 55' lang='lat' dir='ltr'>eeeeeeeeoen</span> 
     </span>
    </p>
   </div>
   <div class='ocr_carea' id='block_1_5' title="bbox 491 2359 2705 3077">
    <p class='ocr_par' dir='ltr' id='par_1_5' title="bbox 491 2359 2705 3077">
     <span class='ocr_line' id='line_1_21' title="bbox 556 2359 2696 2427; baseline -0 -16"><span class='ocrx_word' id='word_1_166' title='bbox 556 2367 582 2411; x_wconf 94' lang='lat'>1</span> <span class='ocrx_word' id='word_1_167' title='bbox 619 2363 705 2413; x_wconf 89' lang='lat' dir='ltr'>Sic</span> <span class='ocrx_word' id='word_1_168' title='bbox 730 2363 833 2413; x_wconf 88' lang='lat' dir='ltr'>Ms.</span> <span class='ocrx_word' id='word_1_169' title='bbox 854 2363 992 2413; x_wconf 82' lang='lat' dir='ltr'>Flor.</span> <span class='ocrx_word' id='word_1_170' title='bbox 1026 2363 1189 2413; x_wconf 85' lang='lat' dir='ltr'>editio</span> <span class='ocrx_word' id='word_1_171' title='bbox 1224 2363 1467 2427; x_wconf 85' lang='lat' dir='ltr'>princeps</span> <span class='ocrx_word' id='word_1_172' title='bbox 1502 2370 1560 2413; x_wconf 88' lang='lat' dir='ltr'>et</span> <span class='ocrx_word' id='word_1_173' title='bbox 1592 2363 1926 2413; x_wconf 80' lang='lat' dir='ltr'>recentiores.</span> <span class='ocrx_word' id='word_1_174' title='bbox 1993 2363 2056 2413; x_wconf 88' lang='lat' dir='ltr'>In</span> <span class='ocrx_word' id='word_1_175' title='bbox 2081 2362 2212 2412; x_wconf 88' lang='lat' dir='ltr'>Mss.</span> <span class='ocrx_word' id='word_1_176' title='bbox 2236 2360 2386 2411; x_wconf 82' lang='lat' dir='ltr'>Harl.</span> <span class='ocrx_word' id='word_1_177' title='bbox 2409 2359 2563 2411; x_wconf 88' lang='lat' dir='ltr'>Bodl.</span> <span class='ocrx_word' id='word_1_178' title='bbox 2582 2359 2696 2413; x_wconf 83' lang='lat' dir='ltr'>Jes.</span> 
     </span>
     <span class='ocr_line' id='line_1_22' title="bbox 491 2425 2699 2492; baseline -0.002 -13"><span class='ocrx_word' id='word_1_179' title='bbox 491 2434 547 2479; x_wconf 91' lang='lat' dir='ltr'>et</span> <span class='ocrx_word' id='word_1_180' title='bbox 583 2428 926 2490; x_wconf 86' lang='lat' dir='ltr'>Puteolanus,</span> <span class='ocrx_word' id='word_1_181' title='bbox 960 2430 1125 2488; x_wconf 83' lang='lat' dir='ltr'>domo,·</span> <span class='ocrx_word' id='word_1_182' title='bbox 1157 2429 1341 2478; x_wconf 86' lang='lat' dir='ltr'>omissa</span> <span class='ocrx_word' id='word_1_183' title='bbox 1379 2429 1680 2492; x_wconf 61' lang='lat' dir='ltr'>copula-2</span> <span class='ocrx_word' id='word_1_184' title='bbox 1712 2428 1798 2479; x_wconf 89' lang='lat' dir='ltr'>Sic</span> <span class='ocrx_word' id='word_1_185' title='bbox 1838 2428 1970 2478; x_wconf 87' lang='lat' dir='ltr'>bene</span> <span class='ocrx_word' id='word_1_186' title='bbox 2007 2429 2300 2479; x_wconf 86' lang='lat' dir='ltr'>Rhenanus.</span> <span class='ocrx_word' id='word_1_187' title='bbox 2376 2425 2438 2473; x_wconf 91' lang='lat' dir='ltr'>In</span> <span class='ocrx_word' id='word_1_188' title='bbox 2478 2426 2605 2475; x_wconf 79' lang='lat' dir='ltr'>Mss.</span> <span class='ocrx_word' id='word_1_189' title='bbox 2642 2433 2699 2476; x_wconf 88' lang='lat' dir='ltr'>et</span> 
     </span>
     <span class='ocr_line' id='line_1_23' title="bbox 493 2490 2701 2558; baseline -0.001 -14"><span class='ocrx_word' id='word_1_190' title='bbox 493 2495 754 2544; x_wconf 89' lang='lat' dir='ltr'>veteribus</span> <span class='ocrx_word' id='word_1_191' title='bbox 777 2490 1109 2558; x_wconf 80' lang='lat' dir='ltr'>editionibus,</span> <span class='ocrx_word' id='word_1_192' title='bbox 1132 2497 1368 2544; x_wconf 82' lang='lat' dir='ltr'>accedens.</span> <span class='ocrx_word' id='word_1_193' title='bbox 1433 2494 1760 2543; x_wconf 77' lang='lat' dir='ltr'>Brotier.—3</span> <span class='ocrx_word' id='word_1_194' title='bbox 1796 2495 1917 2545; x_wconf 86' lang='lat' dir='ltr'>Nou</span> <span class='ocrx_word' id='word_1_195' title='bbox 1940 2495 2015 2544; x_wconf 84' lang='lat' dir='ltr'>ita</span> <span class='ocrx_word' id='word_1_196' title='bbox 2041 2493 2178 2545; x_wconf 86' lang='lat' dir='ltr'>bene</span> <span class='ocrx_word' id='word_1_197' title='bbox 2214 2493 2347 2541; x_wconf 86' lang='lat' dir='ltr'>Mss.</span> <span class='ocrx_word' id='word_1_198' title='bbox 2370 2491 2521 2541; x_wconf 84' lang='lat' dir='ltr'>Harl.</span> <span class='ocrx_word' id='word_1_199' title='bbox 2543 2491 2701 2548; x_wconf 86' lang='lat' dir='ltr'>Bodl..</span> 
     </span>
     <span class='ocr_line' id='line_1_24' title="bbox 491 2555 2698 2621; baseline -0.002 -11"><span class='ocrx_word' id='word_1_200' title='bbox 491 2565 546 2610; x_wconf 87' lang='lat' dir='ltr'>et</span> <span class='ocrx_word' id='word_1_201' title='bbox 569 2560 910 2621; x_wconf 86' lang='lat' dir='ltr'>Puteolanus,</span> <span class='ocrx_word' id='word_1_202' title='bbox 931 2562 1112 2621; x_wconf 82' lang='lat' dir='ltr'>vigens.</span> <span class='ocrx_word' id='word_1_203' title='bbox 1177 2560 1442 2609; x_wconf 64' lang='lat' dir='ltr'>Idem-4</span> <span class='ocrx_word' id='word_1_204' title='bbox 1476 2560 1566 2609; x_wconf 82' lang='lat' dir='ltr'>Ita</span> <span class='ocrx_word' id='word_1_205' title='bbox 1587 2558 1790 2621; x_wconf 83' lang='lat' dir='ltr'>Lipsius</span> <span class='ocrx_word' id='word_1_206' title='bbox 1811 2574 1842 2608; x_wconf 90' lang='lat' dir='ltr'>e</span> <span class='ocrx_word' id='word_1_207' title='bbox 1865 2560 1968 2608; x_wconf 88' lang='lat' dir='ltr'>Ms.</span> <span class='ocrx_word' id='word_1_208' title='bbox 1993 2559 2168 2608; x_wconf 89' lang='lat' dir='ltr'>Vatic.</span> <span class='ocrx_word' id='word_1_209' title='bbox 2190 2557 2265 2607; x_wconf 87' lang='lat' dir='ltr'>sic</span> <span class='ocrx_word' id='word_1_210' title='bbox 2295 2563 2349 2606; x_wconf 87' lang='lat' dir='ltr'>et</span> <span class='ocrx_word' id='word_1_211' title='bbox 2371 2555 2540 2606; x_wconf 87' lang='lat' dir='ltr'>editio</span> <span class='ocrx_word' id='word_1_212' title='bbox 2560 2557 2698 2620; x_wconf 87' lang='lat' dir='ltr'>prin·</span> 
     </span>
     <span class='ocr_line' id='line_1_25' title="bbox 491 2620 2698 2688; baseline -0 -16"><span class='ocrx_word' id='word_1_213' title='bbox 491 2640 616 2688; x_wconf 85' lang='lat' dir='ltr'>ceps</span> <span class='ocrx_word' id='word_1_214' title='bbox 639 2639 702 2674; x_wconf 87' lang='lat' dir='ltr'>ac</span> <span class='ocrx_word' id='word_1_215' title='bbox 723 2625 1062 2674; x_wconf 86' lang='lat' dir='ltr'>recentiores.</span> <span class='ocrx_word' id='word_1_216' title='bbox 1128 2625 1257 2674; x_wconf 87' lang='lat' dir='ltr'>Mss.</span> <span class='ocrx_word' id='word_1_217' title='bbox 1293 2626 1503 2674; x_wconf 87' lang='lat' dir='ltr'>Farues.</span> <span class='ocrx_word' id='word_1_218' title='bbox 1538 2631 1593 2673; x_wconf 90' lang='lat' dir='ltr'>et</span> <span class='ocrx_word' id='word_1_219' title='bbox 1628 2624 1783 2674; x_wconf 85' lang='lat' dir='ltr'>Corb.</span> <span class='ocrx_word' id='word_1_220' title='bbox 1818 2624 2030 2673; x_wconf 79' lang='lat' dir='ltr'>audacioe</span> <span class='ocrx_word' id='word_1_221' title='bbox 2062 2623 2317 2672; x_wconf 74' lang='lat' dir='ltr'>habuisset.</span> <span class='ocrx_word' id='word_1_222' title='bbox 2381 2622 2510 2671; x_wconf 83' lang='lat' dir='ltr'>Mss.</span> <span class='ocrx_word' id='word_1_223' title='bbox 2543 2620 2698 2672; x_wconf 83' lang='lat' dir='ltr'>Harl.</span> 
     </span>
     <span class='ocr_line' id='line_1_26' title="bbox 491 2685 2699 2753; baseline -0.001 -14"><span class='ocrx_word' id='word_1_224' title='bbox 491 2690 645 2739; x_wconf 87' lang='lat' dir='ltr'>Bodl.</span> <span class='ocrx_word' id='word_1_225' title='bbox 672 2697 726 2739; x_wconf 90' lang='lat' dir='ltr'>et</span> <span class='ocrx_word' id='word_1_226' title='bbox 749 2689 1088 2750; x_wconf 87' lang='lat' dir='ltr'>Puteolanus,</span> <span class='ocrx_word' id='word_1_227' title='bbox 1110 2690 1321 2739; x_wconf 83' lang='lat' dir='ltr'>audacioe</span> <span class='ocrx_word' id='word_1_228' title='bbox 1341 2691 1444 2753; x_wconf 83' lang='lat' dir='ltr'>plus</span> <span class='ocrx_word' id='word_1_229' title='bbox 1461 2689 1809 2739; x_wconf 51' lang='grc' dir='ltr'>Μύκοι-6</span> <span class='ocrx_word' id='word_1_230' title='bbox 1846 2688 2101 2741; x_wconf 76' lang='lat' dir='ltr'>Quaedam</span> <span class='ocrx_word' id='word_1_231' title='bbox 2121 2693 2251 2737; x_wconf 86' lang='lat' dir='ltr'>vett.</span> <span class='ocrx_word' id='word_1_232' title='bbox 2274 2685 2411 2736; x_wconf 85' lang='lat' dir='ltr'>Edd.</span> <span class='ocrx_word' id='word_1_233' title='bbox 2426 2687 2699 2737; x_wconf 73' lang='lat' dir='ltr'>audivisset.</span> 
     </span>
     <span class='ocr_line' id='line_1_27' title="bbox 491 2750 2700 2819; baseline -0.002 -15"><span class='ocrx_word' id='word_1_234' title='bbox 491 2759 590 2804; x_wconf 83' lang='lat'>——6</span> <span class='ocrx_word' id='word_1_235' title='bbox 623 2755 687 2804; x_wconf 91' lang='lat' dir='ltr'>In</span> <span class='ocrx_word' id='word_1_236' title='bbox 712 2754 940 2804; x_wconf 88' lang='lat' dir='ltr'>editione</span> <span class='ocrx_word' id='word_1_237' title='bbox 961 2755 1222 2819; x_wconf 87' lang='lat' dir='ltr'>principe,</span> <span class='ocrx_word' id='word_1_238' title='bbox 1243 2756 1500 2805; x_wconf 74' lang='lat' dir='ltr'>Frentana.</span> <span class='ocrx_word' id='word_1_239' title='bbox 1529 2776 1537 2781; x_wconf 57' lang='lat'><em>⁷</em></span> <span class='ocrx_word' id='word_1_240' title='bbox 1570 2755 1910 2815; x_wconf 87' lang='lat' dir='ltr'>Puteolanus,</span> <span class='ocrx_word' id='word_1_241' title='bbox 1934 2755 2214 2804; x_wconf 82' lang='lat' dir='ltr'>Ferentano.</span> <span class='ocrx_word' id='word_1_242' title='bbox 2265 2750 2339 2800; x_wconf 83' lang='lat' dir='ltr'>At</span> <span class='ocrx_word' id='word_1_243' title='bbox 2363 2752 2700 2810; x_wconf 73' lang='lat' dir='ltr'>Ferentanuni,</span> 
     </span>
     <span class='ocr_line' id='line_1_28' title="bbox 494 2815 2702 2884; baseline -0.002 -14"><span class='ocrx_word' id='word_1_244' title='bbox 494 2826 549 2870; x_wconf 88' lang='lat' dir='ltr'>et</span> <span class='ocrx_word' id='word_1_245' title='bbox 573 2821 886 2883; x_wconf 76' lang='lat' dir='ltr'>Frentanum,</span> <span class='ocrx_word' id='word_1_246' title='bbox 919 2821 1182 2870; x_wconf 81' lang='lat' dir='ltr'>veteribus</span> <span class='ocrx_word' id='word_1_247' title='bbox 1204 2820 1552 2884; x_wconf 85' lang='lat' dir='ltr'>scriptoribus</span> <span class='ocrx_word' id='word_1_248' title='bbox 1594 2821 1797 2868; x_wconf 89' lang='lat' dir='ltr'>omnino</span> <span class='ocrx_word' id='word_1_249' title='bbox 1834 2820 2030 2882; x_wconf 84' lang='lat' dir='ltr'>ignota.</span> <span class='ocrx_word' id='word_1_250' title='bbox 2094 2819 2283 2882; x_wconf 88' lang='lat' dir='ltr'>Itaque</span> <span class='ocrx_word' id='word_1_251' title='bbox 2306 2815 2702 2877; x_wconf 87' lang='lat' dir='ltr'>emendandum,</span> 
     </span>
     <span class='ocr_line' id='line_1_29' title="bbox 497 2881 2702 2949; baseline -0.002 -15"><span class='ocrx_word' id='word_1_252' title='bbox 497 2885 772 2946; x_wconf 74' lang='lat' dir='ltr'>Ferentino,</span> <span class='ocrx_word' id='word_1_253' title='bbox 793 2892 856 2934; x_wconf 91' lang='lat' dir='ltr'>ut</span> <span class='ocrx_word' id='word_1_254' title='bbox 875 2885 1121 2935; x_wconf 79' lang='lat' dir='ltr'>observat</span> <span class='ocrx_word' id='word_1_255' title='bbox 1138 2886 1427 2948; x_wconf 85' lang='lat' dir='ltr'>Cluverius,</span> <span class='ocrx_word' id='word_1_256' title='bbox 1460 2886 1608 2934; x_wconf 83' lang='lat' dir='ltr'>Italia</span> <span class='ocrx_word' id='word_1_257' title='bbox 1630 2886 1802 2949; x_wconf 80' lang='lat' dir='ltr'>Antiq.</span> <span class='ocrx_word' id='word_1_258' title='bbox 1824 2885 1943 2934; x_wconf 90' lang='lat' dir='ltr'>Vol.</span> <span class='ocrx_word' id='word_1_259' title='bbox 1968 2899 2007 2933; x_wconf 86' lang='lat'>1.</span> <span class='ocrx_word' id='word_1_260' title='bbox 2031 2898 2085 2948; x_wconf 87' lang='lat' dir='ltr'>p.</span> <span class='ocrx_word' id='word_1_261' title='bbox 2114 2888 2231 2932; x_wconf 74' lang='lat'>563.</span> <span class='ocrx_word' id='word_1_262' title='bbox 2294 2881 2384 2931; x_wconf 88' lang='lat' dir='ltr'>Sic</span> <span class='ocrx_word' id='word_1_263' title='bbox 2405 2881 2533 2932; x_wconf 88' lang='lat' dir='ltr'>olim</span> <span class='ocrx_word' id='word_1_264' title='bbox 2562 2881 2702 2945; x_wconf 86' lang='lat' dir='ltr'>apud</span> 
     </span>
     <span class='ocr_line' id='line_1_30' title="bbox 494 2944 2705 3016; baseline -0.001 -19"><span class='ocrx_word' id='word_1_265' title='bbox 494 2950 820 3012; x_wconf 81' lang='lat' dir='ltr'>Strabonem,</span> <span class='ocrx_word' id='word_1_266' title='bbox 846 2965 894 2999; x_wconf 89' lang='lat' dir='ltr'>v.</span> <span class='ocrx_word' id='word_1_267' title='bbox 917 2965 971 3013; x_wconf 89' lang='lat' dir='ltr'>p.</span> <span class='ocrx_word' id='word_1_268' title='bbox 994 2955 1111 3001; x_wconf 78' lang='lat'>226.</span> <span class='ocrx_word' id='word_1_269' title='bbox 1147 2951 1423 3015; x_wconf 85' lang='lat' dir='ltr'>legebatur</span> <span class='ocrx_word' id='word_1_270' title='bbox 1459 2947 1762 3016; x_wconf 70' lang='grc' dir='ltr'>Φερεντανὸν,</span> <span class='ocrx_word' id='word_1_271' title='bbox 1797 2950 1884 2999; x_wconf 89' lang='lat' dir='ltr'>ubi</span> <span class='ocrx_word' id='word_1_272' title='bbox 1917 2964 2053 2999; x_wconf 89' lang='lat' dir='ltr'>nune</span> <span class='ocrx_word' id='word_1_273' title='bbox 2074 2944 2361 3012; x_wconf 70' lang='grc' dir='ltr'>Φερεντινόν.</span> <span class='ocrx_word' id='word_1_274' title='bbox 2426 2947 2705 3010; x_wconf 77' lang='lat' dir='ltr'>Egregium</span> 
     </span>
     <span class='ocr_line' id='line_1_31' title="bbox 495 3010 2703 3077; baseline 0 -16"><span class='ocrx_word' id='word_1_275' title='bbox 495 3013 861 3077; x_wconf 85' lang='lat' dir='ltr'>hospitalitatis</span> <span class='ocrx_word' id='word_1_276' title='bbox 898 3020 1149 3065; x_wconf 82' lang='lat' dir='ltr'>tesseram</span> <span class='ocrx_word' id='word_1_277' title='bbox 1186 3032 1217 3064; x_wconf 86' lang='lat' dir='ltr'>a</span> <span class='ocrx_word' id='word_1_278' title='bbox 1251 3016 1546 3067; x_wconf 82' lang='lat' dir='ltr'>Ferentinis</span> <span class='ocrx_word' id='word_1_279' title='bbox 1581 3016 1753 3071; x_wconf 78' lang='lat' dir='ltr'>datam</span> <span class='ocrx_word' id='word_1_280' title='bbox 1777 3015 1992 3065; x_wconf 83' lang='lat' dir='ltr'>exhibet</span> <span class='ocrx_word' id='word_1_281' title='bbox 2027 3014 2261 3064; x_wconf 86' lang='lat' dir='ltr'>eruditus</span> <span class='ocrx_word' id='word_1_282' title='bbox 2295 3010 2443 3074; x_wconf 84' lang='lat' dir='ltr'>Gori,</span> <span class='ocrx_word' id='word_1_283' title='bbox 2477 3011 2703 3075; x_wconf 72' lang='lat' dir='ltr'>Inscript.</span> 
     </span>
    </p>
   </div>
   <div class='ocr_carea' id='block_1_6' title="bbox 494 3075 2706 3209">
    <p class='ocr_par' dir='ltr' id='par_1_6' title="bbox 494 3075 2706 3209">
     <span class='ocr_line' id='line_1_32' title="bbox 494 3075 2706 3143; baseline 0 -16"><span class='ocrx_word' id='word_1_284' title='bbox 494 3077 668 3142; x_wconf 79' lang='lat' dir='ltr'>Antiq.</span> <span class='ocrx_word' id='word_1_285' title='bbox 691 3078 809 3127; x_wconf 89' lang='lat' dir='ltr'>Vol.</span> <span class='ocrx_word' id='word_1_286' title='bbox 832 3092 872 3129; x_wconf 84' lang='grc' dir='ltr'>ι.</span> <span class='ocrx_word' id='word_1_287' title='bbox 895 3095 949 3143; x_wconf 87' lang='lat' dir='ltr'>p.</span> <span class='ocrx_word' id='word_1_288' title='bbox 967 3084 1051 3130; x_wconf 83' lang='lat'>65.</span> <span class='ocrx_word' id='word_1_289' title='bbox 1117 3082 1190 3131; x_wconf 91' lang='lat' dir='ltr'>Et</span> <span class='ocrx_word' id='word_1_290' title='bbox 1210 3081 1264 3132; x_wconf 89' lang='lat' dir='ltr'>in</span> <span class='ocrx_word' id='word_1_291' title='bbox 1285 3082 1414 3132; x_wconf 87' lang='lat' dir='ltr'>Mss.</span> <span class='ocrx_word' id='word_1_292' title='bbox 1437 3080 1694 3131; x_wconf 82' lang='lat' dir='ltr'>Sirmoudi</span> <span class='ocrx_word' id='word_1_293' title='bbox 1715 3080 1919 3132; x_wconf 85' lang='lat' dir='ltr'>schedis</span> <span class='ocrx_word' id='word_1_294' title='bbox 1945 3086 2095 3132; x_wconf 80' lang='lat' dir='ltr'>extat</span> <span class='ocrx_word' id='word_1_295' title='bbox 2120 3085 2273 3131; x_wconf 80' lang='lat' dir='ltr'>vetus</span> <span class='ocrx_word' id='word_1_296' title='bbox 2305 3075 2588 3143; x_wconf 80' lang='lat' dir='ltr'>Inscriptio</span> <span class='ocrx_word' id='word_1_297' title='bbox 2610 3077 2706 3131; x_wconf 83' lang='lat' dir='ltr'>Fe-</span> 
     </span>
     <span class='ocr_line' id='line_1_33' title="bbox 496 3138 2663 3209; baseline 0.011 -18"><span class='ocrx_word' id='word_1_298' title='bbox 496 3142 685 3192; x_wconf 87' lang='lat' dir='ltr'>rentini</span> <span class='ocrx_word' id='word_1_299' title='bbox 709 3151 935 3209; x_wconf 85' lang='lat' dir='ltr'>reperta.</span> <span class='ocrx_word' id='word_1_300' title='bbox 1962 3190 1969 3196; x_wconf 76' lang='lat'><em>,</em></span> <span class='ocrx_word' id='word_1_301' title='bbox 2640 3138 2663 3159; x_wconf 34' lang='grc' dir='ltr'>δ’</span> 
     </span>
    </p>
   </div>
   <div class='ocr_carea' id='block_1_7' title="bbox 1428 3225 2088 3671">
    <p class='ocr_par' dir='ltr' id='par_1_7' title="bbox 1428 3225 2088 3671">
     <span class='ocr_line' id='line_1_34' title="bbox 1449 3225 1751 3263; baseline 0 -1"><span class='ocrx_word' id='word_1_302' title='bbox 1449 3225 1751 3263; x_wconf 62' lang='grc' dir='ltr'>ποκτνκιι</span> 
     </span>
     <span class='ocr_line' id='line_1_35' title="bbox 1488 3306 1707 3343; baseline 0.005 -1"><span class='ocrx_word' id='word_1_303' title='bbox 1488 3306 1707 3343; x_wconf 70' lang='grc' dir='ltr'><strong>εΑοιινιιι</strong></span> 
     </span>
     <span class='ocr_line' id='line_1_36' title="bbox 1521 3388 1669 3425; baseline 0.007 -1"><span class='ocrx_word' id='word_1_304' title='bbox 1521 3388 1669 3425; x_wconf 81' lang='lat' dir='ltr'>voro</span> 
     </span>
     <span class='ocr_line' id='line_1_37' title="bbox 1468 3469 1734 3506; baseline 0.004 -1"><span class='ocrx_word' id='word_1_305' title='bbox 1468 3469 1734 3506; x_wconf 67' lang='lat' dir='ltr'>svscsrro</span> 
     </span>
     <span class='ocr_line' id='line_1_38' title="bbox 1428 3550 1766 3590; baseline 0.003 -2"><span class='ocrx_word' id='word_1_306' title='bbox 1428 3552 1476 3590; x_wconf 88' lang='lat' dir='ltr'>c.</span> <span class='ocrx_word' id='word_1_307' title='bbox 1509 3550 1766 3589; x_wconf 68' lang='grc' dir='ltr'>οΑιιισινε</span> 
     </span>
     <span class='ocr_line' id='line_1_39' title="bbox 1484 3619 2088 3671; baseline 0.005 -4"><span class='ocrx_word' id='word_1_308' title='bbox 1484 3631 1723 3670; x_wconf 71' lang='lat' dir='ltr'>sucvnvs</span> <span class='ocrx_word' id='word_1_309' title='bbox 1874 3619 2088 3671; x_wconf 76' lang='lat' dir='ltr'>Brotier.</span> 
     </span>
    </p>
   </div>
   <div class='ocr_carea' id='block_1_8' title="bbox 1498 3782 1714 3834">
    <p class='ocr_par' dir='ltr' id='par_1_8' title="bbox 1498 3782 1714 3834">
     <span class='ocr_line' id='line_1_40' title="bbox 1498 3782 1714 3834; baseline -0.014 0"><span class='ocrx_word' id='word_1_310' title='bbox 1498 3782 1714 3834; x_wconf 80' lang='lat' dir='ltr'>NOTAE</span> 
     </span>
    </p>
   </div>
   <div class='ocr_carea' id='block_1_9' title="bbox 497 3879 2712 4402">
    <p class='ocr_par' dir='ltr' id='par_1_9' title="bbox 497 3879 2712 4402">
     <span class='ocr_line' id='line_1_41' title="bbox 502 3879 2712 3947; baseline -0 -19"><span class='ocrx_word' id='word_1_311' title='bbox 502 3879 759 3930; x_wconf 86' lang='lat' dir='ltr'>ludicrum</span> <span class='ocrx_word' id='word_1_312' title='bbox 798 3879 1030 3946; x_wconf 87' lang='lat' dir='ltr'>pluribus</span> <span class='ocrx_word' id='word_1_313' title='bbox 1054 3895 1304 3947; x_wconf 85' lang='lat' dir='ltr'>equorum</span> <span class='ocrx_word' id='word_1_314' title='bbox 1327 3881 1563 3932; x_wconf 86' lang='lat' dir='ltr'>cursibus</span> <span class='ocrx_word' id='word_1_315' title='bbox 1643 3896 1907 3931; x_wconf 87' lang='lat' dir='ltr'>nummum</span> <span class='ocrx_word' id='word_1_316' title='bbox 1943 3885 2206 3930; x_wconf 79' lang='lat' dir='ltr'>veterem:</span> <span class='ocrx_word' id='word_1_317' title='bbox 2264 3888 2534 3928; x_wconf 64' lang='lat' dir='ltr'>utrumn</span> <span class='ocrx_word' id='word_1_318' title='bbox 2575 3889 2712 3929; x_wconf 68' lang='lat' dir='ltr'>ml·</span> 
     </span>
     <span class='ocr_line' id='line_1_42' title="bbox 502 3950 2711 4007; baseline -0.001 -1"><span class='ocrx_word' id='word_1_319' title='bbox 502 3958 891 4007; x_wconf 87' lang='lat' dir='ltr'>celebraretur.&#39;</span> <span class='ocrx_word' id='word_1_320' title='bbox 1505 3996 1510 3999; x_wconf 81' lang='lat'>.</span> <span class='ocrx_word' id='word_1_321' title='bbox 1646 3971 1727 4007; x_wconf 78' lang='lat' dir='ltr'>us</span> <span class='ocrx_word' id='word_1_322' title='bbox 1752 3952 2015 4007; x_wconf 48' lang='lat' dir='ltr'>cunum}</span> <span class='ocrx_word' id='word_1_323' title='bbox 2038 3966 2281 4006; x_wconf 64' lang='lat' dir='ltr'>vaurms</span> <span class='ocrx_word' id='word_1_324' title='bbox 2304 3965 2487 4004; x_wconf 67' lang='lat' dir='ltr'>rtem.</span> <span class='ocrx_word' id='word_1_325' title='bbox 2550 3950 2711 4006; x_wconf 75' lang='lat' dir='ltr'>Quod</span> 
     </span>
     <span class='ocr_line' id='line_1_43' title="bbox 567 4027 2708 4100; baseline -0.002 -18"><span class='ocrx_word' id='word_1_326' title='bbox 567 4034 675 4083; x_wconf 91' lang='lat' dir='ltr'>Dio</span> <span class='ocrx_word' id='word_1_327' title='bbox 697 4035 736 4083; x_wconf 90' lang='lat' dir='ltr'>l.</span> <span class='ocrx_word' id='word_1_328' title='bbox 761 4048 931 4084; x_wconf 74' lang='lat' dir='ltr'>xnvu.</span> <span class='ocrx_word' id='word_1_329' title='bbox 962 4034 1100 4085; x_wconf 88' lang='lat' dir='ltr'>inter</span> <span class='ocrx_word' id='word_1_330' title='bbox 1122 4035 1360 4100; x_wconf 85' lang='lat' dir='ltr'>prodigia</span> <span class='ocrx_word' id='word_1_331' title='bbox 1379 4034 1565 4098; x_wconf 84' lang='lat' dir='ltr'>refert,</span> <span class='ocrx_word' id='word_1_332' title='bbox 1645 4036 1865 4085; x_wconf 86' lang='lat' dir='ltr'>Caesaris</span> <span class='ocrx_word' id='word_1_333' title='bbox 1904 4041 1959 4084; x_wconf 91' lang='lat' dir='ltr'>et</span> <span class='ocrx_word' id='word_1_334' title='bbox 1981 4032 2134 4082; x_wconf 85' lang='lat' dir='ltr'>Tullii</span> <span class='ocrx_word' id='word_1_335' title='bbox 2162 4028 2522 4081; x_wconf 67' lang='lat' dir='ltr'>aevo2faetum.</span> <span class='ocrx_word' id='word_1_336' title='bbox 2569 4027 2708 4078; x_wconf 72' lang='lat' dir='ltr'>vide</span> 
     </span>
     <span class='ocr_line' id='line_1_44' title="bbox 497 4103 2681 4174; baseline -0.001 -16"><span class='ocrx_word' id='word_1_337' title='bbox 497 4109 639 4174; x_wconf 86' lang='lat' dir='ltr'>quod</span> <span class='ocrx_word' id='word_1_338' title='bbox 659 4111 675 4137; x_wconf 91' lang='lat'>‘</span> <span class='ocrx_word' id='word_1_339' title='bbox 695 4110 891 4160; x_wconf 84' lang='lat' dir='ltr'>AEdiles</span> <span class='ocrx_word' id='word_1_340' title='bbox 906 4113 1102 4171; x_wconf 85' lang='lat' dir='ltr'>Cereri,</span> <span class='ocrx_word' id='word_1_341' title='bbox 1116 4114 1230 4164; x_wconf 87' lang='lat' dir='ltr'>loco</span> <span class='ocrx_word' id='word_1_342' title='bbox 1245 4113 1563 4163; x_wconf 87' lang='lat' dir='ltr'>Circensium</span> <span class='ocrx_word' id='word_1_343' title='bbox 1646 4112 1988 4170; x_wconf 68' lang='lat' dir='ltr'>Pontianum,</span> <span class='ocrx_word' id='word_1_344' title='bbox 2014 4109 2222 4159; x_wconf 86' lang='lat' dir='ltr'>Miscel.</span> <span class='ocrx_word' id='word_1_345' title='bbox 2245 4122 2295 4157; x_wconf 88' lang='lat' dir='ltr'>c.</span> <span class='ocrx_word' id='word_1_346' title='bbox 2317 4110 2404 4157; x_wconf 74' lang='lat'>⁷6.</span> <span class='ocrx_word' id='word_1_347' title='bbox 2468 4103 2681 4170; x_wconf 61' lang='lat' dir='ltr'>Lipsius·</span> 
     </span>
     <span class='ocr_line' id='line_1_45' title="bbox 502 4186 2625 4253; baseline -0.001 -19"><span class='ocrx_word' id='word_1_348' title='bbox 502 4192 560 4234; x_wconf 91' lang='lat' dir='ltr'>et</span> <span class='ocrx_word' id='word_1_349' title='bbox 592 4188 909 4250; x_wconf 87' lang='lat' dir='ltr'>equestrium</span> <span class='ocrx_word' id='word_1_350' title='bbox 944 4189 1198 4253; x_wconf 89' lang='lat' dir='ltr'>ludorum,</span> <span class='ocrx_word' id='word_1_351' title='bbox 1233 4189 1564 4253; x_wconf 70' lang='lat' dir='ltr'>gladiatorios</span> <span class='ocrx_word' id='word_1_352' title='bbox 1707 4196 1729 4222; x_wconf 73' lang='lat'><em>⁶</em></span> <span class='ocrx_word' id='word_1_353' title='bbox 1765 4186 1923 4249; x_wconf 87' lang='lat' dir='ltr'>Circi]</span> <span class='ocrx_word' id='word_1_354' title='bbox 1955 4187 2015 4236; x_wconf 78' lang='lat'>1..</span> <span class='ocrx_word' id='word_1_355' title='bbox 2037 4198 2118 4235; x_wconf 79' lang='lat' dir='ltr'>vx.</span> <span class='ocrx_word' id='word_1_356' title='bbox 2140 4199 2189 4234; x_wconf 91' lang='lat' dir='ltr'>e.</span> <span class='ocrx_word' id='word_1_357' title='bbox 2209 4188 2294 4233; x_wconf 80' lang='grc'>45.</span> <span class='ocrx_word' id='word_1_358' title='bbox 2438 4226 2441 4229; x_wconf 76' lang='grc'>,</span> <span class='ocrx_word' id='word_1_359' title='bbox 2528 4216 2535 4225; x_wconf 88' lang='grc'><strong>.</strong></span> <span class='ocrx_word' id='word_1_360' title='bbox 2598 4220 2625 4247; x_wconf 63' lang='lat' dir='ltr'>-r</span> 
     </span>
     <span class='ocr_line' id='line_1_46' title="bbox 504 4260 2429 4325; baseline -0.003 -11"><span class='ocrx_word' id='word_1_361' title='bbox 504 4264 870 4316; x_wconf 61' lang='lat' dir='ltr'>exhibuerint!</span> <span class='ocrx_word' id='word_1_362' title='bbox 1708 4263 1734 4299; x_wconf 60' lang='grc' dir='ltr'><strong>ὖ</strong></span> <span class='ocrx_word' id='word_1_363' title='bbox 1768 4262 1996 4325; x_wconf 76' lang='lat' dir='ltr'>Etruria]</span> <span class='ocrx_word' id='word_1_364' title='bbox 2029 4260 2144 4312; x_wconf 88' lang='lat' dir='ltr'>Lib.</span> <span class='ocrx_word' id='word_1_365' title='bbox 2167 4272 2250 4310; x_wconf 75' lang='lat' dir='ltr'>xx.</span> <span class='ocrx_word' id='word_1_366' title='bbox 2274 4273 2326 4309; x_wconf 83' lang='lat' dir='ltr'>e.</span> <span class='ocrx_word' id='word_1_367' title='bbox 2344 4262 2429 4309; x_wconf 74' lang='lat'>14.</span> 
     </span>
     <span class='ocr_line' id='line_1_47' title="bbox 541 4331 2710 4402; baseline -0.005 -11"><span class='ocrx_word' id='word_1_368' title='bbox 541 4340 818 4392; x_wconf 65' lang='lat' dir='ltr'>Ovidium</span> <span class='ocrx_word' id='word_1_369' title='bbox 859 4331 996 4393; x_wconf 76' lang='lat' dir='ltr'>adde</span> <span class='ocrx_word' id='word_1_370' title='bbox 1031 4357 1108 4397; x_wconf 79' lang='lat' dir='ltr'>iv.</span> <span class='ocrx_word' id='word_1_371' title='bbox 1146 4344 1451 4395; x_wconf 82' lang='lat' dir='ltr'>Fastorum:</span> <span class='ocrx_word' id='word_1_372' title='bbox 1508 4348 1569 4393; x_wconf 89' lang='lat' dir='ltr'>et</span> <span class='ocrx_word' id='word_1_373' title='bbox 1712 4345 1736 4374; x_wconf 74' lang='lat'>⁸</span> <span class='ocrx_word' id='word_1_374' title='bbox 1769 4336 2051 4402; x_wconf 81' lang='lat' dir='ltr'>Ferentino]</span> <span class='ocrx_word' id='word_1_375' title='bbox 2082 4334 2443 4398; x_wconf 83' lang='lat' dir='ltr'>Ferentinum,</span> <span class='ocrx_word' id='word_1_376' title='bbox 2463 4332 2710 4399; x_wconf 85' lang='lat' dir='ltr'>oppidum</span> 
     </span>
    </p>
   </div>
  </div>
 </body>
</html>
