3063 4952
524 365 701 437 1442

525 526 943 619 postulantes
950 526 988 592 .’

1236 378 1305 427 0.
1329 375 1718 433 'CORNELII
1764 333 2052 424 TAGI'I'IU'

2412 377 2504 444 [Α.
2524 377 2596 432 U.
2618 372 2746 441 809

1095 521 1309 591 Simul
1362 524 1695 590 intendere
1759 528 2049 600 manus,r
2093 540 2401 606 aggerere
2456 503 2738 607 probra‚.

524 689 623 737 tes.
687 681 844 732 Simul
871 681 1108 752 intentare
1130 678 1331 730 Neroni
1358 694 1524 729 manus
1562 677 1875 742 Agrippina,
1911 675 2215 725 contumelias
2247 675 2483 738 ingerere,
2517 674 2737 725 invocare

1515 792 1727 845 NOTAE

525 915 695 975 rhum,
729 917 785 963 et
818 912 835 941 ‘
861 911 1171 977 professoria
1202 911 1397 975 lingna’
1435 910 1593 959 Sene-

525 1006 657 1043 cam.
709 991 826 1041 Nec
863 1004 1075 1039 necesse
1100 995 1180 1039 est
1205 996 1263 1038 ut
1290 994 1453 1037 totam
1486 1001 1593 1036 ma-

521 1082 649 1129 num
688 1067 958 1131 praecisam
996 1065 1266 1115 habuerit:
1309 1063 1499 1133 sufficit
1521 1062 1594 1111 di-

525 1146 638 1211 gito
676 1158 780 1193 uno
820 1150 910 1192 aut
948 1143 1113 1191 altero
1156 1128 1367 1206 captum
1396 1138 1589 1187 fuisse:

522 1221 682 1288 idque
718 1219 1100 1270 incommodum
1146 1218 1433 1282 accepisse,
1469 1217 1591 1266 dum

1668 906 1971 971 sophistam,
2018 906 2296 970 rhetorem,
2341 912 2433 956 aut
2475 904 2584 954 ludi
2626 919 2768 955 man

1668 984 1886 1047 gistrum
1924 981 2260 1048 profiteretur
2288 983 2501 1033 Seneca.
2565 983 2655 1032 Sic
2679 989 2737 1033 et

1668 1061 1926 1110 Burrhum
1981 1059 2270 1125 τραυματίαν
2338 1068 2489 1111 vocat
2541 1074 2736 1109 vesana

1666 1137 1879 1198 foemina
1903 1154 1998 1203 per
2028 1138 2413 1201 contumeliam,
2444 1137 2535 1204 qni
2573 1129 2739 1187 armo-²

1668 1232 1779 1266 rum
1804 1223 1858 1266 et
1893 1217 2014 1267 belli
2036 1216 2170 1266 fama
2206 1218 2528 1281 conspicuuS,
2564 1222 2620 1266 et
2644 1231 2737 1269 cuv

524 1298 580 1348 in
616 1298 728 1348 acie
768 1298 956 1348 sternit
976 1298 1195 1360 hostem,
1231 1301 1288 1345 ut
1309 1295 1592 1345 verisimile
1656 1293 1746 1357 jus
1770 1295 2055 1343 vulneram
2078 1294 2293 1359 gloriam
2311 1284 2596 1344 verterant.
2645 1293 2736 1344 Sic

526 1384 629 1426 est.

590 1454 730 1518 Ergo
753 1453 804 1502 id
842 1453 1043 1515 insigne
1066 1451 1272 1502 virtutis
1298 1465 1401 1501 non
1424 1451 1589 1516 magis

525 1530 695 1581 arcuit
710 1545 824 1581 eum
845 1528 1158 1593 praefectura
1175 1529 1423 1592 praetorii,
1437 1544 1590 1593 quam

525 1607 835 1656 ciaudicatio
857 1620 922 1655 ex
946 1605 1157 1654 vnlnere
1189 1606 1279 1668 Sp.
1306 1604 1590 1654 Carvilium

520 1683 907 1745 dehonestavit,
947 1698 1099 1745 quem
1154 1691 1337 1744 mater,
1389 1683 1589 1746 quoties

525 1762 744 1827 gradum
784 1758 1002 1822 faceret,
1034 1759 1257 1822 jubebat
1294 1760 1589 1809 meminisse

526 1837 730 1888 bellicae
754 1835 965 1900 gloriae3
1005 1843 1094 1885 aut
1126 1835 1341 1898 herniae,
1363 1852 1514 1901 quam
1536 1837 1588 1885 in

525 1929 660 1980 equo
717 1914 826 1963 dies
893 1919 1174 1977 noctesque
1243 1912 1588 1976 persedendo,

525 2002 711 2044 nactus
744 1999 876 2055 erat,
920 1993 998 2040 Μ.
1021 1992 1293 2041 Servilium
1328 1993 1588 2055 poenituit.

529 2071 816 2121 Gronovius.

596 2149 782 2199 Trunca
811 2148 987 2197 scilicet
1018 2146 1182 2209 manu]
1217 2144 1368 2198 Quod
1405 2148 1588 2196 vulnus

524 2231 700 2275 tamen
732 2220 829 2288 ipsi
870 2224 1049 2288 gloriae
1086 2223 1203 2273 fuit.
1272 2225 1409 2273 Nam
1442 2239 1588 2288 egre-

525 2302 640 2365 gius
680 2296 833 2364 bello,
869 2307 926 2351 et
974 2301 1069 2350 hoc
1113 2301 1282 2365 ipsum
1328 2301 1488 2351 decus
1534 2303 1588 2351 in

526 2394 682 2429 causa
702 2379 817 2443 fuit,
836 2393 930 2429 cnr
953 2379 1264 2442 praetoriano
1283 2378 1432 2428 militi
1456 2394 1588 2443 prae·

522 2454 797 2507 ficeretur:
822 2454 943 2522 quid
968 2456 1105 2505 enim
1128 2455 1284 2520 magis
1306 2455 1585 2508 decorum?

522 2534 740 2597 Sanguis
784 2534 859 2584 sic
916 2532 1156 2597 profusus
1209 2533 1482 2583 victoriam
1526 2541 1587 2616 et

524 2609 774 2673 gloriam'
760 2624 927 2673 ipsam
951 2610 1129 2658 vincit.

588 2688 727 2737 Flor.
766 2687 832 2736 de
878 2685 1117 2749 Augusto
1160 2687 1334 2737 sancio
1379 2701 1456 2737 iv.
1504 2692 1585 2737 12.

521 2765 536 2791 ‘
562 2763 843 2815 Cunctanti
881 2762 945 2811 ad
987 2777 1254 2812 ascensum
1288 2763 1441 2813 militi
1474 2778 1585 2812 scu-

523 2847 634 2890 tum
658 2840 723 2889 de
763 2854 916 2888 manu
948 2838 1243 2903 rapu‘rtz‘et
1280 2839 1333 2888 in
1364 2839 1447 2887 via
1484 2841 1587 2904 pri-

520 2914 655 2981 mus,
680 2924 803 2967 tunc
824 2916 1026 2979 agmine
1060 2923 1260 2980 secuto,
1282 2930 1398 2966 cnm
1418 2916 1589 2982 Illyri-

521 3010 615 3046 cus
651 2994 980 3044 multitudiue
1023 2999 1230 3056 pontem
1262 2994 1587 3057 succidisset,

520 3070 721 3121 saucius
745 3070 998 3133 manibus,
1031 3085 1092 3119 ac
1115 3065 1365 3134 cruribus,
1386 3072 1588 3135 specio-

520 3150 642 3211 sior,
684 3153 741 3197 et
785 3148 1050 3211 sanguine,
1095 3153 1151 3197 et
1203 3148 1314 3211 ipso
1357 3148 1586 3210 periculo

521 3227 804 3290 augustior,
823 3232 972 3287 terga
1002 3224 1225 3273 hostium
1264 3225 1585 3288 percecidit.'

518 3303 607 3354 Sic
628 3301 872 3364 Annibal,
905 3303 978 3351 sic
1012 3301 1290 3364 Sertorius,
1314 3303 1386 3351 sic
1409 3303 1587 3353 Civilis

519 3388 577 3430 et
618 3380 708 3429 alii
752 3377 1015 3428 fortissimi
1044 3399 1049 3412 ¹-
1069 3380 1182 3439 viri,
1229 3380 1387 3428 etiam
1434 3379 1586 3430 faciei

521 3457 983 3506 dehonestamento
1047 3455 1424 3520 gloriabantur,
1469 3471 1588 3508 cum

520 3534 724 3583 oculum
786 3549 851 3582 ex
901 3534 1108 3582 vulnere
1166 3533 1215 3581 in
1270 3534 1451 3597 praelio
1495 3541 1587 3585 aut

520 3610 657 3660 bello
679 3610 984 3659 amisissent.

584 3695 608 3730 ‘¹
645 3687 935 3746 Professoria
977 3688 1165 3749 lingua]
1221 3688 1306 3736 Sic
1344 3688 1588 3752 eloquen-

523 3764 647 3813 tiam
684 3764 900 3812 Senecae
944 3778 1037 3825 per
1076 3771 1393 3813 contemtum
1432 3772 1588 3814 vocat

521 3839 843 3901 Agrippina;
872 3839 943 3885 sic
972 3840 1217 3900 deprimit
1244 3839 1412 3888 verbis
1437 3856 1588 3889 amm-

519 3916 781 3964 nissimum
805 3916 1063 3978 ingenium
1089 3916 1202 3977 viri,
1222 3931 1372 3981 quem
1397 3932 1460 3968 ex
1484 3932 1588 3965 om-

520 3993 671 4043 uibus
696 3995 999 4042 mortalibus
1039 3995 1310 4057 selegerat,
1331 3996 1418 4058 qui
1450 3996 1585 4043 viam

517 4071 630 4119 filio
652 4069 720 4118 ad
741 4069 1007 4133 imperium
1035 4079 1362 4133 praepararet
1389 4079 1586 4121 sterne—

519 4156 722 4213 retque,
753 4153 808 4196 et
840 4148 927 4212 qui
958 4151 1117 4197 etiam
1154 4163 1326 4197 rerum
1351 4150 1586 4211 potiente

519 4225 751 4284 Nerone,
764 4224 925 4273 veluti
945 4226 1184 4274 columen
1201 4224 1405 4288 imperii
1429 4232 1584 4276 esset.

585 4301 777 4370 Arguit
812 4301 956 4373 irata·
982 4301 1393 4366 insectaturque,
1435 4300 1585 4366 quasi

1666 1370 2012 1435 eloquentiam
2068 1371 2269 1435 spernit
2323 1372 2554 1433 Senecae,
2613 1386 2733 1436 quae

1666 1454 1839 1498 tamen
1865 1448 2090 1513 Reipub.
2128 1455 2182 1498 et
2222 1448 2395 1498 aetatis
2435 1463 2539 1498 suae
2574 1448 2735 1497 maxi-

1665 1542 1804 1577 mum
1843 1526 2002 1575 decus
2036 1531 2091 1574 et
2130 1531 2487 1574 ornamentum
2521 1523 2639 1586 fuit,
2676 1531 2735 1587 et

1666 1619 1769 1670 qua
1792 1611 1937 1653 certe
1959 1603 2080 1651 nihii
2102 1602 2298 1662 utilius,
2320 1601 2444 1649 nihil
2465 1601 2747 1659 honestius.

1664 1686 1756 1730 aut
1790 1680 1951 1743 majus
1996 1678 2118 1743 fuit,
2143 1679 2224 1727 vel
2263 1692 2377 1727 esse
2412 1678 2581 1742 potuit
2619 1683 2733 1729 toto

1665 1755 1790 1805 orbe
1815 1757 2061 1807 Romano.

1727 1834 1799 1883 Et
1838 1833 2127 1896 praesertim
2172 1833 2224 1883 iu
2272 1834 2383 1882 viro
2438 1833 2632 1897 optimo
2677 1837 2738 1903 et

1664 1911 2005 1973 sanctissimo,
2042 1927 2144 1977 quo
2177 1918 2505 1977 temperante
2534 1910 2735 1972 orbem,

1663 1987 1790 2036 felix
1820 1989 2081 2051 princeps,
2104 1988 2235 2037 felix
2264 1988 2376 2050 ipsa
2398 1993 2567 2037 mater
2591 1986 2736 2051 prin·

1663 2066 1812 2130 cipis,
1850 2064 1976 2114 felix
2013 2066 2256 2127 Senatus,
2275 2063 2404 2114 fehx
2433 2063 2736 2127 respublica
2788 2089 2793 2095 ·

1663 2140 1781 2205 fuit,
1806 2148 1861 2191 et
1896 2156 1998 2206 quo
2032 2142 2287 2206 perculso,
2322 2147 2503 2191 cetera
2527 2139 2734 2205 imperii

1663 2177 1911 2272 subversa
1933 2225 1988 2269 et
2014 2221 2219 2284 perdita
2244 2227 2383 2269 sunt.

1726 2297 2022 2358 Professoria
2072 2298 2261 2361 lingua]
2334 2298 2481 2347 Idem
2504 2303 2608 2359 ⁸est
2666 2312 2734 2355 ae

1662 2377 1881 2437 venalis3
1918 2377 2053 2441 quod
2079 2377 2261 2425 vitium
2303 2378 2485 2441 procul
2508 2376 2678 2428 abfuit
2699 2391 2734 2431 8

1661 2453 1877 2517 Seneca,
1900 2453 1987 2520 qui
2023 2462 2251 2516 senator,
2272 2463 2502 2519 praetor,
2526 2461 2653 2520 puto
2675 2461 2733 2505 et

1663 2534 1859 2597 consul,
1893 2534 1977 2600 qui
2006 2533 2247 2584 felicitati
2285 2535 2538 2600 salutique
2576 2534 2730 2598 Reip.

1663 2626 1722 2661 ac
1746 2612 1923 2661 decori
1948 2611 2182 2673 Caesaris,
2213 2612 2561 2675 eloquentiam
2585 2626 2730 2661 suam

1664 2695 1988 2749 sacraverat,
2013 2695 2242 2749 voverat,
2260 2687 2548 2736 dicarer‘at.

1671 2789 1678 2792 *
1727 2770 1746 2796 Γ
1780 2764 2026 2812 Intendere
2048 2763 2232 2825 manus]
2255 2762 2315 2810 Id
2337 2768 2567 2825 vertunt,
2583 2764 2730 2829 quasi

1664 2838 1959 2904 Agrippina
1995 2841 2307 2889 intendisset
2343 2841 2599 2889 manusin
2624 2841 2733 2890 Ne-

1664 2933 1859 2978 ronem,
1882 2920 2042 2969 veluti
2080 2927 2263 2982 parata
2296 2918 2374 2967 ad.
2404 2918 2734 2984 pulsandum,

1663 3003 1752 3046 aut
1775 2998 1918 3061 quasi
1953 2997 2005 3045 id
2041 2997 2455 3058 comminaretur,
2478 3004 2534 3045 et
2554 2997 2734 3052 vellet.

1661 3073 1765 3122 Sed
1808 3073 2096 3137 Agrippina
2136 3073 2359 3123 intendit
2399 3088 2580 3122 manus
2615 3079 2734 3123 tan-

1663 3143 1786 3198 tum'
1819 3165 1912 3213 per
1951 3150 2198 3200 ferociam
2238 3157 2293 3200 et
2339 3150 2488 3213 iram,
2525 3151 2732 3203 >nomin

1662 3228 1942 3288 Neronem,
1983 3228 2127 3292 quasi
2166 3226 2384 3277 verbera
2425 3229 2731 3292 intentaret,

1664 3311 1752 3352 aut
1775 3303 1828 3352 id
1853 3312 2089 3368 cuperet,
2113 3306 2451 3367 cogitaretve.

1725 3381 1810 3429 Sic
1837 3388 2036 3430 tantum
2059 3382 2267 3431 Tacitus
2296 3382 2731 3447 violentiamaejtis

1664 3457 1851 3520 arguit,
1876 3457 2125 3520 iramque,
2148 3465 2204 3508 et
2221 3458 2491 3510 saevitiam
2522 3460 2735 3510 demon·

1663 3542 1816 3593 strat,
1840 3535 1966 3582 nihil
1992 3537 2141 3584 ultra.
2197 3536 2381 3599 Neque
2399 3537 2474 3585 sic
2498 3536 2734 3588 intentat

1662 3613 1879 3660 verbera
1922 3611 1972 3659 in
2000 3610 2182 3673 filium,
2220 3620 2310 3662 aut
2346 3613 2506 3662 etiam
2531 3627 2732 3678 manns,

1661 3688 1901 3753 quasi-illi
1927 3689 2027 3737 vim
2049 3689 2221 3738 facere
2245 3690 2423 3738 vellet.
2489 3689 2596 3744 Sed,
2609 3697 2736 3750 tau-

1654 3770 1773 3813 ‹tum
1814 3765 1986 3814 insitae
2018 3766 2278 3815 violentiae
2319 3767 2553 3830 indulget
2592 3783 2731 3832 prae·

1663 3854 1788 3903 ceps
1807 3840 2029 3891 foemina.
2521 3883 2526 3888 .
2693 3885 2702 3896 ,

1727 3918 1952 3966 'lantum
1999 3920 2224 3969 minatur
2269 3935 2324 3968 se
2359 3893 2605 3984 ulturam,
2637 3930 2733 3974 aut

1663 3997 1768 4044 tale
1811 3996 2002 4056 ingrati
2044 3998 2198 4045 animi
2250 3998 2443 4046 crimen
2486 4012 2589 4047 non
2636 3998 2731 4056 im

1664 4087 1799 4135 pune
1855 4070 1970 4121 fore
2024 4073 2309 4133 indefinite,
2369 4074 2732 4141 undecumque

1664 4149 1860 4196 veniret
1883 4149 2031 4198 ultio.
2689 4187 2700 4207 ,
2715 4197 2728 4208 ,

1728 4226 1981 4278 Intendere
2003 4224 2188 4288 inaniis]
2221 4227 2469 4288 vertunt,
2488 4242 2656 4291 munus
2675 4230 2731 4280 in

1659 4302 1823 4351 coelum
1859 4301 2086 4367 erigere,
2103 4317 2206 4353 nou
2242 4303 2308 4353 ad
2348 4318 2455 4354 rem
2488 4306 2729 4368 praecise.
