3063 4952
520 357 696 444 :1504

1188 376 1288 444 mle
1314 378 1704 444 connum
1751 383 2011 446 mom

2409 389 2501 473 [1.
2516 396 2727 461 Ussit.

1513 603 1727 659 No'rAE
1769 571 1774 576 ’

519 731 804 797 consulum,
827 738 883 783 et
904 733 1025 785 ante
1062 733 1268 801 rogatas
1294 735 1581 787 sententias

520 816 726 875 patrum
743 811 854 860 ritu
878 812 1092 862 solenni.

506 912 531 956 ,-
585 889 923 953 Quocumque
976 890 1129 940 modo
1160 891 1448 942 innotuerit
1491 892 1581 944 ille

500 979 796 1016 :consensus
829 949 1068 1029 Patroni,
1099 968 1244 1019 certe
1286 976 1458 1018 tamen
1503 970 1582 1018 in-

502 1043 721 1093 notuit:
757 1051 813 1093 et
845 1043 980 1094 forte
1018 1060 1075 1093 re
1099 1045 1368 1110 proposita.
1401 1061 1430 1094 a
1471 1047 1579 1111 qui-

515 1118 733 1170 busdam
755 1122 986 1185 patribus
1021 1120 1361 1172 frementibus
1396 1124 1577 1173 adver·

500 1196 603 1247 'sus
640 1198 872 1260 libertos,
887 1198 1074 1247 ‘statim
1098 1199 1424 1249 insurrexere
1455 1214 1579 1248 con-

516 1281 598 1326 tra
628 1277 928 1328 nobilissimi
952 1284 1178 1342 patrum,
1199 1292 1248 1327 v.
1282 1292 1350 1339 c.‚
1369 1281 1467 1327 &c.
1500 1277 1580 1327 illi

513 1345 876 1417 consularium,
910 1363 965 1404 et
1004 1354 1079 1404 sic
1100 1369 1401 1405 consensum
1439 1368 1582 1404 sena-

512 1438 599 1482 tus
620 1432 794 1497 palam
832 1432 1149 1497 indicavere,
1169 1439 1355 1495 utpote
1390 1431 1581 1482 ceteris

502 1517 619 1558 non
662 1509 1089 1559 dissentientibus
1103 1526 1125 1571 -3
1180 1517 1238 1559 et
1278 1509 1417 1558 huuc
1458 1523 1582 1558 con·

510 1599 718 1637 sensum
739 1594 949 1636 senatus
987 1587 1337 1650 perscripsere
1360 1584 1580 1649 Neroni,

510 1667 571 1714 ut
611 1669 795 1714 auctor
819 1662 935 1728 lpse
977 1661 1361 1712 constitutionis
1401 1659 1580 1728 fieret,

496 1746 566 1800 ,stt
582 1739 713 1790 inter
727 1754 903 1806 paucos
923 1740 968 1789 ei
989 1738 1238 1789 sententioe
1258 1740 1491 1789 adversos.

494 1837 505 1860 ι
574 1816 731 1869 Quod
785 1816 1007 1866 diximus
1055 1815 1122 1865 de
1176 1829 1430 1866 consensu
1463 1815 1577 1883 illo,

490 1887 655 1957 'qnasi
694 1898 896 1943 tantum
931 1891 1308 1955 consensissent
1347 1890 1414 1940 ad
1447 1890 1575 1940 scri-

507 1970 753 2036 bendum,
774 1978 834 2023 ut
875 1978 1055 2021 auctor
1073 1970 1464 2021 constitutionis
1487 1969 1573 2019 fic-

494 2043 621 2115 ssret3
665 2049 766 2099 hoc
801 2048 913 2113 jam
954 2063 1058 2097 non
1103 2056 1243 2098 esset
1268 2047 1570 2098 consensus

493 2130 727 2188 ¹patrum
745 2127 983 2218 praecise,
1018 2126 1109 2175 sed
1150 2130 1352 2175 tantum
1392 2139 1571 2174 consu·

490 2204 636 2265 -lum,
676 2204 765 2270 qui
814 2205 892 2255 sic
934 2205 1283 2264 adulabantur
1317 2203 1569 2269 principi,

496 2286 670 2346 -metu,
684 2282 771 2332 vel
791 2282 891 2332 alia
913 2297 1072 2333 causa
1084 2281 1305 2346 privata,
1321 2296 1419 2337 non
1434 2279 1567 2344 pub·

505 2355 625 2407 lica.
1228 2390 1232 2396 .
1393 2389 1399 2394 .

492 2492 497 2497 ⁸
567 2430 670 2484 Sed
696 2445 846 2486 verus
883 2432 986 2487 fuit
1002 2431 1092 2486 ille
1115 2445 1390 2486 consensus
1422 2445 1569 2483 sena·

491 2510 618 2574 'tus3
653 2526 772 2562 cum
807 2514 960 2578 pauci
1005 2527 1188 2576 nempe
1232 2511 1569 2562 adversaren-

500 2594 608 2652 tur,
626 2595 683 2640 et
703 2596 911 2640 senatus
945 2590 1094 2640 simul
1116 2592 1234 2637 cum
1256 2585 1568 2650 consulibus,

472 2665 722 2715 'maxima
765 2681 832 2715 ex
876 2672 1030 2730 parte
1076 2663 1439 2714 consentiebat
1474 2661 1568 2721 gd-

486 2752 673 2810 yersus
714 2743 828 2792 illos
866 2757 1078 2806 paucos,
1099 2752 1306 2803 nempe,
1335 2743 1395 2788 ut
1436 2736 1564 2786 nihil

488 2816 839 2887 *derogaretur
864 2810 972 2884 jul-i
992 2817 1268 2869 communi.

488 2948 491 2951 .
560 2897 770 2964 Etcum
807 2896 1114 2948 relationem
1134 2895 1292 2945 istam
1326 2893 1561 2958 incipere

483 2966 599 3041 Jnon
622 2975 880 3025 auderent
901 2973 1162 3033 consules,
1182 2982 1353 3036 neque
1381 2970 1563 3020 decre·

494 3055 606 3100 tum
643 3049 918 3116 perficere,
959 3054 1333 3099 consenserunt
1377 3052 1558 3110 patres

494 3141 613 3176 cum
656 3128 966 3189 consulibus,
1011 3132 1072 3174 ut
1128 3123 1449 3174 scriberetur
1490 3124 1557 3174 de

492 3217 748 3253 consensu
789 3204 880 3252 illo
923 3209 1155 3263 senatus,
1184 3207 1245 3250 et
1282 3207 1342 3250 ut
1371 3206 1558 3251 auctor

490 3279 877 3330 constitutionis
894 3280 1008 3343 ipse
1027 3277 1197 3328 fieret.

482 3392 487 3397 η
553 3357 821 3408 Habemus
839 3357 1130 3421 exemplum
1143 3352 1260 3405 talis
1275 3367 1556 3405 consensus

478 3432 698 3485 'senatus
749 3434 888 3498 apud
942 3433 1080 3482 Plin.
1127 3431 1295 3495 Epist.
1338 3442 1418 3480 vl.
1469 3435 1552 3481 19.

485 3513 502 3560 .‘
525 3511 785 3562 Proximis
809 3510 1031 3562 comitiis
1047 3508 1403 3559 honestissima
1424 3522 1554 3558 voce

485 3594 696 3641 senatus
731 3588 1007 3655 expressit,
1041 3585 1393 3638 candidatine
1431 3600 1553 3636 con-

483 3666 744 3730 viventur,
764 3680 830 3714 ne
857 3665 1076 3714 'mittant
1109 3677 1354 3723 munera,
1372 3677 1440 3711 ne
1462 3676 1552 3726 pe-

483 3741 665 3793 cunias
709 3742 990 3806 deponant.
1078 3741 1160 3790 Ex
1205 3740 1388 3805 quibus
1447 3739 1552 3802 duo

476 3818 663 3884 ,priora
699 3825 808 3868 tam
850 3824 1032 3882 aperte
1075 3831 1230 3882 quam
1271 3815 1550 3866 immodice

454 3885 703 3961 “fiebant.
772 3894 1140 3957 Hoc'tertinm,
1160 3908 1447 3959 quanquam
1462 3906 1548 3942 oc-

470 3971 784 4041 jcultaretur,
817 3986 912 4035 pro
954 3979 1220 4036 comperto
1237 3970 1547 4020 habebatur.

483 4047 760 4113 Romulus,
803 4047 991 4098 deinde
1053 4056 1248 4107 noster,
1305 4061 1428 4097 usus
1471 4046 1549 4095 vi·

350 4171 354 4174 ⁴
411 4181 416 4185 .
473 4123 709 4188 ‘gilauter
742 4126 841 4175 hoc
874 4140 1129 4176 consensu
1164 4131 1395 4186 senatus,
1432 4137 1547 4175 seu·

1661 739 1769 804 cipi
1789 737 2044 803 facerent,
2066 744 2432 806 peterentque,
2453 739 2588 793 sicut
2614 733 2728 793 aliis

1662 817 1819 879 vitiis,
1855 817 1975 867 huic
2003 833 2207 883 quoque
2229 820 2505 882 prudentia
2526 836 2619 870 sua
2640 835 2728 871 oc-

1660 904 1911 947 curreret.
2000 896 2277 946 occurrit:
2344 912 2464 947 nam
2525 904 2725 948 sumtus

1660 972 2052 1022 candidatorum
2075 965 2237 1022 foedos
2274 974 2388 1023 illos
2409 981 2464 1024 et
2501 971 2725 1032 'infames

1659 1050 1887 1100 ambitus
1931 1052 2048 1115 lege
2093 1050 2396 1103 restrinxit.
2461 1053 2550 1103 De
2593 1045 2729 1110 Tra-

1649 1127 1779 1190 jauo
1801 1126 2062 1191 intelligit.

1726 1201 1799 1253 At
1824 1205 2080 1269 quomodo
2097 1204 2322 1255 innotuit
2339 1204 2429 1254 ille
2444 1175 2724 1257 cousensus

1659 1285 1883 1342 senatus,
1906 1279 1973 1331 de
2010 1295 2112 1346 quo
2149 1281 2237 1330 hic
2269 1278 2507 1330 Plinius?
2538 1296 2606 1331 an
2642 1295 2725 1331 re·

1659 1356 1849 1406 latione
1881 1357 2166 1420 consulum,
2215 1372 2280 1407 an
2325 1357 2544 1407 decreto
2606 1372 2725 1423 per-

1658 1430 1839 1483 fecto?
1906 1433 2026 1484 Non
2049 1440 2214 1497 certe,
2255 1435 2501 1498 quiahoc
2539 1435 2723 1485 deside·

1656 1510 1785 1560 riuus
1808 1518 2013 1575 patrum
2034 1517 2213 1562 notum
2237 1512 2460 1575 principi
2499 1508 2724 1576 faciunt,

1656 1592 1715 1637 et
1751 1594 2036 1651 expectant
2073 1587 2343 1637 arbitrium
2377 1586 2556 1636 illius.
2587 1592 2723 1637 atta·

1655 1678 1777 1715 men
1798 1665 1850 1715 in
1885 1672 2069 1725 senatu
2093 1675 2343 1730 expressa
2374 1663 2465 1714 illa
2497 1676 2603 1714 vox
2633 1663 2723 1714 ho-

1651 1743 1944 1793 nestissima
1964 1749 2189 1804 patrum.

1719 1820 1857 1883 Ergo
1897 1819 2050 1869 aliter
2081 1832 2354 1883 expressus
2391 1818 2482 1867 ille
2504 1823 2723 1868 consen-

1654 1912 1740 1947 sus
1761 1903 1971 1947 senatus
2007 1897 2059 1946 in
2098 1896 2244 1947 curia
2283 1896 2415 1961 ipsa,
2441 1910 2596 1959 quam
2637 1909 2719 1945 re-

1650 1973 1845 2023 latione
1879 1973 2170 2034 consulum,
2210 1986 2397 2036 nempe
2439 1972 2720 2022 sententiis

1646 2047 1982 2116 illustriorum
2037 2048 2408 2112 meliorumque
2472 2046 2717 2109 Patruus,

1650 2124 1814 2190 quiid
1855 2125 1907 2176 in
1946 2131 2130 2174 senatu
2165 2122 2510 2188 promsera‘nt,
2532 2130 2717 2187 postu·

1649 2203 1902 2271 laverant,
1919 2201 2381 2267 expresserantque
2403 2213 2715 2270 consensum

1647 2279 1789 2328 illum
1812 2287 2021 2344 patrum
2042 2293 2136 2329 sua
2158 2277 2490 2338 anctoritate,
2512 2283 2570 2327 et
2590 2277 2717 2343 qnia

1646 2354 1700 2404 id
1737 2370 1768 2405 e
1818 2355 2025 2419 Repub.
2066 2370 2176 2405 esse
2219 2355 2387 2404 visum
2436 2353 2709 2417 pluribus:

1647 2432 1785 2498 quod
1820 2440 1876 2483 et
1896 2433 2123 2498 contigit<
2136 2431 2375 2483 similiter
2409 2430 2509 2482 hoc
2527 2437 2714 2484 nostro

1638 2511 1759 2561 loeo
1782 2510 1964 2562 Taciti.

1713 2585 2022 2651 consensum]
2068 2584 2393 2652 Quandoque
2426 2583 2712 2651 propositis

1643 2662 1806 2717 certis
1838 2664 2081 2728 negotiis,
2119 2663 2268 2712 simul
2310 2661 2711 2725 obstrepebant,

1642 2748 1736 2793 aut
1755 2740 2094 2804 astrepebant
2115 2747 2315 2804 patres,
2348 2738 2501 2788 simul
2529 2751 2709 2789 assen-

1633 2819 1772 2878 sum,
1794 2824 1886 2867 aut
1924 2816 2231 2878 dissensum,
2266 2815 2413 2865 velut
2453 2818 2710 2866 una-‘vooe

1637 2894 2048 2958 ‘expromebant3
2084 2900 2141 2943 et
2178 2893 2300 2942 hinc
2337 2889 2496 2941 facile
2518 2892 2710 2955 agnosi-

1641 2970 1873 3032 cebatur‚
1896 2970 2018 3034 qnid
2040 2968 2259 3019 sentiret
2277 2974 2506 3028 senatus,
2542 2966 2705 3017 etim

1622 3052 1739 3097 ·‘non
1776 3047 1931 3098 dictis
1974 3047 2073 3101 rite
2105 3051 2163 3098 et
2181 3045 2363 3095 ordine
2407 3043 2710 3133 sententiis,

1632 3126 1735 3175 nec
1755 3129 1896 3190 copto
1915 3125 2164 3175 relatione.

1701 3202 1843 3252 Hinc
1883 3214 2182 3253 consensum
2226 3204 2436 3250 senatus
2469 3197 2706 3264 collige-

1631 3279 1781 3342 bant,
1819 3286 1876 3330 et
1913 3276 2361 3345 quemadmodum,
2393 3276 2439 3326 si
2472 3268 2706 3341 quando-

1633 3371 1736 3423 que
1771 3371 1877 3406 non
1918 3353 2185 3405 sufficeret
2218 3365 2474 3403 numerus·
2492 3358 2704 3403 senato-

1629 3447 1765 3497 rum,
1791 3439 1882 3483 aut
1903 3432 2007 3482 alia
2028 3446 2184 3481 causa
2197 3445 2297 3480 non
2324 3427 2702 3494 perficiebatur

1631 3510 1930 3569 decretum3
1975 3513 2031 3557 et
2051 3506 2298 3572 quicquid
2321 3512 2430 3554 tum
2471 3504 2702 3554 censuis-

1629 3592 1748 3635 sent
1788 3592 1988 3648 patres,
2009 3583 2138 3633 lice’t
2180 3596 2280 3630 non
2319 3580 2702 3645 pro‘Senatus·

1627 3663 1866 3712 'consulto
1907 3660 2205 3721 haberetur,
2244 3664 2417 3707 tamen
2440 3656 2705 3708 nectorem

1622 3739 1929 3801 'vocabatur,
1950 3746 2005 3786 et
2023 3752 2087 3787 ea
2120 3737 2196 3786 uti
2219 3735 2367 3785 licuit
2387 3733 2454 3782 ad
2488 3732 2700 3784 firman-

1631 3817 1748 3866 dam
1788 3832 2023 3866 causam:
2057 3817 2135 3865 sic
2157 3820 2215 3864 et
2252 3813 2371 3862 exin
2408 3811 2701 3863 etiam-eol-

1627 3892 1860 3957 ligebant
1892 3906 2194 3942 consensum
2228 3896 2459 3949 senatus,
2474 3890 2550 3938 et
2572 3889 2700 3939 seri»-

1632 3970 1822 4021 bebant
1839 3971 2077 4020 consules
2108 3968 2352 4079 principi,
2372 3966 2417 4017 si
2439 3966 2516 4016 ita
2551 3964 2698 4016 vide·

1625 4054 1793 4109 retur.

1693 4125 1977 4174 eonsensum
2007 4125 2221 4189 sendus]
2284 4076 2389 4174 Qui
2410 4133 2696 4171 censemus

484 4196 665 4252 tentiae
703 4202 818 4252 loco
862 4203 1163 4267 postulavit,
1201 4210 1260 4251 nt
1306 4201 1545 4251 consules
1613 4206 1796 4252 ”tamen
1819 4202 1873 4252 in
1893 4217 1960 4252 eo
1980 4200 2117 4252 forte
2139 4197 2478 4257 consistebat,
2501 4203 2563 4245 ut
2584 4196 2695 4257 ille,

462 4275 795 4335 fdesiderium
816 4282 1171 4333 universorum
1202 4285 1380 4332 notum
1403 4279 1544 4345 prin-
1622 4294 1809 4346 nempe
1834 4280 1997 4344 Nero,
2018 4285 2182 4331 mador
2220 4273 2574 4328 constitutionis
2592 4273 2690 4340 fio-
