3063 4952
484 400 661 478 1950
1192 409 1262 461 ο.
1309 405 1682 469 commun
1728 406 1993 457 'raom
2378 412 2474 480 [A.
2495 412 2565 466 u,
2586 406 2708 471 σις’.

487 556 804 640 domum,k
845 559 917 625 in
942 577 1080 644 qua
1122 555 1302 624 haud
1351 556 1627 641 perinde
1673 575 1953 639 gemmae
1983 558 2052 620 et
2091 573 2329 621 aurum
2373 556 2703 639 miraculo

488 670 728 745 essent,
750 664 948 727 solita
974 660 1230 745 pridem
1258 666 1325 726 et
1345 662 1509 725 luxu
1537 657 1854 743 vulgata,¹
1883 678 2087 744 quam
2114 677 2277 723 arva
2304 664 2372 724 et
2402 667 2708 744 stagna?

487 777 558 835 et
585 769 654 831 in
687 766 951 830 modum
984 762 1407 828 solitudinum
1440 763 1594 827 hinc
1626 763 1859 847 sylvae,
1891 760 2069 825 inde¹
2119 767 2355 844 aperta
2387 764 2614 846 spatia
2638 767 2710 828 et

491 878 932 958 prospectus:
975 868 1310 949 magistris
1359 874 1424 932 et
1472 865 2032 932 machinatoribus
2064 864 2310 930 Severo
2361 872 2428 931 et
2455 864 2714 947 Celere,

495 974 742 1060 quibus
769 972 1101 1054 ingenium
1152 975 1219 1034 et
1270 968 1554 1034 audacia
1583 974 1747 1046 erat,
1805 968 2008 1032 etiam
2039 987 2193 1050 quae
2234 972 2482 1033 natura
2513 967 2713 1033 dene-

491 1078 810 1161 gavisset,
869 1093 988 1158 per
1037 1077 1239 1137 artem
1295 1075 1547 1135 tentare
1592 1073 1660 1134 et
1714 1069 1965 1134 viribus
1993 1067 2333 1153 Principis
2382 1070 2716 1136 illudere.¹¹

493 1225 664 1290 lapilli,
680 1229 727 1273 et
748 1239 932 1284 aurum,
954 1226 1067 1272 nota
1078 1221 1284 1286 pridem,
1307 1226 1354 1271 et
1370 1235 1459 1286 per
1479 1221 1644 1269 luxum
1658 1219 1870 1282 vulgata,
1887 1234 1977 1269 nou
1997 1220 2192 1284 perinde
2214 1221 2525 1270 admirationi
2541 1222 2720 1282 esseni,

493 1295 635 1354 utque
665 1290 776 1352 agri
812 1295 860 1338 et
899 1290 1042 1350 lamas,
1077 1292 1124 1335 et
1156 1288 1311 1335 instar
1347 1286 1652 1335 solitudinum
1672 1285 1783 1334 hinc
1798 1286 1965 1346 saltus,
1984 1285 2115 1334 illinc
2137 1288 2232 1336 late
2250 1292 2466 1350 potentes
2499 1302 2642 1348 areoe,
2662 1291 2721 1336 et

496 1355 647 1404 liberi
669 1354 932 1404 oculorum
951 1356 1247 1417 prospectus.-
1281 1350 1556 1400 architectis
1585 1349 1981 1413 structor-ibasque
2005 1350 2176 1399 Severo
2199 1357 2245 1400 ee
2273 1353 2453 1412 Celere,
2477 1352 2559 1414 qui
2580 1353 2721 1414 inge-

499 1420 579 1469 nio
601 1424 649 1468 et
679 1420 878 1468 audacia
897 1434 982 1482 per
1001 1422 1154 1466 artem
1174 1415 1503 1478 moliebantur,
1525 1416 1669 1464 etium
1704 1429 1806 1477 quae
1834 1415 2069 1467 abnuisset
2091 1421 2284 1479 natura,
2305 1423 2349 1465 et
2376 1416 2543 1480 opibus
2575 1416 2720 1480 prin..

498 1484 618 1550 cipis
635 1484 907 1534 ilhadebant.
975 1482 1160 1546 Quippe
1173 1481 1375 1545 polliciti
1396 1485 1553 1543 eraut,
1571 1494 1621 1530 se
1644 1479 1987 1546 per-ducturos
2017 1481 2248 1532 canalem
2271 1481 2477 1531 navium
2512 1481 2728 1547 patien-

1426 1611 1484 1631 Ν
1488 1610 1785 1633 θθθθθθθ

569 1735 597 1782 1
632 1730 862 1781 Budens.
895 1729 1120 1781 hina—2
1159 1727 1301 1781 Male
1326 1728 1427 1779 Ms.
1452 1727 1584 1792 Agr.
1608 1734 1666 1778 et
1680 1727 1845 1781 editio
1862 1694 2127 1796 princeps,
2146 1731 2358 1796 sequenti
2373 1730 2552 1781 littore.
2600 1692 2743 1782 'Hic‘

1497 1863 1712 1913 NOTAE

505 1982 563 2028 et
584 1975 876 2040 repperisse
912 1990 1101 2026 vanum
1119 1975 1285 2027 foret.
1355 1977 1441 2026 Ne
1463 1992 1570 2026 am·
1650 1979 1704 2028 in
1726 1980 1993 2033 machinis.
2033 1981 2230 2032 Carcer
2250 1979 2360 2044 ejus
2383 1977 2512 2028 artis
2535 1976 2734 2026 domus

505 2053 640 2118 plius
658 2053 897 2117 satagite,
914 2053 1037 2103 boni
1058 2055 1396 2119 interpretes.
1432 2056 1572 2105 Nam

507 2135 655 2179 certe
697 2143 854 2180 vanos
896 2135 951 2179 et
992 2130 1186 2181 otiosos
1225 2131 1457 2181 homines
1496 2131 1573 2182 sic

507 2206 823 2270 describere,
840 2213 897 2256 et
919 2207 1145 2258 vicissim
1162 2207 1400 2273 irridere,
1421 2207 1575 2259 deeo-

507 2297 621 2333 rum
641 2282 832 2332 Tacito
854 2282 970 2334 fuit.
1473 2298 1477 2302 *

567 2358 587 2402 J
623 2362 845 2410 Ceterum
868 2361 1001 2409 Nero
1022 2376 1133 2411 usus
1159 2367 1230 2411 est
1263 2362 1439 2426 patrico
1473 2363 1577 2412 rui-

507 2437 608 2500 nis]
640 2436 727 2487 An
748 2437 1017 2489 materiam
1043 2446 1098 2490 et
1125 2439 1321 2505 lapides
1350 2440 1577 2505 privata-

510 2530 624 2564 rum
661 2514 920 2578 domuum,
941 2530 1056 2581 quae
1095 2517 1282 2567 dirutae
1319 2524 1487 2580 eraut,
1509 2515 1577 2565 ad

509 2606 657 2641 usum
681 2606 790 2640 suae
825 2607 972 2642 novae
1012 2593 1192 2645 domus
1228 2595 1424 2645 vertit?
1455 2595 1579 2644 For-

511 2673 668 2718 tasse.
717 2668 837 2719 .Sed
862 2684 965 2719 non
986 2671 1070 2721 hie
1103 2672 1400 2735 praecipuus
1425 2672 1579 2735 hujus

508 2745 615 2796 loci
638 2754 845 2796 sensus:
881 2744 1037 2796 immo
1061 2747 1236 2811 potius
1261 2762 1419 2811 super
1442 2748 1582 2812 ipsas

510 2821 653 2872 urbis
691 2822 866 2872 ruinas
913 2823 1194 2886 spatiosius
1240 2826 1403 2875 solum
1445 2840 1583 2875 com-

512 2899 697 2963 plexus
735 2905 836 2961 est,
874 2904 934 2948 ut
974 2900 1124 2963 longe
1160 2901 1467 2964 ampliorem
1491 2902 1584 2950 do·

510 2991 673 3038 mum,
695 2990 847 3040 quam
881 2982 1036 3026 antea
1055 2973 1245 3042 fuerat,
1277 2977 1584 3039 aedificaret,

510 3067 631 3122 eum
666 3058 723 3101 et
761 3067 902 3115 arva,
938 3059 994 3103 et
1031 3060 1235 3119 stagna,
1256 3064 1313 3104 et
1334 3056 1492 3118 sylvoe
1528 3056 1584 3103 in

505 3144 576 3180 ea
597 3129 855 3180 contineri
878 3129 1151 3182 deberent.
1219 3133 1449 3182 Pichena.

577 3205 601 3240 ¹⁵
634 3206 865 3270 Domum]
899 3207 1039 3259 Plin.
1073 3222 1276 3261 xxxvr.
1315 3214 1394 3260 16.
1443 3212 1459 3239 ‘
1486 3210 1581 3260 Bis

513 3284 735 3335 vidimus
758 3291 921 3335 totam
947 3286 1130 3335 urbem
1168 3286 1306 3349 cingi
1342 3286 1580 3336 domibus

514 3360 806 3425 principum
843 3362 955 3413 Caii
995 3370 1050 3412 et
1089 3363 1330 3424 Neronis,
1353 3370 1407 3413 et
1429 3363 1584 3427 hujus

515 3437 723 3503 quidem
742 3453 807 3488 ne
833 3437 956 3503 quid
975 3439 1196 3500 deesset,
1220 3452 1402 3489 aurea:
1439 3439 1585 3489 nimi-

490 3539 492 3542 ·
516 3529 632 3564 rum
654 3516 729 3566 sic
750 3515 1051 3567 habitarunt
1071 3515 1168 3578 illi,
1192 3517 1279 3582 qui
1302 3517 1399 3566 hoc
1423 3515 1586 3580 impe·

507 3590 646 3658 ‚rium
669 3590 883 3641 fecere!

583 3665 647 3716 In
669 3682 734 3716 ea
757 3668 908 3717 domo
931 3670 1095 3720 veluti
1116 3669 1383 3734 captivum
1404 3669 1589 3719 habuit

518 3741 780 3793 celebrem
835 3744 1123 3806 Pictorem,
1177 3744 1245 3793 de
1296 3760 1397 3809 quo
1451 3745 1588 3795 idem

519 3818 658 3872 Plin.
682 3833 857 3871 xxxv.
882 3826 962 3871 10.
995 3823 1010 3849 ‘
1035 3822 1157 3870 Fuit
1180 3828 1237 3870 et
1267 3835 1436 3883 nuper
1474 3835 1591 3884 gra-

519 3894 615 3955 vis,
653 3909 716 3944 ac
735 3908 962 3959 severus,
984 3897 1227 3962 idemque
1246 3895 1476 3961 floridus,
1495 3899 1588 3947 hu-

517 3972 654 4022 milis
674 3973 752 4022 rei
774 3974 951 4038 pictor
974 3973 1229 4024 Amulius.
1287 3974 1458 4039 Hujus
1476 3981 1591 4024 erat

520 4049 764 4099 Minerva
795 4057 1120 4114 spectantem
1149 4059 1445 4116 aspectans,
1466 4067 1590 4117 qua-

520 4140 744 4190 cumque
799 4127 1138 4191 aspiceretur.
1240 4128 1430 4177 Paucis
1484 4127 1591 4177 diei

520 4200 660 4249 horis
683 4201 950 4267 pingebat,
971 4204 1024 4253 id
1051 4219 1257 4270 quoque
1280 4219 1398 4255 eum
1423 4205 1593 4269 gravi·

526 4282 657 4343 tate,
666 4278 807 4344 quod
830 4294 1040 4347 semper
1062 4287 1592 4349 togatus,quanquam

1652 2071 1809 2107 aurea
1829 2056 1969 2108 fuit!

1720 2134 1950 2197 Domum]
2014 2132 2240 2184 Neronis
2262 2132 2442 2181 domus
2477 2128 2582 2180 fuit
2619 2128 2739 2193 pri-

1653 2226 1794 2260 mum
1817 2211 1958 2261 dicta
1984 2209 2301 2270 Transitorio,
2331 2211 2516 2272 postea
2543 2206 2736 2256 incen-

1654 2287 1743 2338 dio
1780 2294 2049 2337 consumta
2088 2287 2309 2351 amplior
2339 2284 2605 2334 aedificata
2628 2291 2738 2346 est,

1655 2365 1795 2415 inter
1814 2371 2040 2415 montem
2071 2364 2384 2426 Palatinum,
2407 2362 2648 2424 Coelium,
2670 2369 2735 2410 et

1658 2441 1995 2507 Esquilinum,
2016 2442 2070 2491 in
2094 2441 2307 2506 regione
2328 2440 2531 2502 Tertia,
2552 2440 2736 2492 Quar-

1659 2526 1732 2581 ta,
1752 2527 1806 2569 et
1826 2519 2050 2569 Decima
2070 2519 2248 2580 Romae
2277 2518 2533 2581 antiquae:
2567 2514 2737 2564 hodie

1660 2598 1850 2661 positio
1863 2604 1962 2659 est,
1977 2596 2067 2646 ubi
2084 2595 2324 2645 Ecclesia
2333 2594 2524 2643 Saactae
2543 2591 2737 2641 Marioe

1662 2676 1814 2725 No‘voe
1834 2675 1888 2724 in
1911 2675 2121 2739 regione
2148 2674 2309 2742 Menti
2344 2686 2411 2721 ex
2432 2668 2674 2721 Nardi'no
2697 2670 2739 2721 1.

1663 2765 1751 2802 111.
1777 2766 1823 2802 c.
1845 2757 1894 2802 9.
1913 2766 1966 2815 p.
1998 2756 2113 2799 111.
2135 2756 2190 2799 et
2223 2763 2272 2798 c.
2295 2752 2375 2799 13.
2396 2763 2450 2812 p.
2470 2750 2585 2796 134.
2611 2746 2741 2795 etl.

1662 2842 1741 2879 vr.
1762 2843 1809 2878 c.
1831 2832 1909 2878 13.
1932 2842 1987 2892 p.
2007 2831 2125 2876 388.
2195 2826 2442 2876 Tillenwn.

1728 2904 1740 2939 ¹
1762 2905 1907 2955 Luxu
1947 2904 2170 2969 vulgata]
2235 2902 2372 2951 Plin.
2413 2901 2449 2950 l.
2496 2912 2601 2950 xn.
2650 2904 2741 2951 18.

1665 2984 1681 3012 ⁴
1704 2983 1899 3033 Verum
1944 2982 2158 3032 Arabiae
2206 2981 2486 3030 etiamnum
2526 2977 2741 3027 felicius

1661 3074 1805 3109 mare
1823 3066 1921 3108 est.
1967 3060 2048 3115 Ex
2064 3058 2156 3105 illo
2177 3070 2398 3121 namque
2419 3053 2741 3116 margaritas
2786 3075 2796 3085 ·

1663 3136 1847 3186 mittit.
1948 3133 2268 3197 Minimaque
2337 3129 2743 3193 computatione

1660 3211 1847 3261 millies
1869 3216 2087 3260 centena
2108 3208 2270 3257 millia
2292 3206 2612 3267 sestertium,
2649 3218 2741 3254 au·

1663 3287 1744 3338 nis
1762 3286 2015 3351 omnibus,
2027 3285 2199 3345 India,
2219 3290 2275 3333 et
2293 3283 2465 3345 Seres,
2488 3282 2740 3346 peninsu-

1662 3366 1817 3430 laque
1867 3364 1957 3413 illa
2004 3363 2220 3425 imperio
2259 3366 2440 3410 nostro
2479 3360 2738 3409 adimunt.

1659 3441 1831 3508 fl'anto
1851 3438 2000 3489 nobis
2025 3437 2225 3487 deliciae
2264 3442 2321 3486 et
2344 3434 2568 3485 foeminae
2610 3447 2740 3485 con-

1667 3515 1846 3567 stant!

1731 3597 1769 3625 ¹¹²
1788 3591 1925 3642 Arva
1945 3596 1994 3640 et
2018 3590 2216 3653 stagna]
2247 3590 2524 3639 Suetonius
2559 3602 2610 3637 c.
2652 3592 2739 3638 84.

1669 3673 1726 3720 et
1747 3667 2008 3717 Martialis
2029 3667 2190 3730 magis
2209 3666 2461 3715 distinete
2483 3667 2599 3713 loca
2619 3664 2741 3727 ipsa

1669 3742 1969 3793 describens
1991 3745 2025 3793 1.
2053 3757 2093 3792 1.
2115 3743 2298 3805 Epigr.
2321 3747 2402 3792 11.
2468 3743 2485 3770 ‘
2511 3740 2617 3790 Hie
2643 3739 2738 3790 ubi

1668 3821 1937 3885 conspicui
1990 3819 2300 3870 venerabilis
2343 3816 2737 3881 Amphitheatri

1667 3898 1905 3961 Erigitur
1920 3899 2102 3960 moles,
2125 3903 2308 3961 stagna
2323 3897 2366 3946 N
2377 3896 2545 3945 eronis
2562 3900 2739 3943 erant.

1669 3973 1776 4023 Hic
1793 3987 1800 3992 ·
1819 3972 1909 4022 ubi
1963 3972 2207 4021 miramur
2260 3972 2465 4020 velocia
2520 3983 2740 4019 munera

1670 4050 1918 4111 thermas,
1935 4048 2246 4099 Abstulerat
2259 4047 2463 4096 miseris
2486 4051 2632 4097 tecta
2653 4060 2740 4096 su-

1668 4126 1866 4191 perbus
1887 4126 2047 4190 ager!
2103 4125 2310 4188 Lipsius.

1732 4209 1760 4235 ⁸¹
1788 4202 1980 4253 Viribus
1995 4201 2228 4265 principis
2248 4198 2473 4261 illudere]
2520 4197 2647 4248 Sall.
2677 4196 2735 4246 in

1669 4276 1829 4331 Catil.
1867 4279 1884 4307 ‘
1905 4276 2048 4332 Quid
2080 4291 2144 4327 ea
2165 4290 2465 4342 memorem,
2495 4289 2611 4342 quoe
2632 4272 2731 4329 nisi
