3063 4952
1135 441 1545 500 ANNAmtm
1596 449 1741 500 ms.
1778 446 1901 500 xv,
2452 434 2625 516 lose

411 594 809 674 detraxerat,
856 595 1310 679 gestabatque⁷
1345 590 1546 661 velutr
1563 615 1803 678 magno
1833 593 2047 679 operi!
2075 611 2362 662 sacrum.
2456 600 2478 629 ‘
2512 596 2619 660 In-

411 699 602 762 terim
632 698 797 763 Piso
828 698 1008 782 apud
1039 698 1254 762 aedem
1283 696 1574 761 Cereris⁸
1601 698 2029 781 opperiretur,
2052 695 2231 760 unde
2257 705 2406 760 eu‘m
2431 695 2617 762 Prae-

411 800 624 864 fectus
674 800 924 864 Fenius
956 805 1022 864 ct
1051 800 1249 864 ceteri
1282 800 1574 863 accitum
1605 799 1842 864 ferrent
1869 798 1939 863 in
1969 803 2210 877 castra,
2262 799 2618 864 comitante

413 899 762 979 Antonia,¹¹
807 900 1071 966 Claudii
1103 900 1401 967 Caesaris
1432 900 1597 977 filia,
1647 900 1734 965 ad
1774 900 2174 965 eliciendum
2201 902 2381 984 vulgi
2432 901 2619 967 savo-

412 1024 585 1068 rem:
591 1004 831 1088 'quod
866 1003 943 1068 C.
977 1003 1237 1067 Plinius
1266 1008 1615 1070 memorat.
1708 1003 1931 1068 Nobis
1960 1024 2227 1089 quoquo
2255 1005 2456 1069 modo
2485 1010 2619 1071 tra-

414 1107 621 1171 ditum
647 1127 776 1172 non
805 1107 1178 1200 occultare
1161 1126 1231 1170 ιιι
1259 1108 1479 1171 animo
1509 1107 1661 1182 fuit,
1710 1107 2016 1192 quamvis
2044 1108 2404 1172 absurdum
2433 1109 2617 1172 vide-

413 1214 608 1286 retur,
652 1215 771 1274 aut
797 1189 1096 1272 inanem¹
1123 1207 1211 1271 ad
1240 1215 1457 1293 spem⁹
1487 1205 1872 1272 Antoniamj
1894 1228 2127 1273 nomen
2154 1215 2221 1273 et
2248 1212 2619 1295 periculum

411 452 468 507 ³.
491 454 551 508 c.
574 451 680 521 aa]

411 1379 538 1424 ωηο
558 1376 684 1438 apud
717 1376 1033 1424 Formianum
1061 1375 1299 1438 oppidum,
1317 1374 1604 1437 ferebatque
1628 1374 1789 1423 telum
1811 1378 2033 1436 tanquam
2054 1389 2224 1442 magno
2250 1374 2471 1435 facinori
2491 1377 2619 1428 dica·

413 1445 532 1488 tam.
599 1439 808 1489 Interea
848 1441 972 1489 Piso
1012 1447 1316 1503 expectaret
1357 1442 1407 1489 in
1449 1441 1644 1503 templo
1686 1440 1909 1499 Cereris,
1954 1432 2092 1488 und'e
2138 1440 2279 1488 illum
2331 1440 2616 1503 praet'ectus

413 1504 603 1553 Penius
624 1512 681 1554 et
703 1505 886 1581 reliqui
922 1505 1159 1566 conjurati
1182 1505 1487 1554 accersitum
1510 1505 1563 1552 in
1587 1512 1759 1553 castra
1789 1511 2054 1566 raperent,
2094 1504 2344 1567 adjuncta
2367 1505 2617 1570 Antonia,

415 1569 632 1618 Claudio
664 1570 900 1633 principe
924 1571 1116 1646 genita,
1150 1570 1214 1617 ad
1243 1569 1593 1619 conciliandos
1618 1569 1782 1632 plebis
1807 1569 2031 1617 animos:
2067 1572 2186 1632 quod
2213 1574 2270 1619 C.
2305 1570 2494 1619 Plinius
2515 1578 2616 1628 ira·

413 1634 509 1684 dit.
574 1635 644 1683 Et
684 1649 765 1683 nos
800 1635 851 1685 id
889 1636 1051 1698 quovis
1083 1636 1217 1684 modo
1260 1638 1582 1696 memoratum,
1617 1635 1869 1697 proeterire
1904 1634 2092 1683 silentio
2125 1635 2374 1697 noluimus,
2407 1638 2618 1699 quamvis

412 1699 623 1761 ineptum
658 1700 916 1762 videretur,
949 1700 1023 1748 vel
1052 1700 1312 1750 Antoniam
1348 1700 1486 1748 inane
1521 1700 1792 1749 vocabulum
1822 1703 1869 1748 et
1903 1699 2151 1748 discrimen
2182 1703 2246 1749 nd
2281 1715 2411 1765 spem
2447 1716 2617 1751 vanam

1335 1827 1510 1844 000000
1517 1825 1629 1845 0000
1635 1826 1691 1845 00

411 1913 442 1957 7
477 1907 689 1958 Frustra
722 1907 920 1958 divinat
952 1909 1175 1974 Lipsius,
1206 1911 1508 1974 cenitabatque
1527 1913 1612 1962 vel
1640 1911 1973 1975 jactabatque.-
2006 1913 2258 1962 Ernestus
2291 1911 2616 1988 servabamus.

415 1973 638 2023 Brotier.
640 1977 737 2022 -8
771 1974 858 2024 Sic
898 1975 1029 2024 bene
1067 1975 1445 2027 Picbena.1n
1487 1979 1617 2027 Mss.
1643 1977 1780 2026 Flor.
1818 1987 1873 2027 et
1910 1979 2038 2039 Reg.
2075 1992 2245 2039 magno
2276 1992 2303 2023 o
2335 1979 2445 2025 eris.
2513 1976 2616 2026 Ms.

412 2038 542 2102 Agr.
564 2044 619 2088 et
641 2038 803 2088 editio
828 2040 1088 2104 princeps,
1108 2043 1415 2105 magnaper-is.
1480 2044 1608 2092 Μεε.
1629 2043 1777 2092 Harl.
1811 2043 1964 2091 Bodl.
1997 2042 2107 2093 Jes.
2145 2043 2320 2091 Guel.
2346 2049 2401 2091 et
2425 2043 2616 2091 Puteo·

409 2104 575 2166 lanus,
591 2119 755 2166 magni
772 2105 943 2169 operis.
1011 2107 1152 2155 Male
1176 2108 1399 2170 Lipsius,
1413 2107 1602 2169 magnis
1622 2109 1792 2172 operis.
1829 2107 2056 2157 Brotier.
2107 2108 2399 2169 Mag-aopere
2421 2108 2616 2155 vellent

412 2167 625 2234 Bipont.
629 2174 727 2219 ——9
759 2171 846 2220 lta
866 2171 1098 2222 Pichena
1120 2186 1151 2220 e
1189 2174 1288 2221 Ms.
1311 2173 1448 2222 Flor.
1484 2172 1535 2221 in
1561 2187 1664 2237 quo
1697 2178 1781 2221 aut
1809 2172 1952 2221 inane
1971 2177 2055 2221 aut
2090 2187 2233 2235 spem.
2299 2172 2387 2221 Sic
2411 2185 2616 2235 quoque

1416 2312 1627 2363 NOTAE

411 2407 756 2458 Hernicorum
787 2410 1089 2473 populorum
1110 2410 1161 2459 in
1184 2410 1337 2460 Latio
1358 2425 1473 2475 pro·
1621 2410 1875 2474 Gestabat]
1946 2412 2108 2474 Bene,
2144 2409 2399 2472 genebat,-
2432 2423 2618 2475 nempe

411 2486 598 2537 vincia.
665 2488 840 2537 Hodie
877 2488 1144 2552 Ferentino,
1172 2490 1298 2539 urbs
1322 2490 1472 2540 Cam·
1553 2490 1765 2540 consilio
1789 2497 1843 2541 et
1867 2490 2213 2540 destinatione
2226 2487 2407 2552 magni
2428 2487 2617 2551 operis.

413 2561 603 2625 paniae,
624 2563 926 2627 Campaniae
963 2566 1204 2615 Romame
1225 2582 1398 2616 versus
1419 2581 1473 2615 o·
1619 2566 1872 2629 Gestabat]
1921 2565 2181 2616 Gestabat
2202 2579 2390 2628 nempe
2413 2564 2477 2613 ad
2497 2578 2620 2614 exe-

412 2639 650 2703 rientem,
675 2641 726 2689 in
749 2642 901 2691 Statu
923 2643 1305 2694 Ecclesiastico.
1344 2644 1452 2694 riu.
1552 2643 1811 2709 quendum
1835 2642 2053 2694 facinus.
2118 2644 2237 2692 Non
2261 2641 2400 2707 quod
2422 2655 2517 2705 pro
2538 2655 2618 2690 so-

476 2714 498 2746 f
527 2718 841 2782 Gestabatque
863 2719 1011 2783 velut]
1034 2719 1357 2770 Gestabatne
1382 2736 1472 2784 pu·
1549 2721 1646 2770 lito
1690 2726 1918 2784 gestaret
1957 2720 2100 2769 illum
2144 2719 2456 2784 pugionem3
2523 2718 2615 2768 sed

412 2792 612 2856 gionem
633 2794 653 2843 ἓ
720 2796 839 2844 Non
862 2796 904 2845 is
926 2811 1036 2846 mos
1061 2798 1256 2860 Romae,
1298 2805 1352 2847 et
1377 2812 1471 2861 per

411 2871 540 2921 hanc
575 2872 860 2923 vanitatem
895 2875 1047 2925 homo
1087 2890 1143 2925 se
1181 2877 1350 2940 palam
1392 2890 1471 2926 re·

408 2948 644 2999 texisset.
709 2948 868 2999 Aliud
904 2952 1112 3001 omnino
1135 2952 1280 3002 verbi
1312 2951 1471 3003 fuisse

409 3025 675 3088 suspicor:
697 3027 1001 3093 sermonique
1013 3045 1032 3087 ,-
1035 3030 1362 3094 jactabatque,
1380 3037 1471 3080 aut

408 3102 533 3152 tale.
565 3104 774 3167 Lipsius.
844 3106 1094 3170 Gestabat,
1117 3107 1168 3156 id
1188 3115 1284 3170 est,
1301 3116 1471 3158 osten·

407 3178 591 3241 tabat;
624 3190 724 3230 non
747 3181 954 3245 quidem
995 3184 1186 3246 palam,
1223 3184 1315 3234 sed
1338 3186 1467 3233 clam

409 3258 561 3309 sociis
582 3267 637 3310 et
660 3260 962 3324 conjuratis.

428 3348 433 3357 ·
476 3336 793 3400 Gestabatque
813 3336 963 3401 velut]
1013 3338 1290 3402 vulgatum
1309 3343 1469 3401 gesta-

407 3411 591 3476 batque,
605 3414 732 3462 velat
752 3415 917 3476 magni
937 3414 1092 3478 operis
1105 3430 1311 3476 mrum,
1329 3415 1467 3480 qnod

408 3488 694 3539 Graecismo
739 3497 917 3554 posset
962 3489 1190 3543 defendi.
1257 3491 1470 3556 Apollo-

406 3564 521 3616 nius
546 3566 835 3617 Rhodiusl.
857 3582 921 3617 11.
956 3569 1047 3618 ‘Si
1088 3582 1215 3632 ergo
1253 3568 1468 3618 insulam

401 3639 665 3706 Apollinis
698 3659 891 3693 sacram
934 3642 1201 3695 deflemus.
1205 3644 1219 3667 '
1283 3645 1473 3695 Strabo

401 3716 440 3767 l.
462 3731 583 3770 xiv.
605 3719 693 3769 ubi
716 3719 781 3769 de
803 3721 935 3770 colle
960 3721 1199 3785 quodam,
1235 3722 1322 3787 qui
1342 3738 1472 3772 sacer

415 3795 628 3848 Veneris.
674 3800 930 3849 Lucianus
957 3801 1315 3850 Hermotimo.
1338 3802 1473 3851 ‘-Ur

408 3884 474 3923 na
495 3884 741 3940 argentea
763 3884 902 3927 astat
926 3892 1071 3928 sacra
1097 3878 1237 3929 Dei!

472 3952 606 4002 Nam
630 3955 817 4016 magnis
846 3955 1059 4017 operibus
1078 3955 1284 4004 omnino
1315 3955 1469 4004 male.

407 4029 610 4080 Plinius
637 4045 714 4083 x1.
721 4032 819 4082 ’37.
843 4035 859 4061 ‘
888 4034 1019 4097 Lupi
1045 4034 1235 4084 dexter
1258 4033 1470 4083 caninus

402 4106 458 4156 in
482 4109 677 4171 maguis
700 4109 922 4159 habetur
943 4109 1224 4174 operibus?
1261 4112 1469 4160 Gronov.

470 4185 590 4234 Non
614 4183 749 4253 forte
773 4192 879 4234 tam
915 4187 1067 4248 male,
1099 4188 1289 4250 magnis
1322 4189 1473 4252 openi-

399 4259 504 4309 ὃν.
570 4261 657 4311 Sic
677 4263 814 4311 enim
836 4264 1267 4328 superstitionem
1290 4255 1469 4317 exten-

404 4338 584 4406 debat,
604 4340 955 4410 incitabatque
977 4342 1187 4395 animos.

1553 2803 1844 2863 gestaturus
1866 2796 1971 2847 fuit
1986 2797 2039 2846 in
2064 2811 2125 2847 ea
2149 2796 2440 2846 occasione.
2497 2795 2617 2845 Ges·

1550 2875 1701 2935 tabat,
1725 2873 1779 2924 id
1804 2880 1903 2939 est,
1937 2888 1992 2923 se
2016 2880 2337 2938 gestaturum
2352 2872 2622 2938 jactabat,

1550 2952 1865 3002 destinabat.

1615 3039 1641 3075 ε
1676 3029 1887 3094 cereris]
1948 3029 2106 3080 AEdes
2143 3029 2262 3080 duae
2307 3029 2521 3080 fuerunt
2563 3028 2618 3080 in

1551 3109 1764 3172 regione
1788 3108 2006 3157 Decima
2037 3114 2093 3157 et
2130 3107 2418 3157 Undecima
2440 3108 2618 3157 Romae

1551 3186 1796 3251 antiqua».
1864 3187 1943 3235 Ex
1982 3184 2206 3234 Nar-dini
2245 3186 2424 3247 Roma,
2465 3186 2501 3234 l.
2537 3197 2615 3234 vi.

1551 3268 1698 3313 c.l2.
1738 3263 2240 3327 pA84.:..etlv11
2276 3265 2614 3325 ο.8..ρ422.

1555 3338 1796 3387 Tillemoa.

1614 3414 1639 3448 ¹¹
1669 3414 1905 3478 Antonia]
1937 3414 2084 3463 Suet.
2108 3411 2294 3464 Claud.
2313 3418 2397 3463 27.
2430 3415 2446 3443 ‘
2468 3413 2617 3469 Libe-
2666 3470 2671 3473 Α

1551 3507 1634 3542 ros
1656 3507 1722 3542 ex
1763 3492 1928 3542 tribus
1968 3488 2214 3539 uxoribus
2239 3489 2392 3539 tulit:
2427 3504 2493 3539 ex
2516 3492 2616 3540 Ur-

1551 3570 1800 3634 gulanilla
1841 3571 2069 3618 Drusum
2118 3574 2174 3618 et
2212 3568 2510 3620 Claudiam:
2548 3584 2615 3620 ex

1557 3649 1749 3700 Petina
1773 3647 2065 3708 Antoniam,
2085 3649 2184 3695 διο.
2221 3644 2496 3697 Antoniam
2519 3647 2616 3698 Cn.

1553 3725 1807 3788 Pompeio
1835 3725 2050 3787 Magno,
2073 3723 2262 3773 deinde
2285 3724 2473 3774 Fausto
2504 3724 2618 3788 Syl-

1551 3803 1637 3864 lae,
1660 3801 1987 3852 nobilissimis
2009 3800 2305 3864 juvenibus,
2338 3803 2438 3850 διο.
2462 3801 2620 3853 collo·

1553 3880 1732 3941 cavit3’
1776 3878 1868 3928 sed
1888 3893 1979 3927 eos
2002 3876 2279 3940 recusavit,
2313 3883 2402 3926 ant
2425 3876 2617 3927 intere-

1551 3956 1664 4006 mit.
1712 3958 1778 4005 Et
1800 3956 1929 4005 Ner.
1953 3969 2002 4003 c.
2026 3958 2107 4003 35.
2126 3954 2142 3981 ‘
2166 3952 2445 4015 Antoniam
2467 3953 2619 4004 Clau·

1552 4034 1624 4083 dii
1644 4032 1801 4081 filiam
1840 4037 2186 4095 recusantem,
2223 4034 2345 4092 post
2367 4029 2617 4093 Poppaeae

1551 4114 1790 4170 mortem,
1827 4106 2041 4169 nuptias
2059 4119 2197 4167 suas,
2235 4103 2619 4168 quasimolitri-

1553 4203 1667 4237 cem
1691 4201 1940 4237 novarum
1965 4199 2132 4234 rerum
2153 4181 2422 4234 intermit.'

1616 4263 1629 4297 ¹
1658 4262 1881 4326 lama]
1914 4264 2092 4312 .Forte
2116 4259 2246 4311 dicit
2264 4259 2471 4322 inanem,
2510 4274 2616 4313 non

1551 4342 1674 4410 quia
1718 4341 1883 4393 inanis
1925 4354 2045 4407 spes
2084 4337 2325 4407 imperii3
2360 4338 2452 4390 sed
2497 4337 2616 4405 qnia
