3063 4952
424 515 535 601 Et
565 513 962 598 Vologeses,
1010 520 1150 594 'quo
1184 509 1458 603 bellumq
1505 528 1594 573 ex
1646 507 2019 577 commodo¹
2079 513 2362 592 pararet,
2409 530 2518 588 an,
2560 514 2656 576 u‘t,

426 618 874 713 aemulationis
905 620 1285 700 suspectos,
1318 633 1431 698 per
1459 632 1699 678 nomen
1729 612 2063 690 obsidum,
2107 618 2458 691 amoveret,
2501 618 2642 678 tras.

426 716 526 815 dit
550 722 1006 787 nobilissimos
1037 738 1125 783 ex
1161 718 1429 786 ‚familia
1483 716 1981 785 Arsacidarum.
2072 715 2493 801 Accepitque
2515 735 2642 781 ene

429 820 744 895 Centurio
795 822 1156 899 HisteiuS,²
1210 821 1296 884 ab
1346 819 1687 884 Ummidio
1734 820 2005 883 missus*
2052 819 2221 884 forte
2271 821 2491 902 priore
2527 818 2636 882 de³

426 946 660 1025 causa,
690 927 870 1007 adito
901 924 1137 1008 Rege?
1226 922 1429 1003 Quod
1478 929 1836 1006 postquam
1882 921 2246 988 Corbuloni
2297 923 2640 1006 cognitum

1104 360 1207 425 J).-
1252 351 1617 415 coRNssLn
1665 358 1942 415 TAcl'rt.
2300 359 2636 434 [Α’,ῑὶδθῠε

424 1115 480 1179 iu
505 1114 750 1180 populum
778 1114 1066 1162 Romanum
1106 1111 1389 1161 exhiberet.
1462 1112 1529 1159 Et
1580 1111 1843 1172 Vologeses,
1880 1110 1987 1159 sive
2009 1092 2064 1159 ut
2103 1109 2271 1159 bellum
2303 1115 2559 1174 opportune
2592 1104 2660 1157 kt.

425 1178 481 1230 in
522 1182 729 1244 ternpore
765 1179 1029 1238 moliretur,
1061 1180 1159 1227 sive
1190 1182 1246 1226 ut
1284 1177 1459 1226 rivales
1501 1176 1600 1227 sibi
1642 1181 1875 1239 suspectos
1926 1176 2075 1240 specie
2128 1175 2335 1224 obsidum
2378 1174 2653 1237 ablegaret,

423 1249 511 1296 dat
531 1246 736 1295 obsides
757 1246 1038 1294 clarissimos
1059 1259 1122 1293 ex
1138 1248 1283 1305 gente
1304 1243 1662 1292 Arsacidarum.
1740 1243 2026 1305 Recepitque
2047 1242 2153 1290 illos
2172 1241 2392 1290 Histeius
2412 1238 2645 1300 centurio,

428 1311 602 1364 missus
622 1329 652 1361 α
679 1312 940 1376 Quadrato,
969 1315 1016 1359 et
1052 1310 1131 1374 qui
1140 1308 1311 1369 forsan
1332 1324 1388 1358 eo
1424 1309 1483 1357 de
1513 1323 1655 1358 causa
1673 1309 1809 1371 prior
1837 1322 1996 1370 regem
2031 1312 2323 1357 convenerat.
2395 1307 2534 1362 Quod
2559 1303 2647 1354 ubi

1360 1439 1715 1458 OO‘O‘OH‘OO‘

496 1529 523 1573 1
547 1523 608 1573 In
634 1525 760 1574 Mas.
777 1525 915 1574 Flor.
940 1530 995 1573 et
1015 1524 1148 1587 Reg.
1165 1538 1226 1572 ex
1247 1538 1334 1586 quo
1355 1523 1516 1571 modo.-
1539 1521 1675 1570 unde
1700 1522 1749 1570 in
1779 1521 2045 1571 veteribus
2070 1520 2403 1581 editionibus»,
2428 1534 2489 1569 ex
2512 1534 2644 1583 aequo

429 1591 586 1650 nudo,
609 1596 668 1638 ut
686 1601 737 1639 et
762 1593 812 1638 in
845 1592 970 1638 Mss.
993 1591 1140 1638 Harl.
1164 1589 1317 1637 Bodl.
1341 1588 1450 1638 Jes.
1466 1588 1695 1653 Mureto,
1718 1587 1960 1644 Mercero
1978 1601 2038 1634 ac
2061 1586 2436 1636 recentioribus
2461 1585 2646 1634 merito

429 1656 646 1719 placuit,
685 1672 748 1704 ex
782 1658 1032 1705 commodo.
1069 1655 1397 1704 Brotier.--2
1434 1654 1520 1702 Ita
1559 1654 1661 1703 Ms.
1696 1654 1837 1702 Flor.
1869 1652 2109 1716 Ryekins
2148 1658 2203 1702 et
2246 1653 2514 1701 Ernestus.
2580 1650 2645 1699 Iu

432 1722 560 1771 Mss.
586 1722 716 1784 Reg.
745 1721 889 1768 Harl.
922 1722 1069 1769 Bodl.
1089 1720 1201 1770 Jes.
1237 1727 1289 1767 et
1310 1718 1625 1769 editionibus
1651 1718 1912 1768 veteribus
1936 1718 2198 1767 Histerius.
2269 1717 2497 1781 Ryckius
2518 1731 2649 1769 mar-

431 1785 537 1849 gini
572 1786 812 1835 editionis
849 1801 954 1833 suae
990 1786 1285 1845 addiderat,
1326 1784 1560 1833 Insteius.-
1617 1783 1855 1848 probavit
1893 1782 2163 1847 ediditque
2205 1784 2286 1833 Cl.
2315 1781 2647 1835 ,Lallemanch

432 1851 648 1900 Minime
684 1860 856 1900 tamen
881 1851 1147 1914 probabile
1182 1850 1539 1900 centurionem
1563 1848 1805 1898 Histeium
1829 1849 2050 1899 eundem
2072 1864 2184 1898 esse
2211 1862 2271 1898 ac
2296 1847 2523 1896 Insteium
2551 1849 2647 1898 Ca-

426 1916 655 1979 pirenem,
685 1924 971 1966 castrorum
996 1916 1325 1980 praefectum,
1349 1914 1413 1963 de
1437 1931 1539 1980 quo
1573 1915 1707 1964 infra
1726 1931 1843 1981 cap.
1866 1918 1947 1964 39.
1985 1916 2299 1964 Erotion—3
2343 1914 2482 1962 Forte
2495 1913 2654 1977 prior,

431 1982 568 2030 eti-de
598 1997 756 2044 causo,
777 1997 842 2031 ex
875 1983 1088 2030 Mureto
1115 1982 1316 2045 Lipsius
1357 1988 1412 2030 et
1447 1981 1763 2030 recentiores
1789 1980 2085 2042 ediderunt,
2108 1987 2163 2028 et
2201 1981 2335 2028 hanc
2370 1978 2647 2029 lectionem

433 2054 643 2097 servant
681 2047 995 2110 Gronovius,
1037 2048 1288 2112 RyckiuS,
1331 2053 1386 2095 et
1424 2047 1695 2095 Brotierns
1740 2061 1857 2095 cum
1898 2046 2147 2095 Homem.
2216 2047 2278 2094 ln
2316 2046 2439 2094 Mss.
2476 2043 2651 2095 Vatic-

434 2115 560 2162 1863
579 2119 629 2163 et
660 2117 804 2163 1864.
829 2113 978 2163 Harl.
999 2113 1152 2163 Bodl.
1170 2113 1280 2163 JeS.
1291 2110 1427 2172 sorte
1441 2113 1602 2176 priore
1622 2113 1681 2161 de
1703 2127 1860 2162 causa.
1929 2112 1991 2161 In
2016 2112 2119 2161 Ms.
2146 2111 2320 2161 Vatic.
2341 2114 2483 2160 1953.
2499 2110 2653 2174 prior.

1434 2227 1646 2277 NOTAE

458 2338 468 2345 ”
499 2341 527 2376 1>
561 2335 918 2400 Remi-entiam]
953 2332 1100 2388 Nihil
1140 2345 1286 2388 certe
1318 2345 1509 2403 praeter

435 2408 800 2464 reverentiam.
853 2415 940 2463 Sic
979 2430 1137 2480 supra
1158 2429 1260 2466 xn.
1286 2421 1366 2467 10.
1409 2418 1506 2466 Le-

435 2491 561 2554 gati·
590 2491 904 2541 Parthorum
945 2491 1020 2540 sic
1063 2492 1345 2557 loquuntur
1367 2492 1505 2558 apud

437 2569 713 2621 Claudium
735 2571 1056 2635 principem:
1095 2572 1110 2599 ‘
1135 2571 1385 2621 Veterem
1406 2571 1505 2621 sibi

432 2664 494 2699 ac
534 2648 749 2713 publice
787 2656 1015 2713 coeptam
1040 2644 1304 2699 nobiscum
1326 2650 1507 2700 amici-

433 2717 597 2784 tiam3
637 2731 693 2774 et
719 2725 1123 2777 subveniendum
1147 2728 1296 2776 sociis
1321 2728 1505 2777 virium

437 2801 652 2865 aemulis,
682 2801 1093 2868 cedentibusque
1133 2818 1229 2867 per
1265 2818 1505 2853 reveren-

440 2876 602 2946 ttam.'

476 2962 526 2998 ’(1
560 2956 632 3004 Et
663 2956 928 3018 Vologeses,
947 2974 1036 3021 quo
1059 2957 1249 3021 bellum,
1265 2957 1373 3022 ξω]
1403 2958 1508 3008 De-

439 3033 523 3098 dit
545 3032 754 3087 obsides
777 3050 788 3082 z
827 3036 929 3097 vel,
954 3035 1114 3101 utqui
1136 3042 1260 3085 tunc
1285 3041 1401 3085 erat
1421 3035 1510 3084 im·

439 3108 538 3177 par
561 3110 716 3171 bello,
735 3118 948 3176 pararet
984 3112 1212 3176 interim,
1247 3112 1385 3162 nulla
1408 3127 1511 3162 mo·

438 3188 609 3251 lestia,
645 3202 708 3237 ea
747 3204 862 3254 quae
888 3189 1306 3253 aequalemillum
1333 3188 1513 3240 redde-

436 3263 582 3316 rent:
654 3267 756 3330 vel,
800 3271 857 3315 ut
913 3272 1180 3323 amoveret
1223 3272 1509 3331 suspectos,

434 3335 708 3396 Feri-ottus.
1192 3399 1195 3402 ,
1272 3332 1283 3340 ’

472 3416 670 3487 ¹Lege,
717 3438 778 3472 ex
821 3424 1055 3473 commodo
1091 3429 1304 3488 pararet.
1391 3424 1510 3475 Hoc

437 3500 567 3564 vult,
601 3499 750 3549 datos
797 3500 1026 3566 obsides,
1072 3516 1174 3551 non
1214 3501 1351 3551 bona
1387 3501 1510 3553 fide.

437 3575 549 3627 Aut
568 3591 691 3641 ergo
725 3576 856 3639 dati,
879 3585 938 3628 ut
971 3577 1201 3644 falleret,
1226 3586 1282 3630 et
1301 3586 1509 3631 ostensa

437 3653 592 3728 pace,
633 3655 824 3705 bellum
858 3664 1069 3721 pararet
1107 3658 1376 3708 commodo
1400 3674 1510 3723 su0,

436 3733 522 3783 cui
540 3741 649 3784 tum
668 3748 768 3788 non
791 3736 915 3785 satis
939 3742 1186 3799 paratus;
1213 3743 1304 3786 aut
1322 3744 1379 3787 ut
1395 3752 1512 3801 spe·

439 3809 518 3861 cie
575 3810 812 3861 obsidum
860 3813 1184 3878 amoliretur,
1227 3829 1354 3879 quos
1401 3830 1510 3864 sus-

436 3892 620 3950 p'ectos
662 3886 910 3946 baberet:
959 3887 1082 3937 nihil
1115 3889 1329 3939 certius.
1381 3892 1513 3940 Mer-

449 3979 599 4015 cerus.

472 4045 481 4050 ”
506 4040 592 4089 Ex
611 4040 866 4105 commodo]
905 4042 1084 4093 Dabat
1106 4043 1327 4106 obsideri,
1353 4051 1411 4094 ut
1435 4044 1509 4095 sic

437 4117 629 4180 bellum
667 4116 921 4184 differret,
959 4122 1133 4187 sicque
1168 4122 1394 4186 spatium
1430 4136 1511 4177 su-

439 4189 632 4260 rdebat,
655 4210 754 4259 quo
787 4213 854 4246 ex
893 4198 1165 4249 commodo
1196 4214 1290 4252 suo
1316 4199 1511 4249 bellum

445 4266 676 4338 pararet,
698 4272 1118 4344 instauraretque
1139 4292 1233 4330 suo
1257 4282 1512 4348 tempore.

1588 2338 1728 2388 Hinc
1753 2336 1891 2388 infra
1911 2341 1993 2387 34.
2041 2337 2057 2365 ‘
2080 2337 2329 2400 Mollibus
2366 2338 2531 2397 adhuc
2556 2335 2654 2395 iui-

1588 2403 1677 2464 tiis
1706 2416 2019 2479 prolatatum
2053 2416 2192 2465 inter
2227 2415 2448 2472 Parthos
2473 2415 2659 2469 Roma·

1587 2508 1783 2560 nosque
1821 2493 1885 2544 de
1927 2492 2212 2544 obtinenda
2250 2492 2506 2553 Armenia
2545 2492 2653 2543 bel·

1588 2571 1731 2621 lum!

1652 2656 1672 2681 r
1704 2648 1909 2712 Mrem]
1955 2649 2076 2699 Sive
2110 2648 2227 2716 ideo
2262 2648 2446 2698 missus
2467 2652 2605 2698 esset
2625 2661 2657 2696 a

1587 2725 1875 2788 Quadrato,
1904 2725 2011 2774 sive
2055 2740 2117 2774 ea
2162 2724 2227 2774 de
2263 2740 2425 2790 causa
2464 2724 2657 2773 adisset

1587 2819 1761 2868 regem
1787 2804 1945 2866 prior,
1982 2817 2135 2867 quam
2170 2803 2257 2869 qui
2286 2793 2604 2854 mittebatur
2627 2817 2676 2852 a·

1589 2873 1898 2936 Corbulone.
1964 2880 2069 2930 Sed
2114 2879 2240 2929 nihil
2285 2880 2452 2929 video.
2518 2880 2657 2930 Nam

1593 2973 1694 3008 non
1720 2957 1933 3008 adiisset
1952 2971 2131 3021 regem
2148 2957 2405 3019 centurio,
2425 2957 2523 3006 nisi
2539 2955 2675 3006 mis-v

1595 3050 1679 3083 sus
1698 3048 1727 3084 a
1746 3034 1877 3084 duce
1900 3050 1991 3084 sen
2025 3036 2224 3100 legam.
2282 3035 2367 3085 Sic
2389 3034 2550 3099 igitur
2574 3047 2676 3082 ca-.

1595 3112 1682 3177 pio
1701 3120 1759 3162 ut
1782 3112 2016 3165 centurio
2052 3112 2143 3162 ille
2175 3113 2354 3162 missus
2377 3112 2445 3162 sit
2468 3126 2501 3160 a
2521 3111 2660 3162 Qua·

1594 3190 1762 3253 drato‚
1783 3197 1839 3241 et
1861 3188 2018 3252 forte,
2042 3190 2096 3240 id
2122 3197 2221 3254 est,
2249 3204 2393 3252 casu,
2427 3189 2678 3254 prior-eq

1594 3261 1661 3318 de
1704 3284 1859 3318 causa
1904 3268 2092 3318 adierit
2136 3282 2333 3332 regem,
2372 3282 2561 3332 nempe
2600 3272 2661 3316 ut

1593 3345 1799 3396 obsides
1835 3345 2102 3411 acciperet
2134 3344 2453 3410 duceretque
2477 3343 2541 3393 ‘in
2577 3358 2664 3393 *ur-

1595 3423 1731 3474 bem.
2307 3449 2309 3454 »
2395 3459 2402 3466 ,

1658 3509 1676 3533 ·
1711 3502 1855 3551 Forte
1886 3500 2045 3566 priore
2080 3502 2139 3550 de
2159 3516 2319 3562 causa,
2338 3500 2469 3550 adito
2500 3499 2659 3564 Rege]

1591 3581 1763 3644 Vulgo
1797 3579 1934 3641 sorte
1968 3579 2104 3643 prior
2137 3594 2193 3627 ea
2236 3581 2294 3627 de
2313 3592 2496 3642 sousa,
2525 3576 2680 3643 adito,

1589 3659 1756 3720 Rege.-
1792 3656 1883 3706 sed
1907 3657 1961 3708 id
1984 3655 2301 3719 ambiguum.
2353 3654 2488 3716 Nam
2514 3661 2663 3720 certe

1592 3733 1890 3787 Quadratus
1912 3732 2127 3782 miserat
2149 3733 2371 3797 aliquem
2395 3732 2570 3798 priore
2592 3732 2661 3784 de
2670 3759 2681 3796 3

1592 3826 1767 3884 cunsu,
1792 3810 1856 3859 ad
1897 3809 2226 3872 vologesum,
2249 3823 2435 3873 nempe
2451 3817 2516 3863 ,ut
2541 3823 2659 3874 eum

1592 3881 1910 3948 hortaretur,
1926 3901 2091 3951 pacem
2112 3902 2251 3949 quam
2283 3886 2454 3936 bellum
2484 3888 2682 3950 mullet,

1592 3972 1639 4016 et
1660 3965 1841 4015 obsides
1873 3966 2039 4015 daret.-
2094 3971 2149 4014 et
2188 3979 2251 4013 eo
2292 3979 2445 4015 sensu
2479 3971 2664 4029 posset

1593 4043 1721 4108 legi:
1750 4044 1896 4093 Forte
1912 4042 2074 4107 priore
2096 4044 2153 4092 de
2174 4058 2315 4094 coma
2336 4044 2467 4094 odilo
2488 4044 2642 4105 Rfflo.

1629 4113 1793 4171 ¹Nam
1838 4120 2068 4171 secunda
2107 4128 2164 4170 et
2203 4121 2458 4185 posterior
2508 4134 2666 4174 canza

1593 4196 1836 4247 mittendi
1855 4196 2141 4262 Quadrato,
2158 4198 2330 4262 potuit
2345 4212 2479 4260 esse,
2495 4203 2555 4248 ut
2573 4196 2666 4250 ob·

1595 4274 1732 4327 sides
1763 4274 2146 4347 acciperentur.
2214 4274 2329 4326 Nisi
2368 4273 2507 4337 forte*
2537 4269 2684 4337 Bisa
