3063 4952
322 435 600 501 aues]
643 434 648 439 ·
704 448 708 455 ·
1008 424 1427 479 sanamus«
1461 425 1629 479 mua
1672 432 1791 480 xm.
1826 430 1831 435 ·
2360 414 2557 483 1909=

322 579 648 662 rogitante
681 570 900 659 Rege³
936 570 1204 654 causus,
1235 577 1537 659 quotiens
1566 592 1813 641 novum
1839 577 2087 661 aliquid
2116 576 2526 648 adverteram

323 686 418 759 ut,
448 679 643 745 initia
669 678 1090 761 vigiliarum
1116 697 1234 761 per
1265 676 1725 743 Centurionem
1756 680 2116 758 nuntiariss'
2152 680 2531 746 convivium

319 760 612 847 buccina
633 769 941 858 dimitti‚⁸
955 786 1036 844 et
1064 784 1382 844 structam
1413 787 1567 846 ante
1597 778 1931 864 Augurale
1949 791 1977 828 5
2006 790 2226 848 aram²
2234 783 2529 849 subdita
2562 798 2565 803 ·

262 964 272 969 ”
320 978 513 1031 fierent
543 982 768 1043 rationes,
797 981 977 1058 quoties
1007 981 1250 1031 insolam
1281 980 1395 1044 quid
1429 982 1864 1031 anius-doment.-
1894 986 1951 1030 ut
1986 982 2227 1047 principi·
2255 982 2553 1045 vigilium-t.

318 1047 548 1112 impero-2·
571 1062 659 1112 per
690 1048 1025 1111 centurionem,
1056 1048 1216 1111 epulus
1250 1047 1378 1096 tube
1408 1047 1583 1100 muita
1591 1046 1759 1113 finiri,
1796 1052 1844 1096 et
1881 1054 2083 1097 erectus·
2119 1051 2259 1112 apud
2279 1050 2549 1110 Angitula.

1252 1184 1370 1204 0000
1371 1184 1429 1204 ‘O
1431 1184 1574 1203 ONOO
1578 1184 1607 1202 0

363 1289 415 1333 1
451 1283 674 1334 Videtur
705 1285 931 1334 edidisse
960 1286 1168 1335 Tacitus
1200 1286 1487 1347 rog-itanum
1522 1284 1735 1345 Regem.-
1768 1285 1822 1333 id
1858 1285 1994 1335 enim
2031 1285 2304 1349 requirunt
2335 1286 2414 1337 his
2449 1302 2529 1339 re-

321 1326 651 1413 spondentia,
682 1351 994 1400 admiratione
1013 1351 1161 1415 prisci
1191 1351 1334 1399 moris
1365 1349 1548 1414 affecit.
1616 1350 1826 1399 Gronov
1830 1354 1942 1400 .—2
1974 1350 2063 1399 Sic.
2088 1351 2219 1400 bene
2246 1352 2451 1415 Lipsius
2476 1362 2531 1404 et

319 1415 657 1466 recentiores.
721 1416 783 1465 In
819 1417 944 1466 Mss.
968 1426 1024 1466 et
1059 1416 1324 1466 veteribus
1358 1414 1689 1479 editionibus,
1726 1417 1806 1465 vel
1839 1419 2071 1466 structam
2103 1421 2214 1465 unte
2235 1417 2529 1480 Aug-terdeni
2560 1432 2564 1439 ⁹

1307 1571 1522 1623 NOTAE

379 1706 404 1732 '
436 1700 592 1751 Initia
626 1702 924 1767 vigiliam]
958 1703 1093 1756 Qun
1128 1709 1251 1754 sunt
1288 1718 1379 1752 ex·
1460 1717 1575 1752 sum
1629 1702 1759 1753 solis
1806 1700 1983 1753 efferri
2038 1702 2247 1766 coepta!
2332 1704 2529 1755 Soriblt

315 1777 487 1829 cnbiae
521 1788 821 1843 nocturnam
854 1781 993 1831 unde
1025 1788 1190 1846 patet,
1231 1797 1380 1832 coena
1461 1786 1679 1845 uterque
1702 1780 1767 1830 de
1787 1779 2045 1844 Scipionis
2066 1788 2203 1843 astu,
2230 1788 2539 1846 quo-castr&

315 1861 596 1920 exceptum
619 1855 779 1907 fnisse
798 1858 1085 1909 Tiridatem
1111 1874 1174 1909 eo
1194 1859 1301 1924 die,
1323 1867 1379 1910 et

313 1937 632 1983 transactam
672 1935 770 1999 ipsi
826 1942 1035 1986 noctem
1094 1938 1148 1985 in
1192 1937 1379 1988 castris

315 2008 596 2062 Romanis:
654 2020 710 2063 et
745 2014 916 2077 infra3
972 2016 988 2043 ‘
1031 2016 1254 2068 Postero
1293 2017 1386 2067 die

314 2089 543 2152 spurium
566 2091 772 2153 oravit‚’
794 2095 894 2143 διο.

383 2164 480 2214 Cui
516 2167 753 2217 convivio
777 2169 923 2219 simul
946 2170 1164 2221 aderant
1186 2173 1379 2237 Megis-

313 2245 466 2291 tanes
507 2242 802 2294 Armeniaci
840 2255 896 2297 et
934 2248 1196 2298 Parthici:
1240 2248 1378 2299 forte

313 2320 372 2366 et
404 2331 534 2367 uxor
564 2320 828 2383 Tiridatis,
863 2338 982 2388 quae
1012 2324 1242 2374 obsidem
1261 2325 1379 2376 reli-

313 2393 431 2458 quit
446 2393 622 2460 filiam,
637 2404 691 2446 et
711 2399 947 2448 maritum
967 2400 1082 2465 ipsa
1101 2408 1281 2451 secuta
1297 2409 1380 2452 est

310 2469 366 2520 in
389 2471 608 2539 Urbem,
632 2489 732 2525 non
752 2478 866 2526 sine
896 2492 1085 2543 pompa
1110 2479 1376 2546 plusquam

311 2551 478 2614 regia.

377 2634 416 2661 v
447 2629 546 2679 Per
562 2631 892 2681 centurionem
921 2633 1159 2698 nuntiari]
1194 2634 1382 2684 Centu-

309 2701 485 2754 riones
499 2705 702 2769 vigilias
719 2707 898 2756 ordine
911 2709 1141 2760 obibant.
1173 2712 1381 2761 Tacitus

308 2781 345 2830 1.
369 2794 433 2832 ιι.
468 2782 605 2834 Hist.
638 2784 654 2813 ‘
677 2786 868 2848 Varus,
900 2784 1219 2850 deflagrante
1256 2804 1379 2853 pau-

309 2858 459 2909 latim
476 2859 749 2925 seditione,
760 2862 906 2912 addit
917 2864 1377 2927 consilium,vetitis

308 2934 457 2985 obire
498 2935 702 3001 vigilias
743 2938 1150 3002 centurionibus,
1193 2942 1377 2990 omisso

309 3012 452 3063 tubae
478 3028 621 3074 sono,
660 3030 762 3079 quo
784 3015 931 3065 miles
966 3017 1031 3066 ad
1058 3017 1179 3067 belli
1202 3019 1375 3069 munia

307 3089 511 3139 cietur.'
599 3089 798 3141 Obibat
841 3107 966 3155 ergo
1010 3097 1267 3157 centurio,
1317 3105 1374 3146 et

305 3166 519 3216 rediens
539 3167 816 3218 nuntiabat
838 3169 977 3231 duci,
1003 3180 1147 3221 recte
1165 3172 1372 3223 habere.

306 3243 585 3307 Polybium
611 3244 784 3296 videl.
813 3260 886 3297 vl.
952 3248 1161 3311 Lipsius.

370 3326 398 3353 ¹
436 3322 714 3371 Canninium
735 3322 928 3372 buccina
950 3324 1158 3387 dimitti]
1201 3326 1287 3374 De
1308 3340 1370 3374 eo

305 3410 452 3446 more
483 3397 734 3460 Polybius
770 3400 804 3449 l.
830 3412 949 3450 xiv,
1016 3402 1031 3429 ‘
1068 3401 1162 3450 Est
1185 3416 1245 3450 ea
1270 3403 1369 3451 Ro-

303 3474 474 3524 manis
494 3475 833 3536 consuetudo,
866 3483 922 3526 ut
946 3484 1177 3541 tempore
1198 3480 1371 3528 convi-

305 3554 478 3616 vandi,
490 3555 661 3604 cuncti
679 3554 931 3605 tubicines
943 3571 1003 3605 ac
1017 3556 1372 3608 buccinatores

306 3632 373 3681 ad
419 3632 703 3682 tentorium
748 3632 894 3682 ducis
942 3643 1250 3697 personent3
1306 3635 1369 3685 ad

302 3710 424 3772 hoc,
447 3717 507 3758 ut
529 3717 810 3758 nocturnas
835 3711 1096 3760 custodias
1118 3713 1222 3762 suis
1242 3714 1372 3764 locis

302 3784 479 3852 per-id
505 3786 752 3848 temporis
775 3787 1132 3839 constituant!

368 3863 419 3912 0
452 3862 624 3910 locum
658 3869 1026 3926 opportunum,
1058 3871 1114 3914 et
1145 3866 1266 3917 huie
1295 3869 1373 3917 rei

301 3939 538 3988 unicum!
575 3953 605 3986 e
644 3953 746 4003 quo
779 3939 937 3988 etiam
961 3941 1109 3989 Livio
1138 3943 1248 4006 lux,
1284 3944 1370 4009 qui

299 4027 502 4063 rnorem
543 4015 696 4076 bunc,
735 4014 826 4063 sed
872 4016 1142 4068 obscurius
1185 4021 1371 4085 tangit,

298 4091 337 4140 1.
360 4101 496 4141 11¹3
531 4091 547 4118 ‘
569 4090 807 4140 Tribunis
830 4092 1014 4156 edicit,
1044 4102 1106 4144 ut
1127 4096 1216 4145 ubi
1239 4111 1373 4161 prae·

300 4167 442 4217 torio
484 4165 712 4231 dimisso,
752 4167 905 4232 signa
945 4173 1369 4235 concinuissent3

301 4242 571 4307 extemplo
586 4241 865 4296 educerent
882 4259 912 4294 e
926 4247 1112 4297 cast-ris
1128 4249 1371 4313 legiones·

300 4320 391 4370 Ita
412 4327 473 4371 ut
507 4321 878 4387 imperaverat,
911 4323 1060 4390 signa
1090 4325 1186 4376 sub
1217 4340 1372 4379 occa-

1457 1856 1713 1921 Sypbacis
1733 1858 1866 1908 clam
1888 1856 2095 1908 invasit.

1526 1936 1905 1987 Germanorum
1953 1936 2245 2002 principum
2289 1951 2411 1987 mos
2439 1952 2531 1989 ne·-

1459 2014 1573 2064 scio
1593 2030 1659 2064 an
1680 2015 1931 2080 originem
1947 2015 2120 2065 trabat
2140 2015 2314 2065 istinc.
2371 2016 2532 2066 Certe

1458 2100 1731 2156 receptum
1776 2091 2007 2155 dynastis
2052 2093 2206 2141 etiam
2251 2091 2423 2153 hodie,
2468 2100 2533 2143 ut

1458 2168 1750 2219 convivium
1772 2167 1952 2220 ineant
1973 2169 2039 2218 ad
2062 2183 2243 2219 sonum
2265 2169 2426 2219 tnbae.

1524 2244 1678 2296 Quod
1696 2245 1863 2309 ipsum
1882 2244 2238 2294 Alexandrum
2260 2245 2524 2295 Macetum

1457 2319 1650 2370 fecisse
1689 2320 1925 2381 observo,
1963 2335 2030 2370 ex
2065 2320 2323 2370 Athenaeo
2363 2322 2398 2371 l.
2420 2335 2526 2373 xri.
2562 2346 2573 2357 ·

1456 2397 1472 2426 ‘
1494 2396 1910 2448 Celebrabantur
1930 2398 2100 2461 epnlae
2123 2398 2186 2447 ad
2214 2398 2353 2448 tubae
2376 2413 2527 2449 sono-

1459 2490 1590 2538 rem,
1614 2483 1669 2526 et
1691 2483 1816 2526 tunc
1835 2475 2041 2541 quidem
2063 2475 2114 2525 in
2131 2475 2344 2540 nuptiis,
2363 2474 2522 2526 etiam

1461 2558 1516 2602 et
1550 2554 1675 2602 alias
1706 2553 1912 2618 quoties
1946 2552 2112 2602 foedns
2149 2552 2323 2616 iniret,
2361 2553 2433 2603 ita
2468 2560 2529 2602 ut

1459 2629 1589 2679 totis
1612 2630 1798 2680 castris
1819 2628 2121 2680 audiretur.’

1522 2704 1755 2769 Atenim‚
1809 2707 1932 2773 quia
1968 2706 2053 2754 hic
2095 2705 2162 2755 de
2201 2703 2323 2768 fine,
2358 2712 2414 2755 et
2457 2705 2524 2756 de

1457 2783 1677 2834 buccina
1715 2791 1935 2848 tantum,
1968 2783 2085 2833 vide
2120 2798 2204 2832 me
2240 2783 2294 2832 in
2331 2782 2528 2833 Militia

1457 2861 1611 2911 Rom.
1645 2863 1680 2910 l.
1704 2876 1756 2912 v·
1794 2862 1930 2912 nial.
1960 2866 2011 2911 9.
2061 2859 2279 2924 propius
2307 2860 2525 2910 certius·

1456 2952 1560 3003 que
1580 2939 1693 2989 haec
1715 2940 2087 3003 explicantem.
2151 2937 2360 3001 Lipsius.
2389 2968 2392 2971 -

1521 3016 1737 3065 Barcina
1774 3015 1982 3078 dimitti]
2031 3013 2285 3063 Firmatit
2317 3012 2527 3077 Lipsius

1452 3093 1504 3141 in
1526 3094 1680 3157 notis,
1696 3094 1795 3143 hoc
1828 3093 2053 3157 intelligi
2065 3092 2132 3140 de
2150 3091 2361 3154 classico,
2383 3091 2529 3155 quod

1452 3179 1689 3235 tempore
1716 3170 2021 3221 convivandi
2052 3170 2230 3219 cuncti
2269 3168 2548 3218 tubicines·

1450 3261 1510 3296 ac
1550 3247 1912 3297 buccinatores
1953 3246 2021 3296 ad
2060 3245 2340 3293 tentorium
2375 3242 2525 3292 ducis

1450 3321 1727 3383 canebant,
1750 3329 1808 3371 ut
1837 3322 1911 3371 ait
1933 3320 2183 3383 Polybius
2206 3321 2243 3367 1.
2263 3332 2377 3368 nv.
2448 3317 2524 3368 At

1455 3396 1693 3461 quoniam
1729 3398 1795 3446 de
1832 3396 2024 3444 buccine
2063 3402 2265 3444 tantum
2301 3393 2525 3443 Tacitus

1457 3475 1705 3540 loquitur,
1721 3483 1775 3526 et
1794 3474 1858 3523 de
1877 3473 2096 3524 convivii
2114 3471 2525 3538 fine,scrupulus

1456 3551 1581 3601 mihi
1605 3559 1717 3602 erut
1739 3552 1804 3602 de
1824 3553 1977 3617 hujus
1999 3552 2098 3601 loci
2119 3551 2397 3601 sententia.

1517 3630 1684 3681 Quem
1701 3628 1912 3679 tandem
1924 3630 2131 3679 sustulit
2146 3628 2284 3678 idem
2294 3627 2524 3694 Lipsius,

1393 3713 1404 3723 “
1452 3704 1520 3754 de
1543 3705 1736 3756 Militia
1754 3707 1989 3756 Romana
2004 3707 2040 3755 l.
2060 3719 2115 3754 v.
2134 3705 2271 3776 Dial.
2288 3709 2339 3757 9.
2362 3703 2523 3754 inter,-

1452 3783 1971 3846 pintana-classicum
1999 3783 2126 3833 illud
2159 3783 2383 3832 omnium
2420 3782 2523 3844 sig·-

1453 3875 1635 3909 norum
1669 3862 1920 3911 cecinisse
1952 3869 2075 3910 ante
2103 3875 2334 3920 coenam;
2368 3859 2527 3909 bricci-

1451 3953 1564 3986 nam
1586 3952 1709 3988 vero
1732 3945 1853 4001 post
1873 3951 2090 3988 emnam.
2158 3936 2387 3986 Pichena.

1517 4013 1804 4064 Athenaeus
1844 4016 1878 4064 1.
1916 4026 1999 4062 ιν.
2047 4015 2063 4040 ⁴
2099 4013 2283 4062 Donec
2322 4009 2535 4060 cecinit·

1451 4095 1664 4143 solenne
1726 4091 1955 4142 finientis
2016 4089 2243 4140 convivii
2294 4089 2524 4153 signnm.

1453 4169 1612 4219 Hunc
1631 4170 1769 4218 enim
1788 4168 2132 4219 Macedonum
2149 4167 2517 4229 nostinorem,

1448 4245 1506 4295 in
1537 4244 1973 4311 frequentissimis
2004 4243 2261 4298 conviviis
2279 4242 2521 4342 usurpari

1448 4323 1693 4376 solitu-13.
1736 4365 1753 4371 ..
