3063 4952
487 364 665 441 Q
721 304 725 308 ,

1190 383 1273 434 ’ῦο
1315 380 1679 435 connitur
1703 373 1979 435 TAOITI

2371 385 2469 455 [A.
2490 388 2559 443 υ.
2576 393 2696 445 sos.

575 498 644 596 2.
690 527 1055 613 Ibaturque
1076 528 1148 594 in
1174 525 1421 607 caedes„
1459 528 1615 594 nisi¹
1670 487 2273 594 AfraniusBurrus
2303 531 2378 594 et
2393 526 2693 599 Annaeus

492 629 749 696 Seneca
777 631 1043 695 obviam
1072 632 1301 696 issent.

1395 631 1516 695 Hi·
1540 635 1825 696 rectores
1872 631 2327 715 Imperatoriae
2367 631 2694 715 Juventae,

488 731 587 818 (et
613 741 860 800 rarum²
891 735 960 797 in
988 735 1324 801 societate
1348 732 1716 821 potentiae)
1740 733 2136 814 concordeS‚
2145 733 2413 801 diversa
2441 740 2581 800 arte
2606 753 2696 800 ex

564 892 630 943 Et
659 891 770 957 ,iam
806 892 859 943 in
892 896 1040 945 coedes
1069 895 1427 960 properabatur,
1444 894 1540 945 nisi
1565 893 1797 955 Afranius
1818 892 2037 943 Bur-rhus
2058 896 2107 942 et
2125 889 2334 943 Annam
2354 892 2533 944 Seneca
2553 892 2697 943 obsti-

472 957 676 1011 iissent.
743 957 820 1011 Hi
839 962 1105 1010 educatores
1125 961 1445 1012 adolescentioe
1470 959 1694 1023 Coesaris,
1710 963 1759 1009 et
1775 958 2053 1008 concordes
2033 973 2086 1007 m
2105 960 2274 1022 oequali
2299 959 2522 1009 societate
2539 963 2698 1010 amo·

1412 1092 1739 1116 OOOOOOONOO
1740 1094 1769 1115 O

552 1185 589 1232 ‘1
624 1179 754 1231 Cod.
774 1193 954 1230 meust

470 1247 719 1298 rsocietate‘
734 1245 947 1308 potentia
964 1250 1012 1294 et
1032 1248 1293 1296 concordes.

987 1180 1041 1230 ni
1060 1178 1310 1241 Afranius.
1342 1180 1687 1244 Ryckius.-—2
1722 1179 1982 1244 Corrupte
2004 1180 2056 1229 in
2079 1179 2182 1229 Ms.
2205 1180 2345 1231 Flor.
2372 1180 2440 1229 Et
2455 1194 2627 1243 parum
2646 1179 2700 1230 in

1344 1247 1475 1295 Mss.
1499 1246 1677 1296 Vatic.
1701 1248 1847 1294 1863.
1861 1253 1917 1294 et
1935 1248 2077 1295 1864.
2090 1246 2225 1309 Reg.
2240 1252 2296 1295 et
2313 1246 2444 1308 Agr.
2463 1251 2510 1294 et
2525 1260 2700 1308 param

474 1313 547 1361 λοι
567 1311 792 1370 societas
811 1314 860 1360 et
872 1312 1104 1375 patema.
1171 1311 1300 1362 Mss.
1323 1311 1499 1361 Vatic.
1525 1314 1671 1361 1958.
1695 1309 1845 1360 Harl.
1863 1310 2016 1360 Bodl.
2041 1309 2354 1363 sescouelf.
2376 1316 2432 1360 et
2456 1311 2701 1361 Puteola-

1077 1403 1079 1405 ’
1488 1405 1703 1458 NOTAE

495 1514 752 1565 umbravit
767 1529 783 1576 3
819 1530 911 1566 seu
927 1514 1153 1578 speciem
1172 1512 1394 1579 aliquam
1411 1512 1558 1579 flagi·

493 1591 581 1641 tiis
604 1583 861 1656 obtendit,
877 1598 933 1641 et
948 1591 1175 1641 nondum
1192 1596 1375 1655 aperte
1392 1604 1559 1647 emm·

494 1668 709 1732 pebaut.

476 1774 481 1779 -
561 1745 845 1809 Comparat
865 1743 1133 1808 Interpres
1159 1742 1296 1794 Gall.-
1327 1756 1446 1793 cum
1482 1743 1560 1794 vi·

478 1818 586 1871 -tiis
606 1820 862 1883 Narcissi,
881 1835 994 1886 quae
1019 1827 1202 1885 aperta
1223 1826 1392 1884 erant,
1408 1821 1559 1886 quasi

493 1897 625 1947 vitia
652 1897 880 1948 Neronis
915 1897 1078 1961 magis
1114 1897 1340 1947 laterent
1361 1897 1562 1949 adhuc.

494 1973 602 2025 Sed
637 1987 943 2038 perperam:
1000 1972 1232 2023 absolute
1275 1979 1386 2024 tum
1431 1976 1560 2025 late-

494 2049 644 2114 bant,
666 2049 719 2099 in
738 2063 893 2100 sensu
912 2048 1106 2111 Taciti,
1135 2055 1191 2100 et
1229 2065 1295 2101 ex
1325 2051 1404 2101 rei
1424 2052 1559 2111 veri·

491 2132 622 2179 tate.

557 2204 757 2256 Abditas
798 2205 950 2254 adhuc
986 2204 1144 2269 vitiis]
1207 2206 1375 2257 Erant
1412 2213 1556 2258 certe

480 2282 707 2333 'occulta
749 2287 806 2331 et
843 2282 1086 2335 simulata
1122 2283 1189 2333 ad
1235 2290 1458 2350 tempus,
1500 2292 1558 2336 et
1591 2314 1600 2327 ε

490 2359 656 2410 veluti
692 2359 944 2409 obstricta
982 2365 1039 2410 et
1070 2360 1296 2411 nondum
1341 2362 1558 2426 adu'lta;

476 2441 727 2491 »attamen
747 2450 874 2486 vera
912 2435 1037 2487 vitia
1062 2452 1234 2502 pravae
1257 2444 1457 2491 naturai
1478 2439 1558 2490 in-

414 2531 419 2538 ·
492 2519 662 2564 erant.
739 2513 828 2564 Sic
864 2514 1079 2564 Sueten.
1103 2515 1231 2566 Ner.
1254 2519 1305 2568 ⁷.
1338 2518 1354 2545 ‘
1379 2517 1556 2567 Unde-

491 2590 625 2642 cimo
646 2590 819 2642 aetatis
842 2605 975 2642 anno
992 2606 1025 2641 a
1040 2591 1257 2642 Claudio
1276 2593 1555 2659 adoptatus

491 2673 596 2732 est,
618 2669 923 2735 Annaeoque
942 2670 1154 2720 Senecae
1177 2671 1293 2735 jam
1316 2677 1440 2721 tunc
1465 2672 1556 2722 Se-

492 2746 663 2795 natori
702 2746 755 2794 in
791 2744 1113 2812 disciplinam
1153 2746 1393 2798 traditus.
1457 2749 1555 2797 Fe-

474 2828 614 2872 ·runt
632 2822 884 2874 Senecam
905 2824 1070 2888 prima
1089 2829 1246 2874 nocte
1267 2825 1433 2874 visam
1453 2823 1555 2875 sibi

491 2914 591 2965 per
625 2899 856 2967 quietem
894 2903 1090 2953 Caesari
1127 2902 1444 2967 praecipere:
1497 2909 1554 2953 et

476 2975 648 3027 -fidem
670 2979 867 3029 somnio
904 2981 1050 3032 Nero
1083 2979 1230 3030 brevi
1265 2978 1414 3044 fecit,
1435 2996 1555 3045 pro-

491 3054 603 3103 dita
638 3055 962 3107 immanitate
998 3063 1216 3120 naturae,
1236 3057 1421 3122 quibus
1454 3058 1556 3124 pri—

490 3143 630 3180 mum
651 3132 825 3195 potuit
845 3133 1251 3198 experimentis!

555 3207 721 3258 Vetus
772 3209 944 3260 Schol.
984 3210 1174 3262 Juven.
1221 3212 1286 3261 ad
1329 3210 1555 3262 Satiram

475 3283 722 3352 -quintam
741 3302 756 3336 z
789 3285 807 3316 ⁴
829 3285 906 3337 At
920 3286 1124 3337 Seneca
1144 3286 1428 3338 erudiendo
1450 3289 1556 3338 Ne-

491 3362 608 3414 roni
651 3362 704 3412 in
750 3363 1000 3436 parati-m
1042 3363 1317 3428 adductus,
1358 3379 1554 3415 saevum

486 3438 867 3505 immanemque
884 3446 1066 3490 „natum
1087 3446 1144 3490 et
1165 3440 1326 3491 sensit
1348 3442 1473 3505 cito,
1497 3447 1556 3492 et

478 3515 780 3580 mitigavit:
814 3517 955 3567 inter
977 3516 1256 3568 familiares
1276 3518 1454 3567 solitus
1476 3518 1554 3567 di-

476 3605 631 3655 fcere,
662 3592 786 3642 Non
818 3583 932 3641 'fore
972 3606 1113 3642 saevo
1134 3593 1213 3642 illi
1244 3594 1401 3656 leoni,
1428 3594 1554 3659 quin

476 3673 699 3732 gustato
733 3668 892 3718 semel
928 3669 1147 3719 hominis
1186 3685 1389 3734 cruore,
1409 3671 1553 3737 inge·

484 3745 600 3796 uita
618 3743 800 3794 redeat
822 3744 1058 3798 saevitia!

552 3828 574 3855 ¹·
627 3822 730 3871 Per
776 3822 1032 3872 aventium
1073 3820 1143 3873 ac‘
1178 3825 1552 3891 prodigentiam]

489 3896 644 3951 Quod
665 3897 871 3959 mirum,
895 3898 1029 3964 quod
1055 3907 1350 3964 portentum
1370 3901 1472 3953 fuit
1494 3903 1550 3952 in

484 3988 589 4023 uno
612 3973 897 4039 eodemque
917 3977 1137 4041 bomine,
1167 3986 1273 4028 tam
1308 3980 1552 4044 opposita

486 4049 685 4115 flagitia
703 4052 955 4116 reperiri;
1000 4055 1094 4105 sed
1127 4070 1244 4105 cum
1273 4069 1375 4105 una
1396 4070 1550 4105 mauu

480 4128 789 4192 impendant
839 4131 1063 4198 prodigi,
1106 4133 1272 4183 altera
1320 4132 1550 4197 rapiunt.

478 4205 558 4257 -Et
574 4205 711 4272 quod
732 4219 829 4271 per
849 4208 1029 4261 luxum
1058 4214 1115 4261 et
1144 4208 1413 4261 libidinem
1435 4222 1557 4276 perf

1638 1512 1797 1576 ditur,
1819 1527 1914 1579 per
1952 1514 2121 1565 scelus
2163 1513 2431 1580 suppletur
2463 1510 2702 1564 necessa·

1637 1606 1734 1643 rio.

1704 1668 1858 1721 Quod
1880 1670 2091 1734 rapiunt
2114 1683 2181 1720 ex
2212 1668 2366 1720 sociis
2402 1683 2500 1733 per
2537 1666 2702 1718 avari-

1637 1745 1784 1811 tiam,
1803 1761 1927 1796 mox
1953 1762 2050 1812 per
2071 1746 2405 1797 ambitionem
2442 1751 2497 1795 et
2533 1743 2705 1797 libidi-

1636 1835 1757 1872 nem
1794 1821 2069 1874 effundunt
2107 1823 2161 1873 in
2197 1822 2515 1888 potentiores
2553 1820 2704 1885 aulae,

1637 1903 1723 1954 vel
1741 1902 1902 1955 etiam
1922 1903 2099 1968 curiae,
2114 1917 2305 1968 eosque
2325 1902 2399 1952 sic
2422 1900 2475 1950 in
2498 1905 2703 1965 partem

1636 1981 1829 2045 praedae
1850 1988 2070 2045 vocant3
2110 1987 2267 2045 atque
2285 1976 2610 2044 impunitatis
2632 1977 2706 2028 vi·

1637 2071 1725 2106 ces
1746 2058 1843 2108 hoc
1863 2058 2034 2122 pretio
2057 2056 2338 2107 redimunt.

1700 2134 1917 2185 Tacitus
1941 2134 2093 2199 iufra,
2108 2139 2190 2185 31.
2215 2135 2280 2184 de
2314 2129 2705 2198 magistratibus

1637 2216 1693 2261 et
1746 2212 2169 2275 procuratoribus
2228 2209 2475 2261 Caesaris:
2541 2209 2557 2236 ‘
2582 2208 2703 2259 Non

1636 2284 1800 2337 min'us
1819 2289 1910 2338 tali
1932 2289 2229 2354 largitione,
2250 2301 2400 2353 quam
2425 2284 2706 2350 corripien-

1636 2364 1715 2417 dis
1768 2367 2006 2430 pecuniis
2066 2366 2326 2429 subjectos
2381 2361 2703 2426 affligebant,

1636 2441 1758 2492 dum
1775 2457 1889 2509 quae
1908 2443 2124 2493 libidine
2144 2441 2494 2506 deliquerunt,
2504 2437 2704 2489 ambitu

1634 2509 2002 2587 propugnant!
2083 2517 2147 2569 Τὸ
2168 2518 2381 2582 libidine,
2404 2517 2459 2566 id
2481 2521 2585 2579 est,
2608 2530 2703 2566 sae·

1633 2598 1781 2662 vitia,
1816 2598 2064 2661 avaritia,
2089 2596 2299 2661 stupris,
2337 2592 2626 2657 adulteriis,
2648 2597 2707 2644 et

1634 2675 1749 2725 aliis
1770 2674 1822 2725 id
1846 2690 2008 2740 genus
2028 2673 2258 2738 flagitiis.

1699 2750 2080 2813 'Congu-nebat]
2112 2749 2201 2798 Sic
2222 2745 2518 2812 suffugium,
2536 2752 2591 2797 et
2612 2741 2705 2796 im-

1634 2826 1889 2891 punitatis
1907 2827 2076 2876 vicem
2101 2824 2199 2875 sibi
2218 2824 2546 2889 praeparabat
2565 2824 2615 2876 N
2619 2836 2699 2872 ar

1632 2902 1808 2953 cissus.
1865 2939 1870 2943 .

1704 2976 2025 3041 cong-ruebat]
2060 2977 2413 3042 Congruentia
2435 2983 2491 3028 et
2512 2980 2701 3042 cogna-

1636 3053 1778 3105 tione
1807 3052 2052 3104 vitiorum
2088 3055 2200 3119 jam
2242 3056 2384 3106 illum
2429 3053 2704 3104 adamabat

1635 3129 1811 3180 Nero:
1847 3144 1951 3180 non
1990 3131 2128 3196 quod
2166 3137 2369 3197 tempus
2407 3131 2588 3182 utendi
2610 3130 2702 3181 ho·

1632 3206 1780 3257 minis
1826 3206 2056 3258 moribus
2091 3213 2183 3257 aut
2221 3208 2406 3272 opibus
2445 3206 2703 3272 babuerit,

1636 3285 1735 3334 uisi
1775 3293 1898 3336 ante
1932 3287 2297 3351 principatum.
2365 3287 2500 3337 Nam
2522 3287 2702 3337 statim

1635 3361 1945 3414 interfectus
2015 3371 2098 3415 est
2165 3364 2460 3426 Narcissus,
2528 3354 2703 3414 occiso

1635 3439 1872 3504 Claudio,
1894 3446 1951 3491 et
1970 3441 2046 3490 ita
2074 3446 2344 3505 properato,
2375 3446 2434 3489 ut
2455 3440 2521 3489 ab
2551 3439 2703 3489 Sinu-

1634 3518 1829 3567 essanis
1851 3518 2000 3583 aquis
2021 3532 2125 3567 non
2158 3517 2375 3586 redierit
2407 3516 2459 3564 in
2496 3515 2724 3578 urbem‚·

1634 3594 1727 3644 sed
1751 3589 1824 3644 ibi
1846 3594 1976 3645 mori
2013 3600 2229 3645 coactus
2260 3593 2347 3644 sit.
2411 3590 2548 3643 Vide
2577 3591 2707 3641 Dio·

1630 3686 1768 3723 nem.
2397 3707 2400 3708 ν

1695 3748 1855 3809 Puto,
1875 3747 2014 3813 apud
2032 3748 2325 3798 Sinuessam
2350 3750 2572 3797 mortem
2595 3743 2699 3796 sibi

1627 3824 1937 3875 accersivit.
1993 3831 2054 3875 ut
2089 3840 2208 3874 mox
2238 3826 2254 3853 ‘
2279 3824 2588 3890 Tigellinus,
2612 3838 2698 3874 ac-

1630 3905 1785 3965 cepto
1821 3900 1972 3970 ‘apud
2014 3901 2348 3950 Sinuessanas
2395 3914 2573 3966 aquas,
2614 3913 2697 3949 su·

1631 3991 1823 4040 premae
1846 3977 2171 4029 necessitatis
2195 3977 2395 4039 nuntio,
2417 3977 2575 4025 vitam
2604 3974 2697 4025 foe-

1630 4052 1793 4113 davit,
1815 4052 1973 4103 etiam
1996 4053 2142 4103 exitu
2165 4054 2312 4105 sero?
2379 4054 2520 4104 Hist.
2544 4066 2587 4102 1.
2610 4056 2696 4103 72.

1694 4131 1711 4162 ⁸
1739 4131 1927 4180 Rarum
1945 4130 1998 4180 in
2016 4130 2262 4194 societate]
2316 4131 2488 4194 Vulgo
2506 4127 2620 4193 pari
2642 4130 2696 4178 in

1627 4204 1853 4282 societate
1863 4223 1885 4267 ,-
1933 4214 1991 4258 at
2025 4221 2130 4258 non
2167 4213 2428 4259 tentarem
2447 4206 2586 4260 hunc
2617 4205 2695 4255 ‘lo-

1676 4306 1703 4334 N
