3063 4952
1212 419 1279 468 C.
1324 413 1520 469 CORN
1533 418 1687 468 mat
1733 417 1991 470 'mern

498 399 678 478 2496

502 566 652 631 tis¹0
678 566 1214 650 noxpagebaturs
1295 564 1343 634 J
1345 565 1581 631 ulius¹¹
1615 562 2037 645 Montanus?
2073 566 2408 634 Senatorii
2434 568 2712 650 ordin‘m,

503 669 637 734 sed.
666 671 797 754 qui.
824 668 1117 735 nondum
1162 667 1489 736 honoremi
1517 670 1948 755 capessisset,
1979 689 2369 753 congressus
2396 670 2715 760 {intepet}

502 773 823 837 tenebras:
847 792 1004 838 cum
1051 773 1388 858 Principe,
1430 774 1593 858 quia
1620 773 1691 837 vi
1718 779 2211 837 attentantem¹²
2244 775 2483 839 acriter
2513 794 2713 858 repu-

501 875 697 955 lerat,
725 875 965 941 deinde
992 878 1333 960 agnitum¹³
1364 872 1729 957 oraverat,³'
1768 877 1959 962 quasi
1989 873 2516 961 exprobrasset}
2540 878 2715 946 mori

2388 426 2481 493 [A.
2503 427 2570 479 U.
2596 432 2713 480 sm.

503 1077 693 1139 quidam
716 1077 976 1127 Montanus
1000 1078 1226 1127 senatorii
1250 1076 1470 1140 fastigii,
1490 1078 1574 1127 sed
1594 1077 1675 1141 qui
1698 1076 1900 1133 nondum
1922 1074 2182 1136 dignitates
2212 1074 2424 1138 cepisset,
2445 1090 2552 1125 ciem
2575 1074 2715 1136 forte

500 1157 586 1210 per
606 1148 787 1191 noctem
808 1148 1032 1193 certasset
1049 1146 1268 1192 adversus
1290 1145 1547 1204 Caesarem,
1567 1143 1679 1205 quia
1699 1143 1793 1190 vim
1811 1140 2089 1200 inferentem
2109 1144 2295 1188 strenue
2315 1141 2581 1202 retuderat,
2601 1140 2715 1191 deizi

501 1209 739 1277 (agnitum
754 1215 1027 1286 rogaverat,
1050 1216 1108 1258 ut
1130 1216 1391 1274 parceret,
1412 1209 1539 1258 velut
1561 1208 1830 1269 vigies-taust
1852 1205 2124 1269 flagitium,
2143 1205 2264 1254 mori
2284 1211 2470 1255 coactus
2489 1211 2576 1278 est.
2640 1207 2714 1276 At

1425 1333 1784 1355 COOW‘N

502 1402 690 1468 inquit,
727 1400 888 1453 facies
912 1404 1107 1468 potius,
1143 1418 1294 1468 quam
1332 1402 1559 1453 carceris
1598 1400 1931 1452 custodiave.
1967 1400 2310 1452 Brotiere-ll
2345 1403 2507 1452 Julius
2527 1403 2715 1466 quidem

502 1469 776 1518 Montanus.
843 1470 929 1519 Ita
970 1470 1073 1518 Ms.
1114 1469 1249 1534 Reg.
1290 1477 1351 1518 et·
1381 1468 1637 1518 editiones
1659 1476 1879 1517 veteres.
1947 1467 2175 1530 Lipsius,
2196 1468 2413 1531 quidam
2449 1468 2586 1533 quod
2609 1474 2712 1517 non

500 1534 742 1583 convenit
766 1549 883 1583 cum
905 1535 1122 1584 hominis
1147 1534 1419 1599 dignitate.
1488 1531 1538 1582 Α
1563 1534 1693 1582 Mss.
1731 1532 1882 1581 Harl.
1918 1533 2066 1581 Bodl.
2103 1532 2215 1583 Jes.
2257 1533 2394 1583 Bud.
2434 1543 2489 1582 et
2529 1532 2713 1583 Guelf.

500 1598 669 1660 abest,
708 1600 891 1662 quidem
904 1616 924 1658 ,·
957 1607 1013 1648 et
1054 1600 1234 1649 abesse
1273 1604 1464 1663 potest.
1533 1598 1692 1647 Forte
1731 1598 1882 1662 liujus
1918 1596 2159 1647 Montani
2201 1605 2356 1660 pater
2396 1596 2498 1647 fuit
2539 1599 2712 1650 Julius

502 1664 803 1725 Montanus,
825 1665 1085 1714 tolerabilis
1098 1664 1258 1729 poeta,
1280 1669 1326 1712 et
1348 1663 1562 1712 amicitia
1591 1662 1773 1712 meria·
1795 1667 1931 1712 notus
1950 1668 1997 1711 et
2010 1661 2206 1724 frigore
2217 1678 2236 1719 ,·
2270 1663 2335 1711 de
2358 1676 2459 1727 qno
2493 1664 2715 1726 Seneca,

500 1729 602 1790 Ep.
624 1731 1054 1780 122..1dem.--12
1086 1730 1138 1781 J.
1164 1728 1455 1778 Gronovius
1479 1735 1536 1776 et
1561 1728 1875 1777 recentiores
1906 1742 1937 1775 e
1968 1728 2075 1780 Ms.
2099 1725 2228 1790 Agr.
2294 1728 2360 1777 In
2402 1728 2529 1776 Mss.
2570 1728 2715 1790 Flor.

502 1795 634 1855 Reg.
658 1793 794 1843 Bnd.
819 1801 874 1841 et
897 1792 1129 1843 editione
1163 1792 1421 1857 principe,
1441 1792 1521 1841 via
1541 1797 1862 1857 temptantem.
1928 1793 2059 1841 Mss.
2089 1792 2241 1841 Bodl.
2264 1792 2373 1843 Jes.
2401 1791 2580 1843 Guelf.
2602 1794 2713 1846 avia

496 1863 771 1909 tentantem.
822 1856 1158 1923 Puteolanus,
1180 1860 1278 1908 vim
1314 1862 1591 1911 tentantem.
1623 1859 1985 1909 utonem—13
2021 1859 2151 1923 Reg.
2174 1858 2341 1907 deinde
2372 1860 2717 1923 adurgiritum.

1492 1989 1709 2042 NOTAE

562 2091 585 2126 ⁸
621 2084 736 2134 Nox
765 2085 1016 2151 agebatur]
1078 2086 1376 2154 Mirumqne
1417 2103 1559 2154 gras-

496 2168 691 2210 satores
738 2169 888 2212 tanta
929 2165 1148 2214 audacia
1192 2165 1377 2229 egisse,
1421 2181 1559 2230 cum,

496 2246 632 2298 teste
656 2239 982 2303 Marcellino,
997 2243 1027 2289 .‘
1049 2242 1463 2305 pernoctantium
1488 2243 1563 2291 ln-

494 2316 690 2372 minum
712 2317 984 2386 claritudo,
1009 2319 1206 2368 dierum
1246 2319 1410 2369 soleat
1447 2319 1559 2368 imi-

497 2392 596 2442 tari
619 2392 874 2456 fulgorem
898 2395 1110 2446 Romae!
1141 2396 1308 2447 Aurei.

559 2470 661 2521 Sed
705 2472 827 2537 quid
869 2473 966 2524 hoc
1005 2473 1072 2523 ad
1113 2474 1401 2539 principem
1443 2480 1559 2525 tota

489 2547 704 2600 licentia
738 2550 940 2614 imperii
978 2552 1328 2615 grassantem?
1390 2552 1559 2603 Immo

492 2626 620 2680 illud
644 2629 814 2681 lumen
836 2635 1149 2693 pernoctans
1172 2628 1245 2677 sic
1279 2629 1559 2692 grassanti·

497 2704 592 2753 bns
613 2714 1056 2769 peropportunum
1072 2705 1170 2756 fuit
1188 2723 1200 2754 ε
1216 2707 1352 2755 etsie
1368 2705 1559 2755 sufficit

493 2781 556 2831 ad
581 2782 848 2831 commode
874 2783 1228 2846 grassandum,
1248 2797 1349 2831 nec
1384 2790 1557 2832 tamen

492 2860 617 2908 satis
641 2859 776 2917 uitet
811 2858 1149 2925 affulgetque,
1173 2866 1232 2909 ut
1265 2860 1440 2909 statim
1469 2874 1558 2923 ags

489 2944 775 2985 noscantur
811 2937 865 2984 in
903 2937 1021 2985 luce
1045 2937 1136 2985 illa
1160 2935 1478 2984 subobscura
1501 2942 1558 2985 et

490 3026 588 3073 per
610 3013 751 3063 vicos
772 3028 1007 3062 enormes
1029 3020 1086 3062 et
1124 3013 1378 3077 obliquos,
1399 3013 1557 3063 homi·

488 3102 598 3152 nes,
635 3090 722 3154 qui
744 3090 899 3139 alium
932 3089 1166 3140 habitum
1199 3097 1288 3139 aut
1318 3089 1556 3152 galericu-

486 3170 584 3218 tuns
604 3170 730 3233 capit
735 3170 752 3218 i
764 3168 1081 3232 adaptabant.

551 3247 755 3304 Sufficit
789 3256 961 3298 tamen
1002 3248 1068 3297 ad
1109 3246 1383 3297 commode
1418 3261 1557 3310 gras·

484 3324 718 3384 santium,
738 3339 832 3374 nec
857 3332 1030 3374 tamen
1046 3324 1169 3374 satis
1184 3323 1342 3372 micat
1362 3337 1426 3372 ea
1446 3323 1557 3385 lux,

486 3407 548 3448 nt
590 3403 733 3451 clare
786 3401 1125 3465 inspiciantur
1167 3400 1413 3461 homines,
1465 3400 1554 3465 qui

483 3480 636 3528 aliam
659 3494 936 3543 personam
965 3478 1186 3528 induunt
1219 3477 1271 3526 in
1307 3478 1384 3526 sui
1406 3477 1555 3527 dissi-

482 3557 835 3618 mulationem,
870 3563 924 3606 et
947 3559 1034 3621 qni
1071 3557 1235 3606 latere
1259 3562 1347 3606 aut
1370 3554 1555 3607 fallere

482 3633 665 3681 obvios
710 3632 891 3682 velint.
976 3630 1212 3682 Annexae
1254 3633 1357 3681 illae
1407 3631 1554 3683 faces

481 3706 731 3757 fenestris
785 3709 904 3758 olim
960 3716 1192 3773 tempore
1241 3710 1555 3761 Marcellini.

482 3785 560 3833 At
593 3783 728 3834 forte
750 3791 926 3834 tamen
950 3788 1103 3836 nullae
1124 3795 1278 3837 erant
1306 3802 1419 3838 aevo
1447 3790 1553 3839 Ne-¹

482 3860 640 3911 ronis.

498 3974 501 3977 -
548 3934 573 3974 ¹¹
602 3937 769 3989 Julius
787 3939 977 4003 quidam
1004 3941 1282 4007 Montanus]
1358 3942 1414 4007 Sj
1450 3957 1553 3991 me·

482 4015 647 4067 moria
684 4017 807 4065 mihi
840 4015 1008 4079 firma,
1049 4017 1207 4082 poeta
1244 4017 1452 4083 qnidam
1488 4034 1556 4069 eo

483 4092 688 4142 nomine
710 4095 849 4157 apud
874 4096 1121 4155 Senecam
1146 4101 1348 4160 patrem
1372 4095 1552 4145 lauda·

485 4171 757 4235 tuuf-Isim.
786 4200 792 4205 ⁴

546 4247 561 4279 ἰ
592 4248 687 4297 Sed
708 4248 1029 4317 qui-nondum*
1059 4248 1300 4314 honorem]
1364 4250 1552 4302 Sueto·

482 4325 596 4375 nius
655 4325 995 4376 Laticlavium
1048 4334 1236 4377 vocat:
1288 4335 1345 4378 tu
1401 4326 1550 4377 scito.

1637 2087 1778 2139 Ante
1800 2094 1857 2138 et
1874 2088 1969 2138 sub
1985 2088 2086 2138 hoc
2107 2102 2276 2138 aevum
2303 2101 2434 2152 mos,
2458 2092 2520 2137 nt
2554 2087 2715 2137 liberi

1607 2168 1941 2218 'Senatorum
1996 2167 2104 2216 lato
2164 2166 2314 2214 clavo
2365 2164 2712 2214 induerentur

1641 2256 1746 2291 una
1774 2256 1891 2291 cum
1917 2241 2054 2291 virili
2081 2250 2223 2307 toga,
2248 2241 2513 2306 cnriaeque
2548 2240 2713 2294 inter·

1640 2327 1831 2368 essent.

1705 2394 1791 2443 Ab
1816 2394 2048 2458 Augusto
2071 2394 2385 2457 institutum,
2420 2393 2508 2458 qui
2539 2393 2556 2422 ‘
2577 2392 2709 2442 libe·

1638 2473 1707 2524 ris
1726 2478 2041 2535 senatorum,
2074 2488 2173 2537 quo
2210 2472 2427 2523 celerius
2449 2469 2606 2535 Reip.
2632 2486 2712 2520 as-

1639 2558 1959 2612 suescerent,
1975 2550 2211 2613 protinus
2231 2549 2364 2598 virili
2384 2556 2520 2611 togae
2544 2549 2710 2605 latum

1638 2630 1843 2679 clavum
1882 2628 2127 2678 inducere
2164 2634 2221 2675 et
2256 2627 2416 2675 curiae
2447 2626 2709 2673 interesse

1638 2705 1907 2771 permisit.'
1939 2705 1985 2752 Α
2008 2719 2106 2770 quo
2127 2716 2270 2753 more
2294 2700 2551 2751 Ovidius:
2589 2703 2605 2729 ‘
2624 2700 2711 2750 Li-

1639 2782 1811 2831 berior
1832 2780 1982 2830 fratri
2007 2786 2176 2830 sumta
2192 2777 2421 2842 mihique
2446 2784 2574 2840 toga
2595 2784 2675 2826 est
2692 2792 2709 2827 t

1636 2858 1978 2922 Induiturque
2021 2856 2247 2906 humeris
2279 2870 2400 2905 cum
2440 2855 2548 2904 lato
2588 2869 2712 2918 pnr-

1638 2950 1768 2999 pura
1803 2933 1987 2984 clavo!
2055 2934 2221 2983 Iidem
2261 2948 2384 2996 ergo
2418 2931 2710 2989 Luticia-ii:

1634 3012 1791 3063 iidem
1845 3011 2177 3076 capessendis
2227 3010 2506 3061 honoribus
2551 3009 2711 3062 desti·

1635 3090 1764 3141 nati.
1831 3090 2029 3140 Noster
2052 3089 2086 3138 1.
2108 3101 2227 3137 xlv.
2260 3088 2530 3137 ‘Valerius
2554 3085 2711 3137 Fabi·

1637 3182 1765 3217 anus
1799 3166 2126 3230 capessendis
2158 3165 2437 3216 honoribus
2477 3165 2714 3222 destinae

1637 3244 1757 3295 tus!
1824 3246 2023 3295 Statius
2040 3259 2129 3294 nr.
2159 3245 2464 3309 Sylvarum2
2494 3246 2510 3272 ⁴
2530 3246 2718 3299 Notus·

1635 3321 1802 3371 adhuc
1825 3330 2027 3372 tantum
2058 3323 2268 3387 majoris
2291 3337 2507 3373 munere
2530 3323 2710 3375 clavi.'.

1635 3398 1742 3449 Alii
1779 3407 1901 3450 sunt
1939 3400 2136 3450 Tribuni
2157 3401 2407 3463 laticlavii,
2429 3399 2495 3450 de
2516 3401 2708 3466 quibus

1634 3477 1747 3527 baec
1780 3492 1881 3527 non
1906 3479 2074 3543 capio.
2136 3478 2307 3530 Julius
2340 3494 2466 3544 ergo
2493 3480 2715 3531 Monta«

1633 3570 1728 3604 nus
1769 3555 2031 3606 Senatorii
2067 3556 2274 3620 quidem
2318 3557 2441 3621 loci,
2477 3558 2587 3607 sed·
2615 3558 2710 3624 qui

1633 3633 1994 3695 magistratum
2032 3635 2198 3685 adhuc
2236 3636 2436 3684 nullum
2460 3621 2716 3699 cepisset,

1633 3717 1690 3760 et
1712 3717 1913 3761 tantum
1936 3712 2245 3764 laticlavius.
2277 3714 2489 3778 Lipsius.

1700 3786 1800 3841 Qui
1819 3789 2022 3837 nondum
2038 3788 2278 3852 honorem]
2343 3791 2504 3840 Forte
2538 3793 2718 3858 scrip-t

1633 3869 1791 3926 serat,
1809 3864 2031 3914 honores.-
2065 3878 2184 3915 nam
2208 3866 2282 3916 sic
2306 3866 2431 3915 alibi
2452 3869 2710 3932 Tacitus;

1631 3955 1731 3990 nec
1751 3941 1888 3989 enim
1910 3942 1962 3990 id
1987 3943 2053 3991 de
2077 3943 2271 3994 honore
2293 3945 2562 3996 senatorio
2584 3948 2713 4013 capi

1632 4016 1815 4080 debet,
1837 4020 1927 4070 sed
1950 4019 2017 4070 de
2037 4021 2319 4071 honoribus
2343 4024 2525 4087 populi
2551 4026 2709 4075 Rom.

1631 4108 1730 4143 nec
1766 4098 2030 4145 unnim-ius
2067 4098 2210 4151 honos,
2247 4099 2441 4148 dicitnr
2463 4101 2716 4166 praecise,

1633 4170 1727 4223 sed
1750 4174 1863 4241 ovio
1880 4174 2161 4230 senatorius.
2227 4176 2315 4225 Sic
2339 4174 2505 4228 infraz
2543 4180 2714 4230 ‘non-

1632 4245 1756 4295 dum
1775 4248 2054 4301 honoribus
2075 4247 2345 4302 functum?

1660 4353 1670 4363 -
1689 4321 1724 4378 2-
1740 4325 1933 4382 Deinde
1949 4326 2169 4393 agnitu-m
2183 4328 2434 4394 oraverat]
2474 4331 2718 4390 wdetun.
