3063 4952
338 454 612 523 s.0.3.]

1055 448 1468 499 sinuatam!
1517 442 1665 497 Lm
1712 448 1845 498 XV.
1922 520 1925 523 Ἴ

2381 428 2561 503 1921

342 596 659 675 diffisum,
687 597 1019 662 victurum
1044 600 1267 660 tumen
1299 593 1530 672 fuisse,
1579 594 1642 659 si
1686 595 2095 664 clementiam
2140 595 2395 682 judicis
2441 617 2561 663 ex·

343 699 736 786 pectassetss

434 805 549 870 36.
596 803 748 868 Nec
775 803 982 867 multo
1010 805 1185 884 post,
1217 800 1469 864 omissa
1502 801 1572 865 in
1611 818 1914 885 praesens
1943 797 2258 879 Achaia,¹
2302 805 2560 880 (causae

345 909 422 973 in
449 910 729 972 incerto¹
759 902 973 987 fuere)
995 904 1225 967 urbem
1251 905 1523 985 revisit3
1563 905 1948 989 provincias
1978 902 2324 983 Orientis}
2352 908 2567 971 maxi·

346 1031 459 1077 me
488 1011 904 1094 AEgyptum‚¹
932 1007 1206 1072 secretis
1240 1009 1850 1090 imaginationibns²
1878 1008 2195 1092 aguam·

2278 1009 2563 1074 Dehinc³

350 1174 583 1234 dentem,
607 1174 914 1222 incolumem
937 1178 1114 1221 tamen
1135 1171 1388 1236 futurum,
1409 1172 1452 1221 si
1469 1173 1742 1223 lenitatem
1760 1173 2013 1238 principis
2036 1172 2266 1238 opperiri
2283 1176 2548 1226 voluisset.

422 1241 495 1288 Et
510 1240 652 1303 pal·
665 1244 775 1303 post
793 1239 961 1287 relicta
981 1239 1044 1286 ad
1061 1251 1271 1300 presens
1299 1209 1505 1299 Ae’hda,
1531 1241 1651 1301 (cur
1680 1238 2016 1303 relinqueret,
2037 1254 2191 1288 cause
2211 1255 2303 1288 noa
2322 1247 2571 1305 comperta

348 1304 509 1369 mg)
549 1303 2307 1368 Romredsststegiomoriatncmmimionibuagum,
2333 1308 2571 1371 precipue

1284 1429 1405 1449 om
1407 1430 1644 1450 ‘W‘

423 1519 453 1564 1
494 1514 642 1563 Ceus.
661 1512 1112 1573 interfoefuereed.
1136 1515 1317 1577 p.r—2
1352 1509 1417 1560 In
1452 1511 1553 1560 Ms.
1574 1512 1690 1576 Reg
1692 1512 2186 1564 ,nahmi-nibus.-
2220 1523 2276 1565 at
2297 1515 2572 1567 voxobelo

355 1584 572 1630 notata.
610 1594 722 1628 eam
748 1588 920 1629 tamen
945 1527 1241 1654 probabant
1264 1577 1485 1628 Ursinus
1506 1585 1564 1626 et
1584 1578 1845 1629 Muretus.

1430 1643 1728 1707 Rhenanus,
1743 1645 1975 1694 deiru—4
2007 1645 2073 1695 In
2097 1647 2227 1695 mss.
2252 1645 2403 1696 Harl.
2425 1647 2578 1697 Bodl.

354 1648 459 1693 -3
493 1646 582 1694 Sic
606 1645 734 1695 Mss.
773 1653 828 1694 et
861 1652 1070 1694 veteres
1090 1643 1365 1694 editiones.

1906 1577 1970 1628 In
2001 1580 2107 1629 Ms-
2128 1581 2241 1632 Jes.
2263 1581 2573 1641 ini-genibus.

1354 1775 1572 1825 NOTAE

430 1890 519 1939 Ex
539 1891 691 1955 more]
725 1892 848 1941 Non
884 1892 1049 1941 solnm
1080 1892 1240 1957 ipsius
1266 1893 1432 1943 Nero·

361 1967 464 2028 nis,
509 1967 600 2016 sed
654 1975 710 2017 et
754 1969 1077 2031 superiorum
1122 1970 1433 2034 principum,

361 2044 559 2095 Tiberii
584 2050 641 2094 et
658 2045 790 2107 Caii,
810 2044 896 2111 qui
919 2053 1191 2112 postquam
1213 2046 1434 2111 optimos

363 2121 510 2171 cives
529 2120 951 2172 interfecissent:
987 2123 1062 2172 sic
1099 2124 1315 2173 mortuis
1347 2122 1435 2173 ad-

359 2197 465 2249 hnc
504 2198 808 2261 illudebant,
841 2200 1312 2265 conscientiamque
1350 2214 1436 2263 ge·

361 2272 508 2325 'neris
548 2274 777 2340 humani,
798 2284 855 2325 et
891 2276 1035 2339 leges
1075 2277 1217 2339 ipsas
1249 2281 1433 2341 aperte

365 2351 701 2402 deridebant.

432 2434 459 2460 ¹
496 2429 687 2479 Omissa
739 2430 794 2480 ia
842 2445 1050 2495 presens
1099 2431 1310 2497 Achaia]
1370 2432 1436 2483 In

367 2520 526 2572 quam
550 2507 798 2557 cantandi
816 2524 972 2558 causa
985 2508 1100 2571 ivit,
1117 2516 1172 2559 et
1191 2510 1435 2562 libertate

367 2598 485 2633 eam
530 2583 766 2648 donavit,
806 2585 883 2634 uti
931 2586 1204 2636 Suetonius
1245 2588 1436 2653 aliique

368 2657 656 2711 tradidere.
724 2661 865 2710 Illud
907 2661 1182 2712 Pausaniae
1231 2663 1438 2727 mirum,

368 2738 406 2788 1.
434 2751 541 2787 vn.
562 2739 579 2767 ‘
600 2739 863 2788 Neronem
900 2737 1122 2788 Graeciae
1142 2738 1438 2789 libertatem

370 2814 686 2876 reddidisse,
721 2815 831 2864 sine
871 2815 980 2863 ullo
1029 2815 1235 2878 imperii
1279 2815 1439 2866 detri-

347 2898 582 2942 -1nentoz
633 2891 875 2956 quoniam
917 2906 1014 2955 pro
1051 2906 1116 2941 ea
1153 2891 1439 2941 Sardiniam

370 2969 704 3034 praedivitem
728 2969 976 3018 insulam'
962 2984 1016 3017 ιιι
1037 2970 1315 3032 provincie
1335 2968 1441 3021 for-

372 3059 511 3093 mam
537 3043 834 3110 redegerit!

443 3120 712 3182 Aberrat;
747 3128 804 3171 et
840 3121 1062 3185 intelligi
1084 3122 1245 3172 voluit
1279 3121 1444 3187 Alpes

375 3197 677 3261 Coctianas,
710 3213 824 3262 quae
848 3199 970 3247 solae
993 3213 1111 3248 cum
1132 3199 1304 3249 Ponto
1342 3201 1445 3250 Po·

375 3274 687 3338 lemoniaco,
723 3276 775 3324 in
816 3276 1136 3340 provinciam
1168 3291 1201 3324 a
1231 3276 1444 3327 Nerone

376 3351 629 3401 redactae.
694 3352 932 3401 Sardinia
954 3351 1183 3416 quidem,
1201 3367 1307 3402 una
1327 3368 1445 3404 cum

376 3426 578 3490 Sicilia,
602 3428 772 3492 prima
793 3428 1193 3492 provinciarum.

446 3505 738 3569 Interpreti
771 3507 1004 3556 hercules
1041 3520 1342 3571 succenseo,
1368 3507 1449 3572 (et

377 3581 428 3632 si
447 3580 556 3631 fido
578 3582 706 3631 alias
732 3588 788 3631 et
821 3582 1002 3647 docto,
1021 3583 1271 3632 Romulus
1294 3583 1452 3640 Ama·

378 3671 516 3706 aaeus
539 3656 646 3722 est)
684 3659 772 3722 qui
812 3673 894 3708 me
928 3666 989 3708 ut
1031 3660 1222 3724 injuste
1255 3660 1453 3732 Pausa·

378 3733 522 3783 niam
566 3749 858 3797 arguerem,
897 3733 1046 3785 fecit.
1113 3735 1250 3786 Nam
1282 3737 1451 3801 ipsum

381 3811 580 3862 Graece
602 3825 770 3875 nuper
793 3811 991 3862 editum
1013 3827 1127 3863 cum
1150 3813 1255 3863 vidi
1272 3814 1456 3880 (antea

381 3903 652 3953 nunquam
689 3888 788 3938 suit
825 3888 1000 3954 copia)
1045 3891 1206 3961 {rerba
1246 3891 1356 3956 eJus
1398 3891 1454 3940 in
1506 3899 1512 3906 “

384 3965 543 4014 aliam
572 3965 907 4027 senteutiam,
939 3966 1052 4015 baec
1093 3967 1293 4031 reperi:
1339 3969 1455 4018 Om-

383 4041 518 4089 nium
534 4042 786 4089 immunem
813 4045 859 4089 et
882 4041 1077 4090 liberam
1101 4044 1233 4093 Nero
1261 4044 1456 4108 reliquit

390 4115 658 4179 Graecim,
705 4118 1054 4181 permutatione
1104 4123 1306 4183 quadem
1352 4137 1459 4170 cum

381 4194 557 4262 populo
583 4193 797 4243 Romam
807 4193 965 4255 facta.
1031 4195 1305 4246 Sardiniam
1333 4198 1458 4247 enim

387 4271 595 4321 insnum
620 4269 805 4323 beatam
843 4277 890 4322 et
926 4272 1129 4338 abacta,
1154 4290 1243 4339 pro
1265 4276 1460 4325 Groect'a

393 4346 442 4396 ei
462 4346 716 4398 attribuit.

1576 1891 1662 1943 Ita
1693 1894 1864 1958 palam
1889 1893 1987 1943 lati
2008 1893 2199 1944 erroris
2219 1893 2356 1943 illius
2382 1894 2580 1943 Pausa·

1510 1971 1626 2019 nias
1647 1970 1930 2021 liberatur:
1969 1972 2060 2036 qui
2096 1986 2200 2022 non
2235 1971 2335 2020 boc
2367 1971 2498 2034 vult,
2519 1977 2581 2021 nt

1510 2047 1752 2097 Sardinia
1790 2054 1915 2097 tunc
1952 2048 2159 2099 demum
2201 2048 2469 2112 provincia
2512 2047 2582 2097 sit

1513 2122 1687 2175 facta:
1739 2140 1845 2176 non
1885 2126 2145 2189 hercules,
2183 2140 2285 2176 non
2305 2142 2320 2173 z
2382 2124 2477 2173 sed
2520 2130 2584 2174 nt

1514 2216 1633 2251 cum
1656 2202 1849 2265 populo
1872 2209 2183 2266 permutata.

1582 2277 1704 2326 Hoc
1729 2284 1904 2328 tamen
1943 2280 2111 2343 ipsum
2133 2291 2200 2326 an
2223 2279 2384 2328 vere?
2420 2278 2583 2327 ambi·

1514 2369 1606 2418 gas
1636 2355 1788 2419 jure:
1824 2356 1948 2420 qnia
1981 2355 2171 2406 Strabo
2209 2355 2344 2405 libro
2378 2353 2582 2415 ultimo,

1514 2438 1572 2481 et
1604 2431 1705 2482 Dio
1740 2445 1859 2482 nu.
1903 2431 2195 2483 Sardiniam
2231 2430 2344 2495 jam
2384 2430 2506 2480 inde
2551 2446 2585 2480 a

1517 2510 1686 2573 prima
1740 2509 1993 2560 divisione
2038 2508 2281 2573 Augusti,
2329 2508 2588 2559 collocant

1515 2585 1655 2635 inter
1687 2585 1986 2650 populares.
2050 2584 2204 2637 Quod
2244 2583 2288 2632 si
2328 2590 2584 2634 mutatum

1517 2676 1550 2710 a
1571 2662 1754 2712 mediis
1773 2661 2098 2727 principibus
2118 2678 2134 2722 ς
2159 2660 2382 2710 Dionem
2399 2660 2454 2708 id
2480 2674 2586 2710 non

1516 2738 1794 2801 monuisse,
1814 2737 2051 2803 protecto
2070 2736 2254 2786 mirum
2277 2742 2376 2786 est.
2429 2735 2567 2800 lips.

1583 2822 1607 2857 1
1630 2813 1911 2864 Provincias
1932 2811 2169 2876 Orientis]
2188 2813 2336 2863 Suet.
2356 2812 2485 2863 Ner.
2501 2815 2588 2862 40.

1519 2890 1537 2918 ‘
1559 2888 1971 2954 spoponderunt
2002 2896 2177 2939 tamen
2198 2887 2409 2953 quidam
2431 2887 2591 2938 desti·

1520 2974 1638 3018 tuto
1660 2966 1874 3017 orientis
1914 2965 2327 3029 dominationem,
2357 2964 2592 3015 nonnulli

1520 3043 1825 3095 nominatim
1850 3058 2067 3109 regnum
2097 3042 2594 3112 Hierosolymorum,

1523 3127 1700 3191 plures
1737 3124 1902 3173 omnis
1925 3123 2162 3188 pristinae
2185 3120 2408 3173 fortune
2430 3121 2594 3171 domi-

1523 3200 1822 3250 nationem}
2035 3240 2047 3251 .

1591 3277 1722 3328 Ideo
1747 3276 1956 3327 occulta
1978 3289 2090 3339 spe,
2116 3289 2208 3323 seu
2231 3272 2450 3323 secretis
2470 3271 2595 3321 ima-

1525 3353 1872 3419 ginationibus
1896 3365 2153 3414 occupare
2169 3358 2226 3399 et
2250 3349 2350 3399 sibi
2372 3347 2597 3399 obstrin-

1529 3444 1656 3494 gere
1697 3430 1829 3479 tales
1869 3419 2166 3493 provincias
2207 3424 2470 3486 studebat,
2499 3438 2596 3487 per

1530 3505 1802 3556 Chaldaeos
1820 3512 1876 3554 et
1900 3502 2308 3553 Mathematicus
2331 3500 2597 3550 incitatus.

1597 3584 1669 3633 Et
1689 3590 1836 3633 certe
1860 3580 2044 3631 Parthi
2068 3595 2186 3630 cum
2210 3579 2452 3641 Oriente,
2475 3583 2598 3642 post

1531 3660 1821 3711 Tiridatem
1858 3659 2124 3710 Armeniae
2164 3657 2482 3722 impositum,
2501 3655 2601 3720 ipsi

1533 3737 1739 3787 omnino
1772 3735 2041 3798 favebant,
2065 3741 2122 3786 et
2142 3742 2265 3798 post
2297 3739 2519 3782 mortem
2541 3731 2600 3780 il·

1533 3814 1654 3877 lius,
1706 3813 1864 3863 etiam
1926 3812 2190 3876 juvabant
2247 3806 2602 3873 fovebantque

1537 3890 2050 3941 Pseudo-Neronem.

1605 3966 1847 4029 Orientis]
1880 3966 1996 4016 Lib.
2019 3978 2085 4013 11.
2108 3978 2157 4014 c.
2173 3967 2224 4013 9.

1602 4052 1623 4077 ²
1658 4042 1946 4108 AEg-yptm]
1998 4041 2138 4094 Quia
2175 4037 2467 4103 praesertim
2497 4050 2604 4086 mo-

1512 4122 1718 4172 -dulata
1779 4119 2248 4171 Alexandrinorum
2303 4114 2605 4166 adulatione

1539 4199 1790 4249 delinitus
1810 4195 2003 4247 fuerat.
2026 4196 2171 4245 Suet.
2194 4194 2323 4244 Ner.
2337 4197 2420 4244 20.
2441 4193 2456 4219 ‘
2472 4179 2608 4257 Cap·

1539 4266 1637 4325 tus.
1672 4281 1847 4325 autem
1902 4271 2184 4323 modulatis
2227 4268 2606 4319 Alexandrino·

1463 4391 1472 4398 .
1541 4346 1656 4403 rum
1685 4349 2086 4414 laudationibus,
2113 4343 2203 4414 qui
2224 4343 2292 4397 de
2313 4362 2449 4398 novo
2472 4361 2608 4398 com·
