3063 4952
522 411 699 485 18oe

1229 430 1296 481 Β.
1339 428 1711 481 connum
1756 427 2015 480 'raom

2406 435 2505 503 [A.
2524 436 2595 489 u.
2612 439 2728 489 sis.

521 578 544 631 .‘
565 574 703 660 jus³
733 579 1013 653 naturae,
1041 574 1308 641 labores
1334 573 1693 651 educandi,
1729 572 2058 639 adversus
2100 572 2407 641 fraudem
2438 581 2510 642 et
2553 582 2726 643 artes

519 682 586 741 et
611 678 995 742 brevitatem
1023 674 1421 760 adoptionis’
1464 683 1877 745 enumerant:
1925 681 1946 711 ‘
1977 678 2146 741 satis
2190 679 2388 763 pretii
2423 699 2577 743 esse
2624 699 2728 743 or·

518 777 678 858 bis‚⁸
705 778 885 863 quod
914 779 1127 845 multa
1153 779 1536 857 secmisate,
1564 780 1765 845 nullis
1810 779 2147 860 oneribus,
2183 782 2491 865 gratiam,
2530 782 2732 846 hono-

517 949 746 1008 matu,
766 951 1088 1009 recenseatque
1099 945 1191 1010 jus
1214 953 1410 995 naturae
1433 954 1486 995 et
1507 961 1660 996 curas
1684 945 1854 996 alendi
1879 945 2088 1009 liberos,
2108 952 2290 998 contra
2309 944 2414 1010 flag

2418 946 2567 997 itium
2592 945 2731 996 frau-

518 1009 717 1075 desque
752 1011 985 1060 brevium
1020 1011 1376 1075 adoptionum.
1411 1012 1573 1061 nimio
1610 1014 1727 1077 plus
1765 1013 1966 1076 premii
1996 1026 2115 1062 esse
2151 1012 2309 1075 orbis,
2329 1012 2469 1077 quod
2508 1012 2732 1076 plurima

518 1075 913 1143 tranquillitate,
932 1077 1085 1125 nullis
1120 1077 1531 1127 solicitudinibus
1553 1076 1807 1142 favorem,
1844 1078 2150 1143 dignitates,
2170 1078 2342 1130 omnia
2362 1075 2543 1128 facilia
2563 1084 2623 1128 et
2641 1092 2731 1128 ex·

1445 1218 1801 1240 OOOOO‘OOmO

517 1329 629 1379 nus,
651 1317 732 1381 qui
752 1332 942 1381 mma,
960 1324 1017 1368 et
1039 1318 1114 1368 sic
1152 1318 1528 1381 Gronoviusffl

515 1381 762 1433 nus.1n
806 1383 933 1432 Mss.
979 1383 1118 1433 Flor.
1155 1385 1292 1435 Bud.
1328 1386 1522 1434 adnati

1481 1319 1731 1385 Rekius,
1753 1328 1809 1373 et
1830 1322 2045 1388 Bipout.
2047 1325 2145 1372 -3
2180 1322 2262 1372 Sic
2294 1321 2494 1386 optime
2528 1321 2733 1372 Rhena-
2757 1342 2763 1347 ·

1650 1393 1851 1437 marne.
1916 1388 2020 1437 Ms.
2057 1387 2216 1438 Corb.
2251 1389 2546 1438 admittim-
2602 1388 2731 1437 Mss.
2792 1402 2797 1406 ·

518 1446 668 1498 Harl.
693 1447 808 1500 Jes.
833 1447 1011 1499 Guelf.
1047 1450 1339 1502 adeuntubi.
1391 1451 2012 1515 Puteolanus,udeuntibi
2049 1458 2436 1503 ueteranum.
2502 1450 2614 1502 Pro
2646 1453 2730 1513 J'es

1505 1599 1720 1650 NOTAE

580 1690 767 1755 Neque
798 1693 934 1742 enim
967 1693 1078 1744 orbi
1101 1693 1210 1742 sine
1232 1692 1410 1743 favore
1433 1709 1580 1747 seua·

510 1766 669 1830 torio,
692 1770 924 1832 quamvis
949 1784 1046 1834 per
1075 1768 1305 1819 fraudem
1341 1778 1577 1834 agerent.

511 1838 585 1891 Hi
608 1849 784 1907 patres
801 1860 915 1894 cum
929 1845 1128 1915 invidia
1147 1853 1202 1895 et
1224 1846 1578 1911 indignatione

510 1917 872 1982 loquebantur,
908 1927 967 1971 ut
989 1923 1201 1972 aliorum
1221 1929 1427 1987 patrum
1449 1923 1579 1972 invi·

512 1993 653 2044 diam
695 2010 787 2045 seu
835 1996 1239 2062 indignationem
1288 2012 1577 2048 commove-

513 2077 648 2135 rent,
671 2079 729 2121 ut
752 2086 808 2121 se
829 2073 1162 2124 audientibus
1180 2075 1398 2159 eundem
1424 2073 1580 2125 affec-

512 2152 626 2198 tum
644 2148 903 2198 inderent.

576 2228 602 2257 ⁸
632 2222 768 2274 Satis
793 2226 944 2290 pretii
964 2242 1063 2277 esse
1083 2227 1232 2292 orbis]
1281 2228 1442 2279 Forte
1463 2243 1579 2279 sen·

511 2315 597 2352 sus
639 2308 738 2366 est3
773 2304 893 2354 sutis
923 2305 1075 2368 pretii
1116 2320 1215 2354 esse
1254 2304 1401 2371 orbis,
1438 2306 1579 2371 quod

513 2378 689 2436 munia
737 2386 793 2429 et
847 2380 1067 2431 honores
1135 2389 1578 2447 assequerentur;

508 2453 654 2522 (nam
687 2455 801 2506 orbi
827 2457 982 2507 etiam
1016 2458 1268 2522 Rempub.
1298 2458 1577 2524 gerebant,

493 2539 567 2604 ‘et
591 2532 876 2597 dignitates
897 2534 1320 2600 adipiscebantur
1333 2534 1375 2598 ς)
1394 2536 1577 2602 sicque

508 2618 716 2678 patrum
740 2620 864 2664 vota
885 2614 1221 2679 adaequarent
1259 2615 1414 2667 nullis
1452 2630 1577 2666 oue·

509 2688 653 2740 ribus
671 2707 687 2751 ς
723 2695 778 2740 at
796 2691 1032 2756 patribus
1055 2692 1305 2756 promissa
1327 2693 1500 2758 legum
1521 2693 1577 2743 in

507 2765 793 2818 ludibrium
810 2769 961 2832 verti,
980 2769 1102 2819 dum
1118 2770 1232 2822 orbi
1253 2769 1397 2821 falsis
1415 2771 1577 2836 adop·

507 2842 754 2907 tionibus,
791 2846 935 2895 nulla
963 2846 1290 2897 solicitudine
1313 2854 1406 2897 aut
1428 2863 1576 2912 cura,

439 2950 447 2957 ·
505 2920 661 2984 longa
683 2928 889 2985 patrum
927 2930 1048 2973 vota
1088 2925 1446 2990 adaequarent,
1478 2925 1575 2975 im-

505 3010 591 3045 mo
613 3003 667 3065 et
690 2995 826 3047 forte
868 3013 1007 3063 saepe
1042 2998 1222 3050 debita
1244 3001 1382 3051 veris
1416 3001 1576 3064 patri-

507 3071 604 3124 bus
649 3073 864 3137 praemia
919 3076 1266 3140 praeriperent
1313 3077 1429 3128 orbi
1482 3078 1577 3141 illi,

505 3149 647 3200 nulla
700 3166 828 3201 cura
884 3153 1160 3204 liberorum
1232 3155 1576 3211 tollendorum

508 3233 600 3280 aut
623 3228 1030 3281 educandorum.

569 3303 646 3355 At
667 3307 778 3355 veri
803 3315 998 3371 patres,
1020 3309 1204 3375 quibus
1239 3311 1405 3359 multa
1435 3324 1579 3375 cura,

504 3395 610 3431 non
631 3380 938 3434 fruebantur
950 3386 1076 3449 jure
1101 3387 1254 3437 trium
1273 3386 1576 3450 liberorum,

506 3461 564 3505 ut
586 3458 933 3521 promiserant
956 3463 1116 3526 leges,
1133 3477 1301 3529 neque
1324 3461 1573 3527 praefere-

505 3529 696 3585 bantur
733 3535 891 3599 orbis,
929 3543 988 3586 ut
1027 3538 1143 3602 lege
1186 3547 1395 3588 cautum
1435 3547 1572 3604 erat,

503 3615 721 3673 propter
761 3610 874 3662 illas
911 3611 1067 3663 falsas
1108 3614 1364 3680 fictasque
1409 3616 1570 3681 adop·

503 3683 691 3748 tiones,
732 3687 915 3751 quibus
954 3704 1008 3738 se
1052 3691 1298 3753 tegebant
1342 3690 1474 3756 orbi,
1514 3697 1572 3740 et

504 3774 716 3826 quarum
737 3763 913 3827 specie
945 3763 1236 3818 illudebant
1268 3767 1489 3832 Reipub.
1513 3774 1571 3818 et

501 3836 734 3903 legibus;
773 3847 830 3891 et
851 3841 1013 3904 magis
1038 3842 1172 3892 veris
1209 3844 1463 3908 patribus,
1480 3845 1570 3910 qui

501 3923 781 3984 propterea
817 3916 901 3967 bic
931 3917 1057 3982 jure
1080 3928 1387 3984 queruntur,
1411 3929 1467 3979 et
1488 3937 1570 3974 se·

500 3985 943 4048 hatusconsultum
984 3997 1267 4059 postulant,
1305 4013 1408 4063 quo
1450 3998 1571 4048 talis

500 4068 747 4133 iniquitas
771 4070 825 4119 in
849 4075 1109 4134 posterum
1134 4072 1452 4128 cohibeatur.

549 4183 552 4186 -
568 4146 702 4197 Orbi
716 4146 892 4212 igitur,
909 4156 969 4199 ut
986 4156 1134 4214 puto,
1156 4150 1571 4212 poterantetiam

502 4223 753 4291 consequi
776 4224 1075 4290 dignitates,
1108 4227 1200 4278 sed
1236 4228 1282 4277 si
1320 4226 1573 4291 competi-

502 4304 646 4351 tores
667 4307 847 4367 patres
865 4302 1138 4370 baberent,
1155 4311 1266 4360 tum
1287 4314 1468 4371 patres
1487 4319 1571 4381 οῖς

1658 1696 1740 1747 bis
1776 1697 2209 1761 praeferebantur.
2274 1697 2402 1747 Veri
2435 1698 2600 1761 igitur
2638 1710 2729 1761 pa·

1659 1780 1768 1825 tres
1804 1776 2006 1841 dicunt,
2043 1777 2165 1827 satis
2201 1775 2361 1841 pretii
2405 1790 2522 1825 esse
2568 1774 2731 1837 orbis,

1658 1850 1798 1915 quod
1833 1843 1915 1901 illi
1958 1858 2173 1917 possent
2216 1851 2437 1916 adipisci
2481 1851 2727 1913 bonores,

1658 1928 1814 1978 etiam
1853 1929 1898 1978 si
1935 1930 2101 1980 nullos
2139 1928 2330 1979 liberos
2363 1927 2619 1979 tollerent
2640 1934 2730 1977 aut

1658 2005 1966 2067 educarent,
2018 2013 2076 2056 et
2122 2006 2355 2070 iniquum
2409 2017 2544 2065 esse,
2588 2000 2727 2068 quod

1658 2082 1794 2144 orbi,
1814 2081 1956 2131 falsis
1978 2081 2358 2146 adoptionibus,
2375 2093 2527 2129 veros
2550 2085 2729 2144 patres

1659 2158 2003 2209 excluderent
2025 2165 2081 2209 et
2101 2156 2447 2209 ludificarent-

1724 2236 1860 2286 Βατία
1875 2235 2049 2300 pretii]
2073 2236 2358 2302 Plusquam
2379 2234 2506 2284 satis
2524 2230 2729 2298 praemii

1661 2328 1777 2363 esse
1799 2313 1956 2377 orbis,
1986 2313 2122 2378 quod
2154 2312 2309 2363 nullis
2341 2309 2594 2363 oneribus
2626 2323 2729 2359 ma-

1661 2388 1914 2452 trimonii,
1971 2388 2471 2454 educationibusque
2539 2385 2727 2436 libero-

1659 2483 1793 2529 rum,
1844 2468 2064 2519 honores
2129 2467 2516 2534 dignitatesque
2569 2462 2727 2516 facile

1659 2542 2102 2609 adipiscerentur:
2136 2545 2296 2595 etiam
2332 2542 2374 2592 si
2406 2540 2545 2592 fictis
2566 2540 2726 2604 adop·

1656 2620 1884 2672 tionibus
1905 2635 2005 2671 non
2027 2626 2332 2685 arreperent
2352 2619 2579 2683 Reipub.

1725 2695 1892 2760 Orbis]
1930 2697 2093 2761 Orbis,
2121 2696 2258 2747 forte
2278 2695 2369 2760 qui
2402 2708 2528 2749 vere
2567 2695 2731 2759 adop·

1658 2781 1850 2837 tarent,
1889 2781 1944 2824 et
1985 2773 2094 2824 sine
2133 2772 2460 2823 simulatione
2504 2772 2632 2833 ulla,
2673 2777 2730 2821 et

1656 2852 1746 2917 qui
1769 2851 1963 2915 adepta
1979 2851 2137 2902 etiam
2161 2849 2418 2914 dignitate
2448 2848 2728 2912 adoptivos

1653 2927 1788 2978 filios
1809 2942 1913 2977 non
1934 2926 2342 2990 emanciparent.
2422 2923 2634 2974 Talibus
2651 2937 2730 2973 or-

1657 3003 1736 3054 bis
1770 3017 1956 3067 nempe
1995 3002 2121 3053 satis
2160 3000 2380 3067 praemii,
2415 2999 2556 3065 quod
2587 3001 2728 3062 longa

1656 3093 1894 3129 verorum
1919 3084 2114 3143 patrum
2148 3083 2259 3129 vota
2293 3083 2486 3143 repente
2506 3079 2731 3141 adaquas

1651 3160 1775 3206 rent.

1723 3234 1910 3297 Neque
1937 3246 2058 3281 vere
2088 3230 2401 3295 adoptantes
2422 3230 2730 3281 muneribus

1656 3309 1875 3373 exclusi,
1897 3308 2029 3360 infra
2052 3309 2235 3359 eodem
2268 3323 2391 3372 capo
2406 3308 2499 3357 sed
2522 3313 2730 3358 tantum

1656 3387 1898 3437 simulata
1918 3386 2131 3450 adoptio
2164 3386 2362 3449 rejecta
2385 3391 2486 3435 est.
2556 3384 2730 3449 Igitur

1653 3465 1779 3515 satis
1819 3479 2061 3528 magnum
2094 3463 2318 3528 pretium
2353 3476 2469 3511 esse
2490 3460 2656 3526 orbis,
2676 3475 2729 3510 e»

1653 3542 1823 3591 tiamsi
1844 3556 1964 3591 vere
1984 3541 2334 3606 adoptarent;
2370 3541 2531 3589 etiam
2555 3539 2600 3589 si
2625 3553 2729 3592 nou

1650 3619 1907 3685 fingerent
1947 3618 2288 3683 adoptiones;
2336 3619 2513 3684 sicque
2549 3617 2730 3681 legum

1652 3699 1904 3762 promissa
1924 3697 1976 3746 in
1999 3697 2282 3747 ludibrium
2306 3703 2598 3748 verterent.

1717 3775 1926 3839 Quippe
1964 3781 2117 3838 turpe
2153 3772 2257 3823 fuit
2296 3773 2488 3823 talibus
2510 3772 2728 3837 figmens

1651 3851 1738 3914 tis,
1775 3866 1922 3900 veros
1964 3857 2139 3914 patres
2183 3850 2450 3913 deludere,
2495 3849 2729 3915 ipsisque

1651 3928 1856 3979 debitas
1874 3928 2261 3994 destinatusque
2284 3921 2568 3992 dignitates
2593 3944 2728 3992 prae-

1650 4006 1840 4069 ripere,
1861 4013 1916 4055 et
1948 4006 2024 4056 sic
2048 4006 2336 4056 deridendo
2359 4005 2727 4077 eludendoque

1650 4083 1813 4146 leges,
1849 4082 2014 4145 ipsam
2052 4083 2312 4147 Rempub.
2352 4081 2571 4148 ejusque
2609 4096 2730 4148 pro-

1650 4159 1804 4208 missa
1827 4156 2088 4210 frustrari.
2706 4181 2709 4186 ·

1716 4234 1853 4283 Satis
1868 4235 2021 4298 pretii
2036 4234 2156 4299 esse]
2178 4237 2426 4299 Vertuut,
2442 4203 2593 4299 quasi
2611 4250 2724 4285 sen·

1647 4325 1737 4374 sus
1769 4311 1858 4376 sit,
1889 4312 2136 4396 plusquam
2158 4313 2282 4366 satis
2318 4312 2479 4376 pretii
2504 4327 2616 4368 esse
2641 4327 2721 4370 ore
