3063 4952
329 389 396 487 J‘f
416 384 635 493 etse}

1013 389 1427 475 smmum«
1478 426 1625 476 mu.
1671 428 1849 477 xm.

2369 411 2546 480 1485

1314 659 1321 666 ‘
1331 651 1549 705 NOTAE

328 773 407 834 nie
442 791 778 836 accusatores
807 783 1154 851 insurgerent,
1177 799 1293 837 cum
1331 800 1400 836 ne

327 876 460 922 nunc
484 861 698 928 quidem
723 861 914 928 desint,
935 878 999 914 ea
1028 865 1247 915 crimina
1268 865 1401 929 obji-

328 938 547 1003 cientes,
586 939 776 1004 quibus
821 942 886 992 ab
929 941 1223 1007 imperante
1276 944 1398 1007 alio,

327 1025 520 1083 prater
542 1018 726 1084 filium,
747 1034 851 1070 non
875 1020 1187 1072 absolverer.

383 1094 573 1146 Talem
609 1112 680 1146 ex
700 1099 797 1147 bac
835 1096 1145 1162 Agrippinas
1165 1098 1397 1148 oratione

325 1171 529 1225 sensum
555 1175 745 1225 elicuit
776 1176 1077 1226 Franciscus
1098 1177 1399 1241 Venturius,

321 1238 670 1314 tritissimum,
692 1253 745 1303 ui
768 1253 939 1304 fallor.
972 1254 1197 1304 Pichenu.

322 1379 329 1386 .
382 1330 649 1391 Primum,
678 1347 780 1382 nou
815 1339 895 1382 est
931 1332 1015 1382 hic
1054 1332 1292 1396 ponenda
1321 1333 1398 1381 in-

326 1411 616 1474 terrogatio
643 1417 763 1474 post
789 1424 964 1459 vocem
992 1413 1225 1473 poteram,
1261 1410 1396 1474 quod

318 1473 497 1551 Lipsio
521 1487 715 1537 visum.
775 1488 895 1537 Non
919 1488 1056 1536 enim
1078 1486 1284 1552 quaerit,
1305 1487 1397 1538 sed

322 1563 469 1626 plane
513 1561 761 1627 affirmat,
795 1564 1027 1627 potuisse
1049 1577 1105 1612 se
1127 1563 1320 1625 vivere,
1341 1570 1399 1614 et

324 1627 525 1704 ouidem
551 1647 688 1703 tuto,
711 1641 754 1691 si
786 1641 1120 1691 Britannicus
1156 1641 1221 1690 ad
1240 1641 1400 1705 impe-

323 1718 448 1767 rium
474 1719 744 1778 venisset;
790 1718 980 1783 quippe
1004 1733 1119 1783 quae
1143 1718 1397 1767 nullorum

323 1790 543 1844 offensas
565 1794 740 1845 adhuc
760 1794 814 1844 in
838 1810 893 1844 se
916 1796 1245 1845 concitasset.
1301 1792 1400 1844 At·

319 1861 418 1937 'que
458 1863 932 1934 obiter'osteudit,
956 1870 1091 1937 quod
1123 1869 1398 1935 imperium

323 1941 383 1996 ad
412 1949 687 1999 Neronem
710 1949 1053 2011 transtulerit,
1074 1963 1175 1997 non
1199 1947 1299 1997 sibi
1324 1961 1400 2011 se,

323 2025 408 2074 sed
433 2027 645 2077 Neroni
669 2027 773 2076 filio
794 2027 1114 2092 praestitisse.

251 2111 257 2116 '
324 2093 349 2108 ²
375 2093 576 2154 'Sensus
602 2119 731 2169 ergo
749 2112 857 2155 est:
881 2106 935 2154 Si
955 2103 1222 2155 Rubellius
1239 2103 1397 2153 Plau-

318 2186 415 2243 tus‚
437 2188 533 2231 aut
558 2183 678 2248 quis
718 2182 864 2245 alius,
898 2183 1041 2231 nulla
1065 2196 1145 2230 me
1170 2175 1398 2230 necessi-

323 2258 499 2309 tudine
524 2259 859 2321 contingens,
875 2260 1146 2322 imperium
1163 2257 1400 2320 invadat,

320 2325 513 2385 etcum
534 2336 759 2400 imperio
778 2336 1045 2385 licentiam
1076 2333 1277 2400 judicia
1302 2349 1397 2398 pro

318 2411 444 2461 hutu
470 2413 741 2474 versandi,
763 2413 959 2461 clarum
983 2420 1063 2462 est
1092 2427 1194 2462 nou
1215 2411 1397 2461 deesse

318 2486 438 2540 mihi
459 2491 723 2552 inimicos,
746 2491 833 2556 qni
857 2490 1026 2554 parati
1046 2492 1152 2542 siut
1165 2490 1396 2555 objicere

320 2569 457 2633 xnihj,
479 2579 588 2619 non
615 2568 754 2617 levia
777 2568 1035 2633 quasdam,
1067 2567 1161 2617 sed
1184 2568 1397 2617 atrocis-

319 2646 461 2711 sima,
484 2647 670 2712 qualia
693 2645 832 2710 apud
868 2652 1190 2713 extraneum,
1213 2650 1272 2694 ut
1293 2643 1397 2693 for-

320 2723 574 2775 midolosa
604 2729 690 2772 est
725 2735 925 2771 summa
953 2727 1207 2785 potestas,
1240 2719 1396 2770 fidem

321 2808 535 2864 possunt
559 2797 815 2861 invenire,
848 2798 986 2863 apud
1025 2796 1188 2847 filium
1223 2802 1397 2846 autem

322 2876 384 2928 de
414 2885 589 2928 matre
614 2891 714 2926 uon
737 2882 968 2941 possunt,
989 2875 1230 2926 obstante
1250 2883 1398 2926 natu-

319 2953 413 3003 rali
437 2956 692 3005 caritate.
1373 2950 1377 2954 ’

358 3030 363 3037 ’
384 3028 504 3082 Hoc
531 3030 691 3081 modo
715 3028 996 3080 artificiose
1020 3027 1293 3079 admodum
1319 3043 1397 3079 os-

321 3109 491 3158 tendit
542 3107 862 3172 Agrippina,
910 3107 1037 3157 nihil
1083 3121 1214 3169 esse,
1257 3104 1398 3172 quod

321 3187 480 3250 magis
494 3194 740 3236 metuere
754 3185 991 3250 deberet,
1008 3200 1161 3251 quam
1180 3185 1234 3234 id
1258 3185 1396 3252 quod

322 3262 649 3327 concupiisse
672 3264 1009 3328 arguebatur.
1059 3263 1275 3314 Grotius.
1372 3262 1379 3269 ”

383 3337 599 3389 Falsum
638 3346 720 3388 est
762 3340 903 3404 quod
933 3354 1226 3404 supponere
1250 3340 1396 3390 vide-

318 3412 407 3465 't'ur
426 3417 673 3480 Grotius,
704 3415 952 3467 Plautum
996 3417 1138 3466 nulla
1174 3417 1395 3468 necessi·-

322 3492 500 3544 tudine
525 3493 837 3558 contingere
861 3492 1222 3558 Agrippinam.
1257 3495 1393 3545 Nam

322 3568 408 3618 ille
432 3572 550 3635 pari
572 3572 757 3635 ‘gradu
795 3569 1087 3636 Augustum
1131 3572 1393 3637 continge-

324 3645 414 3696 bat
437 3663 501 3698 ac
539 3649 708 3710 Nero,
732 3654 788 3698 et
818 3656 1080 3712 praeterea
1100 3664 1177 3698 rex
1210 3664 1398 3716 suppo·

326 3723 422 3773 sito
444 3726 665 3775 maritus
692 3733 833 3775 esset
855 3725 1182 3790 Agrippinae.

388 3803 494 3854 Sed
517 3805 750 3869 quamvis
783 3802 948 3854 affinis
980 3812 1118 3854 esset
1150 3803 1398 3870 Agrippi·

326 3884 405 3930 na}
429 3883 699 3947 princepS,
735 3882 861 3931 nihil
903 3882 966 3931 ad
999 3896 1135 3930 rems
1175 3895 1313 3942 nam,
1336 3889 1393 3932 nt

324 3960 468 4008 recte
491 3958 621 4007 dicit
655 3959 789 4022 ipsa,
826 3973 890 4007 ea
910 3958 1122 4009 crimina
1161 3959 1392 4023 objecta,

327 4034 528 4105 quibus,
560 4050 594 4084 a
626 4037 736 4085 solo
769 4036 875 4086 filio
897 4036 1093 4085 absolvi
1116 4045 1283 4086 mater
1301 4051 1392 4100 po-

326 4113 448 4176 ruit,
491 4128 598 4164 nou
636 4120 814 4163 autem
855 4129 886 4162 a
932 4113 1222 4179 propinquo
1264 4114 1389 4177 ullo,

329 4205 428 4241 nou
449 4207 481 4242 a
498 4192 686 4241 marito
707 4192 844 4254 ipso,
868 4190 957 4256 qui
980 4191 1192 4241 sceleris
1217 4200 1393 4241 exem·

330 4267 467 4330 plum
488 4267 782 4331 intelligere
802 4268 999 4331 potuit.
1188 4316 1193 4321 .

370 4344 560 4396 ‘Vivere
598 4359 704 4411 ego,
730 4343 1037 4413 ffltnnnioo
1068 4346 1280 4411 potiente
1314 4358 1390 4398 re—

1480 801 1606 849 rma,
1623 775 1861 851 poter-m]
1905 784 2098 837 Vivere
2119 801 2234 852 ego,
2256 787 2544 853 imperante

1479 863 1804 924 Britannico,
1848 871 2085 927 poteram
2126 865 2383 917 absolute.
2458 865 2545 918 Sic

1479 939 1629 1005 dicit,
1650 941 1771 1006 quia
1808 941 1851 990 si
1885 942 2167 1006 imperaret
2189 944 2546 1010 Britannicus,
2590 989 2600 998 ,

1476 1023 1588 1066 tum
1617 1032 1678 1066 eo
1702 1033 1822 1068 casu
1847 1019 2033 1069 nullius
2068 1020 2308 1070 veneficii
2333 1023 2543 1074 conscia

1475 1089 1615 1144 'esset
1631 1095 1877 1145 adversus
1903 1096 2190 1147 Britannici
2214 1105 2452 1161 patrem3
2487 1107 2548 1151 et

1477 1171 1575 1220 hoc
1621 1178 1763 1220 statu
1808 1187 1998 1231 rerum,
2045 1187 2147 1223 non
2189 1173 2543 1237 adoptandum

1479 1263 1574 1313 per
1635 1250 1804 1299 scelus
1853 1250 2119 1300 Neronem
2186 1260 2541 1316 procurasset:

1477 1326 1655 1391 sicque
1673 1327 1917 1376 innocens
1952 1333 2090 1377 esset
2128 1329 2293 1377 omnis
2315 1319 2543 1380 criminis

1478 1405 1533 1453 in
1570 1405 1945 1466 Britannicum,
1983 1405 2158 1470 sicque
2190 1406 2363 1455 vivere
2399 1406 2546 1457 abso·

1476 1484 1589 1531 lute
1629 1482 1800 1545 potuit
1837 1480 2142 1547 Agrippina,
2187 1483 2424 1547 potiente
2464 1500 2545 1535 re-

1479 1574 1594 1608 rum
1617 1559 1942 1609 Britannico.

1545 1635 1618 1685 At
1641 1634 1684 1683 si
1706 1634 1820 1700 quis
1857 1636 1989 1685 alius
2030 1650 2166 1687 nunc
2201 1639 2388 1703 Remp.
2411 1639 2543 1691 obti-

1476 1722 1648 1776 neret,
1663 1713 1966 1774 judicuturus
1982 1714 2048 1763 de
2062 1714 2374 1780 Agrippina,
2396 1705 2542 1768 certe

1477 1788 1695 1839 crimina
1739 1790 2070 1841 commiserat
2112 1791 2224 1856 ipsa
2262 1794 2313 1842 iu
2352 1795 2540 1845 multos

1480 1867 1669 1916 civium
1710 1867 1861 1917 Rom.
1898 1868 1952 1916 in
1977 1884 2220 1933 proceres
2258 1878 2313 1921 et
2353 1859 2542 1936 princi-

1474 1957 1613 2006 pem,
1636 1944 1819 2009 quibus
1843 1959 1944 1995 nou
1965 1945 2063 1994 nisi
2088 1962 2119 1995 a
2140 1945 2247 1997 filio
2270 1955 2435 1999 mater
2453 1939 2542 1999 ab'-

1473 2021 1605 2071 solvi
1630 2022 1814 2085 potuit.

1541 2100 1656 2150 Nec
1680 2109 1825 2150 certe
1850 2100 2067 2151 deerant
2083 2109 2430 2162 accusatores,
2453 2101 2542 2170 qui

1475 2183 1531 2227 et
1553 2177 1691 2228 illam
1713 2180 1888 2229 multis
1910 2181 2024 2229 aliis
2042 2179 2540 2245 facinoribus,etiam

1474 2256 1594 2306 olim
1635 2258 1874 2321 patratis,
1898 2258 2149 2321 pollutam
2187 2260 2368 2308 statim
2403 2258 2544 2309 inva-

1476 2335 1681 2396 derent,
1705 2337 1747 2386 si
1789 2337 1900 2402 quis
1933 2337 2063 2387 alius
2103 2339 2372 2403 imperium
2408 2338 2543 2406 obti-

1476 2420 1646 2476 neret,
1660 2415 1819 2463 etiam
1843 2415 1884 2463 si
1905 2416 1986 2464 vel
2010 2417 2224 2465 maritus
2244 2416 2543 2482 imperaret,

1477 2493 1597 2556 quia
1631 2493 1927 2557 exemplum
1964 2494 2018 2542 in
2058 2509 2112 2543 se
2145 2494 2370 2544 criminis
2393 2494 2543 2544 intel-

1477 2569 1640 2633 ligere
1665 2575 1721 2620 et
1742 2566 1976 2639 metuere
2003 2570 2213 2619 tandem
2240 2571 2423 2635 potuit.

1490 2648 1495 2655 '
1543 2646 1615 2694 Et
1654 2645 1728 2695 sic
1770 2660 2145 2711 quemcumque
2183 2647 2337 2695 alium
2373 2658 2542 2696 rerum

1475 2722 1765 2786 potientem
1784 2731 2017 2773 metuere
2040 2723 2409 2786 debuit,etiam
2429 2723 2548 2788 pro·

1476 2800 1744 2865 pinquum,
1783 2788 1942 2850 etiam
1981 2802 2238 2863 maritum,
2269 2801 2427 2851 etiam
2451 2802 2541 2852 im·

1477 2878 1624 2942 perio
1648 2885 1704 2927 et
1727 2879 1965 2942 conjugio
1986 2894 2078 2927 suo
2113 2886 2350 2930 evectum
2375 2897 2391 2942 ;
2425 2890 2545 2930 nam

1474 2953 1696 3004 ‘crimina
1726 2970 1789 3003 ea
1828 2961 2146 3017 patraverat,
2177 2957 2360 3021 quibus
2382 2973 2413 3007 a
2434 2958 2543 3008 solo

1474 3030 1584 3080 filio
1626 3038 1795 3082 mater
1835 3032 2030 3082 absolvi
2066 3035 2256 3097 potnit.
2327 3035 2416 3084 Sic
2448 3033 2542 3085 lib.

1475 3120 1557 3156 xl.
1577 3108 1660 3158 26.
1679 3108 1766 3158 ubi
1791 3109 1858 3158 de
1886 3108 2031 3171 Silio,
2058 3104 2144 3174 qni
2167 3111 2442 3174 imperium
2461 3118 2543 3160 *ex

1476 3186 1803 3235 matrimonio
1869 3186 2184 3236 Messallinae
2259 3180 2546 3249 affectavit,

1475 3263 1696 3330 ideoque
1719 3265 1926 3329 nuptias
1949 3263 2187 3315 festinari
2209 3264 2543 3329 postulabat:

1477 3342 1762 3407 ‘Segniter
1801 3343 1881 3392 hae
1928 3358 2082 3393 voces
2141 3350 2395 3405 acceptae,
2440 3352 2542 3391 non

1476 3433 1651 3468 amore
1674 3419 1726 3467 iu
1750 3419 2010 3482 maritum,
2025 3419 2117 3468 sed
2152 3432 2216 3467 ne
2237 3418 2391 3467 Silius
2412 3430 2545 3466 sum-

1473 3510 1560 3546 ma
1603 3495 1824 3560 adeptus
1877 3501 2151 3560 sperneret
2217 3495 2540 3555 adulteram3

1474 3574 1748 3640 scelusque
1800 3575 1939 3624 inter
1977 3573 2228 3638 ancipitia
2262 3573 2541 3643 probatum

1474 3652 1614 3702 veris
1638 3666 1756 3701 mox
1780 3651 1963 3716 pretiis
1989 3644 2310 3702 aestimaret?
2371 3652 2443 3702 Et
2465 3664 2543 3701 sa·

1475 3729 1546 3778 tis
1600 3728 1770 3778 innuit
1820 3727 2109 3794 Agrippina
2167 3728 2544 3795 quemcumque

1477 3804 1783 3868 principem,
1807 3805 1972 3853 virum
1995 3811 2048 3853 et
2066 3807 2343 3869 conjugem
2364 3803 2544 3866 etiam',
2589 3858 2592 3863 ,
2663 3828 2670 3833 ·

1471 3882 1740 3932 metuendi
1775 3896 1980 3932 causam
2013 3883 2274 3944 habuisse,
2311 3896 2428 3930 cum
2450 3879 2542 3929 ad·

1474 3957 1568 4024 dit,
1591 3959 1756 4023 quibus
1775 3960 1871 4009 nisi
1887 3976 1918 4009 a
1938 3960 2054 4027 filio
2076 3966 2230 4010 mater
2250 3958 2429 4008 absolvi
2447 3970 2540 4007 non

1466 4038 1660 4101 possim.

1545 4114 1712 4164 Vivere
1721 4129 1827 4178 ego,
1837 4114 2125 4165 Britannico
2137 4114 2347 4180 potiente
2361 4124 2543 4175 rernm,

1462 4191 1703 4257 poteram]
1747 4191 1908 4240 Certe
1929 4192 2027 4241 hoc
2051 4194 2238 4256 posito,
2260 4189 2401 4256 quod
2425 4201 2539 4254 regss·

1470 4278 1625 4320 naret
1645 4282 1798 4317 verus
1821 4267 1913 4318 ille
1943 4267 2108 4317 baeres
2150 4266 2374 4332 imperii,
2408 4263 2538 4331 nihil

1468 4350 1743 4412 peccasset
1771 4344 1826 4394 in
1863 4340 1989 4396 eum‘
2023 4341 2344 4411 Agrippina-,-
2369 4351 2538 4409 noque
