<?xml version="1.0" encoding="UTF-8"?>
<!DOCTYPE html PUBLIC "-//W3C//DTD XHTML 1.0 Transitional//EN"
    "http://www.w3.org/TR/xhtml1/DTD/xhtml1-transitional.dtd">
<html xmlns="http://www.w3.org/1999/xhtml" xml:lang="en" lang="en">
 <head>
  <title>
</title>
<meta http-equiv="Content-Type" content="text/html;charset=utf-8" />
  <meta name='ocr-system' content='tesseract 3.04.00' />
  <meta name='ocr-capabilities' content='ocr_page ocr_carea ocr_par ocr_line ocrx_word'/>
</head>
<body>
  <div class='ocr_page' id='page_1' title='image "./operaomniavolum00tacigoog_0482.png"; bbox 0 0 3063 4952; ppageno 0'>
   <div class='ocr_carea' id='block_1_1' title="bbox 537 413 2024 485">
    <p class='ocr_par' dir='ltr' id='par_1_1' title="bbox 537 413 2024 485">
     <span class='ocr_line' id='line_1_1' title="bbox 537 413 2024 485; baseline -0.007 -1"><span class='ocrx_word' id='word_1_1' title='bbox 537 413 715 484; x_wconf 78' lang='lat'>1858</span> <span class='ocrx_word' id='word_1_2' title='bbox 1218 429 1285 477; x_wconf 75' lang='lat' dir='ltr'><strong>c.</strong></span> <span class='ocrx_word' id='word_1_3' title='bbox 1330 419 1692 485; x_wconf 72' lang='lat' dir='ltr'><strong>nonnam</strong></span> <span class='ocrx_word' id='word_1_4' title='bbox 1738 423 2024 485; x_wconf 63' lang='lat' dir='ltr'><strong>riter-rr·</strong></span> 
     </span>
    </p>
   </div>
   <div class='ocr_carea' id='block_1_2' title="bbox 538 569 2760 1171">
    <p class='ocr_par' dir='ltr' id='par_1_2' title="bbox 538 569 2760 1171">
     <span class='ocr_line' id='line_1_2' title="bbox 538 569 2751 660; baseline -0.003 -20"><span class='ocrx_word' id='word_1_5' title='bbox 538 579 967 660; x_wconf 69' lang='lat' dir='ltr'><strong>agnoscentes</strong></span> <span class='ocrx_word' id='word_1_6' title='bbox 997 572 1600 656; x_wconf 85' lang='lat' dir='ltr'><strong>abstrahentesque.</strong></span> <span class='ocrx_word' id='word_1_7' title='bbox 1689 570 1977 655; x_wconf 66' lang='lat' dir='ltr'><strong>Raptaem</strong></span> <span class='ocrx_word' id='word_1_8' title='bbox 2006 569 2211 634; x_wconf 88' lang='lat' dir='ltr'><strong>etiam</strong></span> <span class='ocrx_word' id='word_1_9' title='bbox 2231 572 2473 645; x_wconf 88' lang='lat' dir='ltr'><strong>vestes,</strong></span> <span class='ocrx_word' id='word_1_10' title='bbox 2502 572 2751 633; x_wconf 81' lang='lat' dir='ltr'><strong>retenta</strong></span> 
     </span>
     <span class='ocr_line' id='line_1_3' title="bbox 538 671 2756 763; baseline -0.005 -20"><span class='ocrx_word' id='word_1_11' title='bbox 538 686 779 755; x_wconf 81' lang='lat' dir='ltr'><strong>arma,¹¹</strong></span> <span class='ocrx_word' id='word_1_12' title='bbox 826 677 1076 761; x_wconf 88' lang='lat' dir='ltr'><strong>pavido</strong></span> <span class='ocrx_word' id='word_1_13' title='bbox 1132 676 1335 739; x_wconf 82' lang='lat' dir='ltr'><strong>milite</strong></span> <span class='ocrx_word' id='word_1_14' title='bbox 1384 683 1451 740; x_wconf 91' lang='lat' dir='ltr'><strong>et</strong></span> <span class='ocrx_word' id='word_1_15' title='bbox 1494 675 1914 751; x_wconf 79' lang='lat' dir='ltr'><strong>concedente,</strong></span> <span class='ocrx_word' id='word_1_16' title='bbox 1947 694 2030 737; x_wconf 91' lang='lat' dir='ltr'><strong>ne</strong></span> <span class='ocrx_word' id='word_1_17' title='bbox 2084 692 2220 756; x_wconf 90' lang='lat' dir='ltr'><strong>qua</strong></span> <span class='ocrx_word' id='word_1_18' title='bbox 2275 671 2500 763; x_wconf 66' lang='lat' dir='ltr'><strong>praelii</strong></span> <span class='ocrx_word' id='word_1_19' title='bbox 2544 689 2756 734; x_wconf 83' lang='lat' dir='ltr'><strong>causa</strong></span> 
     </span>
     <span class='ocr_line' id='line_1_4' title="bbox 539 776 2755 860; baseline -0.004 -16"><span class='ocrx_word' id='word_1_20' title='bbox 539 781 877 845; x_wconf 80' lang='lat' dir='ltr'><strong>existeret.</strong></span> <span class='ocrx_word' id='word_1_21' title='bbox 970 778 1359 855; x_wconf 67' lang='lat' dir='ltr'><strong>Vologeses,</strong></span> <span class='ocrx_word' id='word_1_22' title='bbox 1390 778 1590 840; x_wconf 87' lang='lat' dir='ltr'><strong>armis</strong></span> <span class='ocrx_word' id='word_1_23' title='bbox 1630 787 1697 841; x_wconf 91' lang='lat' dir='ltr'><strong>et</strong></span> <span class='ocrx_word' id='word_1_24' title='bbox 1739 776 2126 860; x_wconf 88' lang='lat' dir='ltr'><strong>corporibus</strong></span> <span class='ocrx_word' id='word_1_25' title='bbox 2157 794 2486 840; x_wconf 79' lang='lat' dir='ltr'><strong>caesorum</strong></span> <span class='ocrx_word' id='word_1_26' title='bbox 2519 792 2755 856; x_wconf 86' lang='lat' dir='ltr'><strong>aggre-</strong></span> 
     </span>
     <span class='ocr_line' id='line_1_5' title="bbox 542 876 2756 967; baseline -0.004 -21"><span class='ocrx_word' id='word_1_27' title='bbox 542 880 769 967; x_wconf 78' lang='lat' dir='ltr'><strong>gatiS‚⁶</strong></span> <span class='ocrx_word' id='word_1_28' title='bbox 793 890 819 917; x_wconf 88' lang='lat'><strong>⁰</strong></span> <span class='ocrx_word' id='word_1_29' title='bbox 867 902 998 961; x_wconf 86' lang='lat' dir='ltr'><strong>quo</strong></span> <span class='ocrx_word' id='word_1_30' title='bbox 1060 881 1315 959; x_wconf 79' lang='lat' dir='ltr'><strong>cladem</strong></span> <span class='ocrx_word' id='word_1_31' title='bbox 1373 887 1668 944; x_wconf 87' lang='lat' dir='ltr'><strong>nostram</strong></span> <span class='ocrx_word' id='word_1_32' title='bbox 1722 885 2094 955; x_wconf 74' lang='lat' dir='ltr'><strong>testaretur,</strong></span> <span class='ocrx_word' id='word_1_33' title='bbox 2157 879 2307 940; x_wconf 87' lang='lat' dir='ltr'><strong>visu</strong></span> <span class='ocrx_word' id='word_1_34' title='bbox 2361 876 2756 967; x_wconf 82' lang='lat' dir='ltr'><strong>fugientium</strong></span> 
     </span>
     <span class='ocr_line' id='line_1_6' title="bbox 539 980 2757 1066; baseline -0.004 -18"><span class='ocrx_word' id='word_1_35' title='bbox 539 983 871 1066; x_wconf 87' lang='lat' dir='ltr'><strong>legionum</strong></span> <span class='ocrx_word' id='word_1_36' title='bbox 903 985 1236 1048; x_wconf 80' lang='lat' dir='ltr'><strong>abstinuit.</strong></span> <span class='ocrx_word' id='word_1_37' title='bbox 1314 983 1552 1048; x_wconf 88' lang='lat' dir='ltr'><strong>Fama⁷</strong></span> <span class='ocrx_word' id='word_1_38' title='bbox 1582 983 2054 1048; x_wconf 85' lang='lat' dir='ltr'><strong>moderationis</strong></span> <span class='ocrx_word' id='word_1_39' title='bbox 2086 980 2535 1065; x_wconf 77' lang='lat' dir='ltr'><strong>quaerebatur,</strong></span> <span class='ocrx_word' id='word_1_40' title='bbox 2566 983 2757 1062; x_wconf 90' lang='lat' dir='ltr'><strong>post-</strong></span> 
     </span>
     <span class='ocr_line' id='line_1_7' title="bbox 542 1081 2760 1171; baseline -0.002 -22"><span class='ocrx_word' id='word_1_41' title='bbox 542 1106 749 1170; x_wconf 87' lang='lat' dir='ltr'><strong>quam</strong></span> <span class='ocrx_word' id='word_1_42' title='bbox 778 1088 1181 1170; x_wconf 64' lang='lat' dir='ltr'><strong>superbiam?</strong></span> <span class='ocrx_word' id='word_1_43' title='bbox 1209 1087 1616 1171; x_wconf 85' lang='lat' dir='ltr'><strong>expleverat.</strong></span> <span class='ocrx_word' id='word_1_44' title='bbox 1708 1086 1987 1150; x_wconf 91' lang='lat' dir='ltr'><strong>Flumen</strong></span> <span class='ocrx_word' id='word_1_45' title='bbox 2013 1081 2417 1149; x_wconf 82' lang='lat' dir='ltr'><strong>Arsaniam⁸</strong></span> <span class='ocrx_word' id='word_1_46' title='bbox 2447 1081 2760 1166; x_wconf 87' lang='lat' dir='ltr'><strong>elephan-</strong></span> 
     </span>
    </p>
   </div>
   <div class='ocr_carea' id='block_1_3' title="bbox 2429 424 2749 490">
    <p class='ocr_par' dir='ltr' id='par_1_3' title="bbox 2429 424 2749 490">
     <span class='ocr_line' id='line_1_8' title="bbox 2429 424 2749 490; baseline 0.003 -13"><span class='ocrx_word' id='word_1_47' title='bbox 2429 424 2522 490; x_wconf 74' lang='grc' dir='ltr'><strong>[Α.</strong></span> <span class='ocrx_word' id='word_1_48' title='bbox 2537 426 2613 478; x_wconf 76' lang='grc' dir='ltr'><strong>υ.</strong></span> <span class='ocrx_word' id='word_1_49' title='bbox 2633 430 2749 478; x_wconf 75' lang='lat' dir='ltr'><strong>sto.</strong></span> 
     </span>
    </p>
   </div>
   <div class='ocr_carea' id='block_1_4' title="bbox 540 1243 2763 1509">
    <p class='ocr_par' dir='ltr' id='par_1_4' title="bbox 540 1243 2763 1509">
     <span class='ocr_line' id='line_1_9' title="bbox 544 1243 2759 1319; baseline -0.002 -22"><span class='ocrx_word' id='word_1_50' title='bbox 544 1246 729 1311; x_wconf 73' lang='lat' dir='ltr'><strong>trepido</strong></span> <span class='ocrx_word' id='word_1_51' title='bbox 748 1248 918 1308; x_wconf 74' lang='lat' dir='ltr'><strong>milite,</strong></span> <span class='ocrx_word' id='word_1_52' title='bbox 938 1252 984 1296; x_wconf 75' lang='lat' dir='ltr'><strong>et</strong></span> <span class='ocrx_word' id='word_1_53' title='bbox 1005 1249 1210 1306; x_wconf 74' lang='lat' dir='ltr'><strong>cedente,</strong></span> <span class='ocrx_word' id='word_1_54' title='bbox 1228 1261 1287 1297; x_wconf 72' lang='lat' dir='ltr'><strong>ne</strong></span> <span class='ocrx_word' id='word_1_55' title='bbox 1308 1264 1398 1312; x_wconf 75' lang='lat' dir='ltr'><strong>qua</strong></span> <span class='ocrx_word' id='word_1_56' title='bbox 1415 1264 1592 1312; x_wconf 72' lang='lat' dir='ltr'><strong>pugna</strong></span> <span class='ocrx_word' id='word_1_57' title='bbox 1611 1264 1752 1299; x_wconf 72' lang='lat' dir='ltr'><strong>cansa</strong></span> <span class='ocrx_word' id='word_1_58' title='bbox 1772 1248 2089 1299; x_wconf 66' lang='lat' dir='ltr'><strong>exhiberetur.</strong></span> <span class='ocrx_word' id='word_1_59' title='bbox 2165 1246 2410 1306; x_wconf 76' lang='lat' dir='ltr'><strong>Vologeses</strong></span> <span class='ocrx_word' id='word_1_60' title='bbox 2441 1243 2759 1319; x_wconf 60' lang='lat' dir='ltr'><strong>agg-atispr·</strong></span> 
     </span>
     <span class='ocr_line' id='line_1_10' title="bbox 540 1309 2760 1384; baseline -0.002 -23"><span class='ocrx_word' id='word_1_61' title='bbox 540 1312 651 1373; x_wconf 71' lang='lat' dir='ltr'><strong>mis,</strong></span> <span class='ocrx_word' id='word_1_62' title='bbox 666 1318 714 1360; x_wconf 78' lang='lat' dir='ltr'><strong>et</strong></span> <span class='ocrx_word' id='word_1_63' title='bbox 732 1313 1035 1362; x_wconf 79' lang='lat' dir='ltr'><strong>cadaveribus</strong></span> <span class='ocrx_word' id='word_1_64' title='bbox 1055 1312 1424 1373; x_wconf 77' lang='lat' dir='ltr'><strong>interfectorum,</strong></span> <span class='ocrx_word' id='word_1_65' title='bbox 1446 1330 1537 1377; x_wconf 74' lang='lat' dir='ltr'><strong>quo</strong></span> <span class='ocrx_word' id='word_1_66' title='bbox 1557 1315 1873 1364; x_wconf 71' lang='lat' dir='ltr'><strong>calamitatem</strong></span> <span class='ocrx_word' id='word_1_67' title='bbox 1898 1317 2104 1361; x_wconf 78' lang='lat' dir='ltr'><strong>nostram</strong></span> <span class='ocrx_word' id='word_1_68' title='bbox 2125 1309 2760 1384; x_wconf 58' lang='lat' dir='ltr'><strong>ostentaret,abscedenttm</strong></span> 
     </span>
     <span class='ocr_line' id='line_1_11' title="bbox 546 1373 2761 1450; baseline -0.002 -25"><span class='ocrx_word' id='word_1_69' title='bbox 546 1376 785 1437; x_wconf 69' lang='lat' dir='ltr'><strong>legionum</strong></span> <span class='ocrx_word' id='word_1_70' title='bbox 824 1377 928 1427; x_wconf 73' lang='lat' dir='ltr'><strong>visu</strong></span> <span class='ocrx_word' id='word_1_71' title='bbox 967 1379 1266 1440; x_wconf 77' lang='lat' dir='ltr'><strong>temperavit.</strong></span> <span class='ocrx_word' id='word_1_72' title='bbox 1335 1379 1406 1427; x_wconf 77' lang='lat' dir='ltr'><strong>Et</strong></span> <span class='ocrx_word' id='word_1_73' title='bbox 1446 1380 1688 1428; x_wconf 69' lang='lat' dir='ltr'><strong>modestice</strong></span> <span class='ocrx_word' id='word_1_74' title='bbox 1722 1381 1864 1429; x_wconf 69' lang='lat' dir='ltr'><strong>decus</strong></span> <span class='ocrx_word' id='word_1_75' title='bbox 1903 1377 1997 1426; x_wconf 70' lang='lat' dir='ltr'><strong>sibi</strong></span> <span class='ocrx_word' id='word_1_76' title='bbox 2035 1374 2310 1437; x_wconf 74' lang='lat' dir='ltr'><strong>arrogabat,</strong></span> <span class='ocrx_word' id='word_1_77' title='bbox 2343 1390 2471 1450; x_wconf 44' lang='lat' dir='ltr'><strong>am·</strong></span> <span class='ocrx_word' id='word_1_78' title='bbox 2487 1373 2761 1435; x_wconf 66' lang='lat' dir='ltr'><strong>superbiam</strong></span> 
     </span>
     <span class='ocr_line' id='line_1_12' title="bbox 547 1439 2763 1509; baseline -0.002 -20"><span class='ocrx_word' id='word_1_79' title='bbox 547 1441 846 1492; x_wconf 69' lang='lat' dir='ltr'><strong>exanimet.</strong></span> <span class='ocrx_word' id='word_1_80' title='bbox 914 1444 1027 1493; x_wconf 79' lang='lat' dir='ltr'><strong>Rex</strong></span> <span class='ocrx_word' id='word_1_81' title='bbox 1046 1443 1290 1507; x_wconf 74' lang='lat' dir='ltr'><strong>elephanto</strong></span> <span class='ocrx_word' id='word_1_82' title='bbox 1309 1443 1542 1505; x_wconf 70' lang='lat' dir='ltr'><strong>sublimis,</strong></span> <span class='ocrx_word' id='word_1_83' title='bbox 1558 1450 1605 1493; x_wconf 84' lang='lat' dir='ltr'><strong>et</strong></span> <span class='ocrx_word' id='word_1_84' title='bbox 1637 1444 1884 1509; x_wconf 73' lang='lat' dir='ltr'><strong>proximus</strong></span> <span class='ocrx_word' id='word_1_85' title='bbox 1903 1443 2095 1507; x_wconf 74' lang='lat' dir='ltr'><strong>quisque</strong></span> <span class='ocrx_word' id='word_1_86' title='bbox 2127 1442 2252 1503; x_wconf 81' lang='lat' dir='ltr'><strong>regi,</strong></span> <span class='ocrx_word' id='word_1_87' title='bbox 2285 1439 2521 1504; x_wconf 79' lang='lat' dir='ltr'><strong>expediti</strong></span> <span class='ocrx_word' id='word_1_88' title='bbox 2543 1453 2598 1487; x_wconf 75' lang='lat' dir='ltr'><strong>m</strong></span> <span class='ocrx_word' id='word_1_89' title='bbox 2633 1451 2763 1502; x_wconf 70' lang='lat' dir='ltr'><strong>equus</strong></span> 
     </span>
    </p>
   </div>
   <div class='ocr_carea' id='block_1_5' title="bbox 1476 1582 1838 1602">
    <p class='ocr_par' dir='ltr' id='par_1_5' title="bbox 1476 1582 1838 1602">
     <span class='ocr_line' id='line_1_13' title="bbox 1476 1582 1838 1602; baseline -0.003 0"><span class='ocrx_word' id='word_1_90' title='bbox 1476 1582 1838 1602; x_wconf 57' lang='lat' dir='ltr'><strong>OOOOOOOOOOO</strong></span> 
     </span>
    </p>
   </div>
   <div class='ocr_carea' id='block_1_6' title="bbox 549 1660 2765 1797">
    <p class='ocr_par' dir='ltr' id='par_1_6' title="bbox 549 1660 2765 1797">
     <span class='ocr_line' id='line_1_14' title="bbox 549 1660 2764 1728; baseline -0.004 -10"><span class='ocrx_word' id='word_1_91' title='bbox 549 1665 707 1718; x_wconf 81' lang='lat' dir='ltr'><strong>Corb.</strong></span> <span class='ocrx_word' id='word_1_92' title='bbox 725 1667 1105 1719; x_wconf 59' lang='lat' dir='ltr'><strong>abscederet—6</strong></span> <span class='ocrx_word' id='word_1_93' title='bbox 1136 1665 1384 1716; x_wconf 82' lang='lat' dir='ltr'><strong>Heinsius</strong></span> <span class='ocrx_word' id='word_1_94' title='bbox 1402 1664 1668 1716; x_wconf 78' lang='lat' dir='ltr'><strong>scribebat</strong></span> <span class='ocrx_word' id='word_1_95' title='bbox 1691 1665 2049 1728; x_wconf 54' lang='lat' dir='ltr'><strong>aggeratis—&#39;l</strong></span> <span class='ocrx_word' id='word_1_96' title='bbox 2075 1665 2219 1716; x_wconf 81' lang='lat' dir='ltr'><strong>Male</strong></span> <span class='ocrx_word' id='word_1_97' title='bbox 2240 1664 2293 1714; x_wconf 91' lang='lat' dir='ltr'><strong>in</strong></span> <span class='ocrx_word' id='word_1_98' title='bbox 2311 1665 2444 1714; x_wconf 86' lang='lat' dir='ltr'><strong>Mss.</strong></span> <span class='ocrx_word' id='word_1_99' title='bbox 2463 1664 2597 1727; x_wconf 86' lang='lat' dir='ltr'><strong>Reg.</strong></span> <span class='ocrx_word' id='word_1_100' title='bbox 2610 1660 2764 1711; x_wconf 84' lang='lat' dir='ltr'><strong>Corb&#39;.</strong></span> 
     </span>
     <span class='ocr_line' id='line_1_15' title="bbox 549 1723 2765 1797; baseline -0.002 -15"><span class='ocrx_word' id='word_1_101' title='bbox 549 1738 606 1782; x_wconf 88' lang='lat' dir='ltr'><strong>et</strong></span> <span class='ocrx_word' id='word_1_102' title='bbox 627 1732 857 1782; x_wconf 84' lang='lat' dir='ltr'><strong>editione</strong></span> <span class='ocrx_word' id='word_1_103' title='bbox 880 1733 1134 1797; x_wconf 86' lang='lat' dir='ltr'><strong>principe,</strong></span> <span class='ocrx_word' id='word_1_104' title='bbox 1175 1747 1286 1783; x_wconf 77' lang='lat' dir='ltr'><strong>nam</strong></span> <span class='ocrx_word' id='word_1_105' title='bbox 1305 1732 1459 1794; x_wconf 76' lang='lat' dir='ltr'><strong>santa.</strong></span> <span class='ocrx_word' id='word_1_106' title='bbox 1500 1731 1831 1781; x_wconf 85' lang='lat' dir='ltr'><strong>Brotier.—8</strong></span> <span class='ocrx_word' id='word_1_107' title='bbox 1867 1732 1996 1782; x_wconf 88' lang='lat' dir='ltr'><strong>Mss.</strong></span> <span class='ocrx_word' id='word_1_108' title='bbox 2020 1731 2168 1783; x_wconf 84' lang='lat' dir='ltr'><strong>Harl.</strong></span> <span class='ocrx_word' id='word_1_109' title='bbox 2193 1731 2349 1781; x_wconf 90' lang='lat' dir='ltr'><strong>Bodl.</strong></span> <span class='ocrx_word' id='word_1_110' title='bbox 2370 1729 2482 1782; x_wconf 64' lang='lat' dir='ltr'><strong>aes.</strong></span> <span class='ocrx_word' id='word_1_111' title='bbox 2503 1736 2563 1778; x_wconf 85' lang='lat' dir='ltr'><strong>et</strong></span> <span class='ocrx_word' id='word_1_112' title='bbox 2586 1723 2765 1778; x_wconf 83' lang='lat' dir='ltr'><strong>Guelf.</strong></span> 
     </span>
    </p>
   </div>
   <div class='ocr_carea' id='block_1_7' title="bbox 1474 1829 1765 1912">
    <p class='ocr_par' dir='ltr' id='par_1_7' title="bbox 1474 1829 1765 1912">
     <span class='ocr_line' id='line_1_16' title="bbox 1474 1829 1765 1912; baseline -0.017 2"><span class='ocrx_word' id='word_1_113' title='bbox 1474 1829 1483 1839; x_wconf 77' lang='grc'><strong>’</strong></span> <span class='ocrx_word' id='word_1_114' title='bbox 1542 1860 1765 1912; x_wconf 72' lang='lat' dir='ltr'><strong>No‘rAE</strong></span> 
     </span>
    </p>
   </div>
   <div class='ocr_carea' id='block_1_8' title="bbox 551 1980 2770 2209">
    <p class='ocr_par' dir='ltr' id='par_1_8' title="bbox 551 1980 2770 2209">
     <span class='ocr_line' id='line_1_17' title="bbox 551 1980 2766 2057; baseline -0.002 -16"><span class='ocrx_word' id='word_1_115' title='bbox 551 1988 769 2049; x_wconf 80' lang='lat' dir='ltr'><strong>menies,</strong></span> <span class='ocrx_word' id='word_1_116' title='bbox 832 1989 1051 2053; x_wconf 86' lang='lat' dir='ltr'><strong>primum</strong></span> <span class='ocrx_word' id='word_1_117' title='bbox 1108 1992 1424 2057; x_wconf 85' lang='lat' dir='ltr'><strong>propinquos</strong></span> <span class='ocrx_word' id='word_1_118' title='bbox 1478 2007 1615 2057; x_wconf 87' lang='lat' dir='ltr'><strong>suos,</strong></span> <span class='ocrx_word' id='word_1_119' title='bbox 1697 2005 1945 2056; x_wconf 78' lang='lat' dir='ltr'><strong>praesens,</strong></span> <span class='ocrx_word' id='word_1_120' title='bbox 2001 1992 2115 2042; x_wconf 83' lang='lat' dir='ltr'><strong>loeo</strong></span> <span class='ocrx_word' id='word_1_121' title='bbox 2169 1989 2266 2040; x_wconf 89' lang='lat' dir='ltr'><strong>sibi</strong></span> <span class='ocrx_word' id='word_1_122' title='bbox 2307 1980 2534 2054; x_wconf 84' lang='lat' dir='ltr'><strong>glorioso</strong></span> <span class='ocrx_word' id='word_1_123' title='bbox 2588 1987 2766 2038; x_wconf 85' lang='lat' dir='ltr'><strong>statim</strong></span> 
     </span>
     <span class='ocr_line' id='line_1_18' title="bbox 554 2065 2770 2132; baseline 0.001 -20"><span class='ocrx_word' id='word_1_124' title='bbox 554 2065 749 2114; x_wconf 79' lang='lat' dir='ltr'><strong>amicos</strong></span> <span class='ocrx_word' id='word_1_125' title='bbox 767 2071 820 2114; x_wconf 89' lang='lat' dir='ltr'><strong>et</strong></span> <span class='ocrx_word' id='word_1_126' title='bbox 847 2073 990 2117; x_wconf 81' lang='lat' dir='ltr'><strong>notos</strong></span> <span class='ocrx_word' id='word_1_127' title='bbox 1010 2066 1109 2116; x_wconf 89' lang='lat' dir='ltr'><strong>sibi</strong></span> <span class='ocrx_word' id='word_1_128' title='bbox 1128 2067 1402 2132; x_wconf 77' lang='lat' dir='ltr'><strong>delegisse,</strong></span> <span class='ocrx_word' id='word_1_129' title='bbox 1424 2083 1485 2118; x_wconf 85' lang='lat' dir='ltr'><strong>ac</strong></span> <span class='ocrx_word' id='word_1_130' title='bbox 1509 2083 1616 2118; x_wconf 87' lang='lat' dir='ltr'><strong>ser·</strong></span> <span class='ocrx_word' id='word_1_131' title='bbox 1696 2068 2011 2118; x_wconf 85' lang='lat' dir='ltr'><strong>discessurus</strong></span> <span class='ocrx_word' id='word_1_132' title='bbox 2032 2085 2046 2129; x_wconf 90' lang='lat'>;</span> <span class='ocrx_word' id='word_1_133' title='bbox 2071 2082 2167 2117; x_wconf 85' lang='lat' dir='ltr'><strong>nec</strong></span> <span class='ocrx_word' id='word_1_134' title='bbox 2197 2068 2354 2124; x_wconf 72' lang='lat' dir='ltr'><strong>ultra,</strong></span> <span class='ocrx_word' id='word_1_135' title='bbox 2392 2066 2650 2131; x_wconf 86' lang='lat' dir='ltr'><strong>pudorem</strong></span> <span class='ocrx_word' id='word_1_136' title='bbox 2685 2065 2770 2115; x_wconf 84' lang='lat' dir='ltr'><strong>ob·</strong></span> 
     </span>
     <span class='ocr_line' id='line_1_19' title="bbox 552 2141 2770 2209; baseline 0.001 -20"><span class='ocrx_word' id='word_1_137' title='bbox 552 2141 721 2191; x_wconf 83' lang='lat' dir='ltr'><strong>vitute</strong></span> <span class='ocrx_word' id='word_1_138' title='bbox 742 2141 1002 2191; x_wconf 82' lang='lat' dir='ltr'><strong>liberasse.</strong></span> <span class='ocrx_word' id='word_1_139' title='bbox 1068 2144 1208 2193; x_wconf 83' lang='lat' dir='ltr'><strong>Dein</strong></span> <span class='ocrx_word' id='word_1_140' title='bbox 1229 2152 1286 2194; x_wconf 92' lang='lat' dir='ltr'><strong>et</strong></span> <span class='ocrx_word' id='word_1_141' title='bbox 1313 2145 1443 2194; x_wconf 86' lang='lat' dir='ltr'><strong>alios</strong></span> <span class='ocrx_word' id='word_1_142' title='bbox 1466 2158 1615 2208; x_wconf 86' lang='lat' dir='ltr'><strong>rapu·</strong></span> <span class='ocrx_word' id='word_1_143' title='bbox 1688 2145 1927 2209; x_wconf 82' lang='lat' dir='ltr'><strong>jecturus</strong></span> <span class='ocrx_word' id='word_1_144' title='bbox 1959 2145 2220 2209; x_wconf 84' lang='lat' dir='ltr'><strong>Romanis,</strong></span> <span class='ocrx_word' id='word_1_145' title='bbox 2257 2150 2309 2192; x_wconf 87' lang='lat' dir='ltr'><strong>et</strong></span> <span class='ocrx_word' id='word_1_146' title='bbox 2354 2144 2431 2193; x_wconf 89' lang='lat' dir='ltr'><strong>ita</strong></span> <span class='ocrx_word' id='word_1_147' title='bbox 2475 2149 2536 2192; x_wconf 88' lang='lat' dir='ltr'><strong>nt</strong></span> <span class='ocrx_word' id='word_1_148' title='bbox 2569 2143 2770 2192; x_wconf 82' lang='lat' dir='ltr'><strong>nullum</strong></span> 
     </span>
    </p>
   </div>
   <div class='ocr_carea' id='block_1_9' title="bbox 550 2214 1620 2666">
    <p class='ocr_par' dir='ltr' id='par_1_9' title="bbox 550 2214 1620 2357">
     <span class='ocr_line' id='line_1_20' title="bbox 550 2214 1620 2285; baseline 0.007 -21"><span class='ocrx_word' id='word_1_149' title='bbox 550 2214 653 2266; x_wconf 79' lang='lat' dir='ltr'><strong>isse</strong></span> <span class='ocrx_word' id='word_1_150' title='bbox 671 2217 845 2277; x_wconf 83' lang='lat' dir='ltr'><strong>etiam,</strong></span> <span class='ocrx_word' id='word_1_151' title='bbox 866 2225 923 2266; x_wconf 91' lang='lat' dir='ltr'><strong>ut</strong></span> <span class='ocrx_word' id='word_1_152' title='bbox 944 2220 1133 2281; x_wconf 77' lang='lat' dir='ltr'><strong>proedae</strong></span> <span class='ocrx_word' id='word_1_153' title='bbox 1156 2219 1321 2271; x_wconf 90' lang='lat' dir='ltr'><strong>libido</strong></span> <span class='ocrx_word' id='word_1_154' title='bbox 1346 2220 1620 2285; x_wconf 81' lang='lat' dir='ltr'><strong>incitabat,</strong></span> 
     </span>
     <span class='ocr_line' id='line_1_21' title="bbox 553 2291 1177 2357; baseline 0.006 -15"><span class='ocrx_word' id='word_1_155' title='bbox 553 2291 698 2357; x_wconf 78' lang='lat' dir='ltr'><strong>quasi</strong></span> <span class='ocrx_word' id='word_1_156' title='bbox 720 2293 966 2343; x_wconf 81' lang='lat' dir='ltr'><strong>adversus</strong></span> <span class='ocrx_word' id='word_1_157' title='bbox 990 2296 1177 2346; x_wconf 84' lang='lat' dir='ltr'><strong>victos.</strong></span> 
     </span>
    </p>

    <p class='ocr_par' dir='ltr' id='par_1_10' title="bbox 552 2370 1618 2666">
     <span class='ocr_line' id='line_1_22' title="bbox 616 2370 1616 2443; baseline 0.006 -25"><span class='ocrx_word' id='word_1_158' title='bbox 616 2376 654 2402; x_wconf 82' lang='lat'><strong>¹¹¹</strong></span> <span class='ocrx_word' id='word_1_159' title='bbox 686 2370 881 2432; x_wconf 83' lang='lat' dir='ltr'><strong>Raptoe]</strong></span> <span class='ocrx_word' id='word_1_160' title='bbox 938 2371 1127 2435; x_wconf 78' lang='lat' dir='ltr'><strong>Raptae</strong></span> <span class='ocrx_word' id='word_1_161' title='bbox 1153 2378 1343 2443; x_wconf 69' lang='lat' dir='ltr'><strong>vestes,</strong></span> <span class='ocrx_word' id='word_1_162' title='bbox 1373 2373 1616 2424; x_wconf 74' lang='lat' dir='ltr'><strong>ademtae-</strong></span> 
     </span>
     <span class='ocr_line' id='line_1_23' title="bbox 552 2448 1616 2516; baseline 0.006 -19"><span class='ocrx_word' id='word_1_163' title='bbox 552 2461 656 2511; x_wconf 88' lang='lat' dir='ltr'><strong>que</strong></span> <span class='ocrx_word' id='word_1_164' title='bbox 695 2448 845 2498; x_wconf 89' lang='lat' dir='ltr'><strong>militi</strong></span> <span class='ocrx_word' id='word_1_165' title='bbox 882 2449 1032 2500; x_wconf 87' lang='lat' dir='ltr'><strong>Rom.</strong></span> <span class='ocrx_word' id='word_1_166' title='bbox 1061 2466 1164 2500; x_wconf 89' lang='lat' dir='ltr'><strong>non</strong></span> <span class='ocrx_word' id='word_1_167' title='bbox 1187 2466 1303 2516; x_wconf 82' lang='lat' dir='ltr'><strong>quae</strong></span> <span class='ocrx_word' id='word_1_168' title='bbox 1343 2451 1616 2503; x_wconf 88' lang='lat' dir='ltr'><strong>Armenio·</strong></span> 
     </span>
     <span class='ocr_line' id='line_1_24' title="bbox 554 2528 1618 2586; baseline 0.007 -14"><span class='ocrx_word' id='word_1_169' title='bbox 554 2539 666 2574; x_wconf 88' lang='lat' dir='ltr'><strong>rum</strong></span> <span class='ocrx_word' id='word_1_170' title='bbox 709 2531 899 2586; x_wconf 86' lang='lat' dir='ltr'><strong>essent,</strong></span> <span class='ocrx_word' id='word_1_171' title='bbox 938 2528 1030 2576; x_wconf 83' lang='lat' dir='ltr'><strong>sed</strong></span> <span class='ocrx_word' id='word_1_172' title='bbox 1070 2528 1276 2579; x_wconf 82' lang='lat' dir='ltr'><strong>militis:</strong></span> <span class='ocrx_word' id='word_1_173' title='bbox 1325 2529 1399 2578; x_wconf 87' lang='lat' dir='ltr'><strong>sie</strong></span> <span class='ocrx_word' id='word_1_174' title='bbox 1433 2534 1618 2579; x_wconf 78' lang='lat' dir='ltr'><strong>retenta</strong></span> 
     </span>
     <span class='ocr_line' id='line_1_25' title="bbox 552 2602 1618 2666; baseline 0.004 -17"><span class='ocrx_word' id='word_1_175' title='bbox 552 2615 705 2664; x_wconf 81' lang='lat' dir='ltr'><strong>arma,</strong></span> <span class='ocrx_word' id='word_1_176' title='bbox 726 2617 826 2651; x_wconf 92' lang='lat' dir='ltr'><strong>non</strong></span> <span class='ocrx_word' id='word_1_177' title='bbox 851 2617 966 2666; x_wconf 81' lang='lat' dir='ltr'><strong>quae</strong></span> <span class='ocrx_word' id='word_1_178' title='bbox 989 2602 1250 2653; x_wconf 85' lang='lat' dir='ltr'><strong>Armeniis</strong></span> <span class='ocrx_word' id='word_1_179' title='bbox 1287 2611 1426 2654; x_wconf 70' lang='lat' dir='ltr'><strong>ante‘</strong></span> <span class='ocrx_word' id='word_1_180' title='bbox 1443 2605 1618 2655; x_wconf 85' lang='lat' dir='ltr'><strong>abstu-</strong></span> 
     </span>
    </p>
   </div>
   <div class='ocr_carea' id='block_1_10' title="bbox 450 2678 1619 2745">
    <p class='ocr_par' dir='ltr' id='par_1_11' title="bbox 450 2678 1619 2745">
     <span class='ocr_line' id='line_1_26' title="bbox 450 2678 1619 2745; baseline 0.003 -19"><span class='ocrx_word' id='word_1_181' title='bbox 450 2695 455 2702; x_wconf 91' lang='lat'><strong>·</strong></span> <span class='ocrx_word' id='word_1_182' title='bbox 552 2678 733 2728; x_wconf 81' lang='lat' dir='ltr'><strong>iissent</strong></span> <span class='ocrx_word' id='word_1_183' title='bbox 754 2679 986 2737; x_wconf 85' lang='lat' dir='ltr'><strong>Romani,</strong></span> <span class='ocrx_word' id='word_1_184' title='bbox 1006 2680 1095 2729; x_wconf 82' lang='lat' dir='ltr'><strong>sed</strong></span> <span class='ocrx_word' id='word_1_185' title='bbox 1119 2695 1233 2745; x_wconf 79' lang='lat' dir='ltr'><strong>quae</strong></span> <span class='ocrx_word' id='word_1_186' title='bbox 1256 2680 1417 2744; x_wconf 84' lang='lat' dir='ltr'><strong>ipsius</strong></span> <span class='ocrx_word' id='word_1_187' title='bbox 1439 2681 1619 2730; x_wconf 86' lang='lat' dir='ltr'><strong>militis</strong></span> 
     </span>
    </p>
   </div>
   <div class='ocr_carea' id='block_1_11' title="bbox 552 2754 1628 4350">
    <p class='ocr_par' dir='ltr' id='par_1_12' title="bbox 553 2754 1623 3643">
     <span class='ocr_line' id='line_1_27' title="bbox 553 2754 1619 2819; baseline 0.003 -17"><span class='ocrx_word' id='word_1_188' title='bbox 553 2754 704 2804; x_wconf 89' lang='lat' dir='ltr'><strong>Rom.</strong></span> <span class='ocrx_word' id='word_1_189' title='bbox 722 2761 889 2804; x_wconf 85' lang='lat' dir='ltr'><strong>erant.</strong></span> <span class='ocrx_word' id='word_1_190' title='bbox 953 2756 1039 2804; x_wconf 88' lang='lat' dir='ltr'><strong>Sic</strong></span> <span class='ocrx_word' id='word_1_191' title='bbox 1061 2756 1472 2819; x_wconf 82' lang='lat' dir='ltr'><strong>insultabant,ut</strong></span> <span class='ocrx_word' id='word_1_192' title='bbox 1494 2772 1619 2819; x_wconf 84' lang='lat' dir='ltr'><strong>cap-</strong></span> 
     </span>
     <span class='ocr_line' id='line_1_28' title="bbox 553 2829 1620 2894; baseline 0.004 -16"><span class='ocrx_word' id='word_1_193' title='bbox 553 2830 621 2878; x_wconf 90' lang='lat' dir='ltr'><strong>tis</strong></span> <span class='ocrx_word' id='word_1_194' title='bbox 642 2829 917 2894; x_wconf 83' lang='lat' dir='ltr'><strong>victisque,</strong></span> <span class='ocrx_word' id='word_1_195' title='bbox 935 2830 1185 2883; x_wconf 88' lang='lat' dir='ltr'><strong>Armenii.</strong></span> <span class='ocrx_word' id='word_1_196' title='bbox 1223 2833 1500 2881; x_wconf 82' lang='lat' dir='ltr'><strong>Praetextu</strong></span> <span class='ocrx_word' id='word_1_197' title='bbox 1525 2848 1620 2882; x_wconf 88' lang='lat' dir='ltr'><strong>sua</strong></span> 
     </span>
     <span class='ocr_line' id='line_1_29' title="bbox 555 2904 1621 2970; baseline 0.006 -19"><span class='ocrx_word' id='word_1_198' title='bbox 555 2904 888 2966; x_wconf 83' lang='lat' dir='ltr'><strong>agnoscendi,</strong></span> <span class='ocrx_word' id='word_1_199' title='bbox 928 2906 1086 2955; x_wconf 88' lang='lat' dir='ltr'><strong>etiam</strong></span> <span class='ocrx_word' id='word_1_200' title='bbox 1123 2908 1292 2957; x_wconf 81' lang='lat' dir='ltr'><strong>aliena</strong></span> <span class='ocrx_word' id='word_1_201' title='bbox 1326 2908 1621 2970; x_wconf 82' lang='lat' dir='ltr'><strong>rapiebant,</strong></span> 
     </span>
     <span class='ocr_line' id='line_1_30' title="bbox 556 2983 1620 3038; baseline 0.008 -9"><span class='ocrx_word' id='word_1_202' title='bbox 556 2987 612 3029; x_wconf 90' lang='lat' dir='ltr'><strong>et</strong></span> <span class='ocrx_word' id='word_1_203' title='bbox 654 2983 979 3034; x_wconf 84' lang='lat' dir='ltr'><strong>concedebat</strong></span> <span class='ocrx_word' id='word_1_204' title='bbox 1012 2985 1147 3034; x_wconf 88' lang='lat' dir='ltr'><strong>ultro</strong></span> <span class='ocrx_word' id='word_1_205' title='bbox 1184 2986 1331 3035; x_wconf 84' lang='lat' dir='ltr'><strong>miles</strong></span> <span class='ocrx_word' id='word_1_206' title='bbox 1372 2987 1518 3036; x_wconf 87' lang='lat' dir='ltr'><strong>Rom.</strong></span> <span class='ocrx_word' id='word_1_207' title='bbox 1552 3001 1620 3038; x_wconf 86' lang='lat' dir='ltr'><strong>ne</strong></span> 
     </span>
     <span class='ocr_line' id='line_1_31' title="bbox 558 3058 1341 3134; baseline 0.01 -31"><span class='ocrx_word' id='word_1_208' title='bbox 558 3071 659 3120; x_wconf 86' lang='lat' dir='ltr'><strong>qua</strong></span> <span class='ocrx_word' id='word_1_209' title='bbox 681 3058 846 3121; x_wconf 83' lang='lat' dir='ltr'><strong>praelii</strong></span> <span class='ocrx_word' id='word_1_210' title='bbox 881 3074 1033 3109; x_wconf 80' lang='lat' dir='ltr'><strong>causa</strong></span> <span class='ocrx_word' id='word_1_211' title='bbox 1058 3062 1341 3134; x_wconf 33' lang='lat' dir='ltr'><strong>existeret..</strong></span> 
     </span>
     <span class='ocr_line' id='line_1_32' title="bbox 556 3134 1619 3205; baseline 0.008 -24"><span class='ocrx_word' id='word_1_212' title='bbox 556 3169 559 3174; x_wconf 59' lang='grc'><strong><em>«</em></strong></span> <span class='ocrx_word' id='word_1_213' title='bbox 622 3140 645 3165; x_wconf 76' lang='lat'><strong>¹¹</strong></span> <span class='ocrx_word' id='word_1_214' title='bbox 677 3134 885 3184; x_wconf 81' lang='lat' dir='ltr'><strong>Retenta</strong></span> <span class='ocrx_word' id='word_1_215' title='bbox 924 3138 1084 3201; x_wconf 79' lang='lat' dir='ltr'><strong>arma]</strong></span> <span class='ocrx_word' id='word_1_216' title='bbox 1158 3140 1253 3188; x_wconf 87' lang='lat' dir='ltr'><strong>Est</strong></span> <span class='ocrx_word' id='word_1_217' title='bbox 1297 3140 1383 3203; x_wconf 90' lang='lat' dir='ltr'><strong>qui</strong></span> <span class='ocrx_word' id='word_1_218' title='bbox 1427 3147 1619 3205; x_wconf 85' lang='lat' dir='ltr'><strong>vertat,</strong></span> 
     </span>
     <span class='ocr_line' id='line_1_33' title="bbox 559 3211 1622 3281; baseline 0.008 -22"><span class='ocrx_word' id='word_1_219' title='bbox 559 3211 702 3275; x_wconf 84' lang='lat' dir='ltr'><strong>quasi</strong></span> <span class='ocrx_word' id='word_1_220' title='bbox 739 3211 887 3261; x_wconf 87' lang='lat' dir='ltr'><strong>miles</strong></span> <span class='ocrx_word' id='word_1_221' title='bbox 941 3215 1087 3266; x_wconf 90' lang='lat' dir='ltr'><strong>Rom.</strong></span> <span class='ocrx_word' id='word_1_222' title='bbox 1144 3217 1415 3265; x_wconf 82' lang='lat' dir='ltr'><strong>retinuerit</strong></span> <span class='ocrx_word' id='word_1_223' title='bbox 1461 3229 1622 3281; x_wconf 80' lang='lat' dir='ltr'><strong>arma,</strong></span> 
     </span>
     <span class='ocr_line' id='line_1_34' title="bbox 555 3289 1620 3343; baseline 0.006 -6"><span class='ocrx_word' id='word_1_224' title='bbox 555 3289 686 3338; x_wconf 87' lang='lat' dir='ltr'><strong>licet</strong></span> <span class='ocrx_word' id='word_1_225' title='bbox 719 3295 865 3338; x_wconf 82' lang='lat' dir='ltr'><strong>veste</strong></span> <span class='ocrx_word' id='word_1_226' title='bbox 894 3297 1078 3340; x_wconf 80' lang='lat' dir='ltr'><strong>exutus</strong></span> <span class='ocrx_word' id='word_1_227' title='bbox 1124 3292 1194 3341; x_wconf 85' lang='lat' dir='ltr'><strong>sit</strong></span> <span class='ocrx_word' id='word_1_228' title='bbox 1231 3293 1297 3342; x_wconf 85' lang='lat' dir='ltr'><strong>ab</strong></span> <span class='ocrx_word' id='word_1_229' title='bbox 1330 3292 1620 3343; x_wconf 84' lang='lat' dir='ltr'><strong>Armeniis:</strong></span> 
     </span>
     <span class='ocr_line' id='line_1_35' title="bbox 556 3365 1617 3429; baseline 0.008 -16"><span class='ocrx_word' id='word_1_230' title='bbox 556 3365 648 3414; x_wconf 87' lang='lat' dir='ltr'><strong>sed</strong></span> <span class='ocrx_word' id='word_1_231' title='bbox 703 3372 850 3429; x_wconf 87' lang='lat' dir='ltr'><strong>puto,</strong></span> <span class='ocrx_word' id='word_1_232' title='bbox 895 3368 959 3418; x_wconf 81' lang='lat' dir='ltr'><strong>ab</strong></span> <span class='ocrx_word' id='word_1_233' title='bbox 980 3368 1239 3417; x_wconf 84' lang='lat' dir='ltr'><strong>Armeniis</strong></span> <span class='ocrx_word' id='word_1_234' title='bbox 1287 3370 1474 3419; x_wconf 78' lang='lat' dir='ltr'><strong>ablatae</strong></span> <span class='ocrx_word' id='word_1_235' title='bbox 1512 3372 1617 3422; x_wconf 83' lang='lat' dir='ltr'><strong>illis</strong></span> 
     </span>
     <span class='ocr_line' id='line_1_36' title="bbox 560 3441 1621 3508; baseline 0.008 -20"><span class='ocrx_word' id='word_1_236' title='bbox 560 3446 748 3502; x_wconf 72' lang='lat' dir='ltr'><strong>restes,</strong></span> <span class='ocrx_word' id='word_1_237' title='bbox 785 3441 960 3491; x_wconf 86' lang='lat' dir='ltr'><strong>ablata</strong></span> <span class='ocrx_word' id='word_1_238' title='bbox 991 3457 1153 3506; x_wconf 86' lang='lat' dir='ltr'><strong>arma,</strong></span> <span class='ocrx_word' id='word_1_239' title='bbox 1178 3445 1351 3508; x_wconf 74' lang='lat' dir='ltr'><strong>pavido</strong></span> <span class='ocrx_word' id='word_1_240' title='bbox 1383 3445 1538 3494; x_wconf 73' lang='lat' dir='ltr'><strong>milite</strong></span> <span class='ocrx_word' id='word_1_241' title='bbox 1574 3452 1621 3496; x_wconf 79' lang='lat' dir='ltr'><strong>et</strong></span> 
     </span>
     <span class='ocr_line' id='line_1_37' title="bbox 556 3519 1623 3585; baseline 0.007 -21"><span class='ocrx_word' id='word_1_242' title='bbox 556 3519 846 3582; x_wconf 75' lang='lat' dir='ltr'><strong>concedente,</strong></span> <span class='ocrx_word' id='word_1_243' title='bbox 882 3534 948 3570; x_wconf 86' lang='lat' dir='ltr'><strong>ne</strong></span> <span class='ocrx_word' id='word_1_244' title='bbox 982 3535 1081 3584; x_wconf 86' lang='lat' dir='ltr'><strong>qua</strong></span> <span class='ocrx_word' id='word_1_245' title='bbox 1117 3536 1303 3585; x_wconf 71' lang='lat' dir='ltr'><strong>pugnae</strong></span> <span class='ocrx_word' id='word_1_246' title='bbox 1348 3536 1500 3571; x_wconf 83' lang='lat' dir='ltr'><strong>causa</strong></span> <span class='ocrx_word' id='word_1_247' title='bbox 1537 3538 1623 3573; x_wconf 86' lang='lat' dir='ltr'><strong>ex-</strong></span> 
     </span>
     <span class='ocr_line' id='line_1_38' title="bbox 557 3593 982 3643; baseline 0.012 -3"><span class='ocrx_word' id='word_1_248' title='bbox 557 3593 757 3643; x_wconf 77' lang='lat' dir='ltr'><strong>isteret.</strong></span> <span class='ocrx_word' id='word_1_249' title='bbox 846 3627 849 3628; x_wconf 25' lang='grc' dir='ltr'><em>ν</em></span> <span class='ocrx_word' id='word_1_250' title='bbox 974 3627 982 3633; x_wconf 87' lang='lat'><strong>·</strong></span> 
     </span>
    </p>

    <p class='ocr_par' dir='ltr' id='par_1_13' title="bbox 558 3670 1625 4113">
     <span class='ocr_line' id='line_1_39' title="bbox 624 3670 1620 3736; baseline 0.007 -17"><span class='ocrx_word' id='word_1_251' title='bbox 624 3677 647 3702; x_wconf 86' lang='lat'>⁰</span> <span class='ocrx_word' id='word_1_252' title='bbox 678 3670 1001 3736; x_wconf 72' lang='lat' dir='ltr'><strong>Aggregatis]</strong></span> <span class='ocrx_word' id='word_1_253' title='bbox 1046 3673 1170 3723; x_wconf 84' lang='lat' dir='ltr'><strong>Non</strong></span> <span class='ocrx_word' id='word_1_254' title='bbox 1206 3674 1270 3722; x_wconf 88' lang='lat' dir='ltr'><strong>ad</strong></span> <span class='ocrx_word' id='word_1_255' title='bbox 1307 3674 1469 3724; x_wconf 84' lang='lat' dir='ltr'><strong>instar</strong></span> <span class='ocrx_word' id='word_1_256' title='bbox 1514 3681 1620 3726; x_wconf 87' lang='lat' dir='ltr'><strong>tro·</strong></span> 
     </span>
     <span class='ocr_line' id='line_1_40' title="bbox 558 3747 1621 3814; baseline 0.007 -20"><span class='ocrx_word' id='word_1_257' title='bbox 558 3747 714 3808; x_wconf 85' lang='lat' dir='ltr'><strong>phaei,</strong></span> <span class='ocrx_word' id='word_1_258' title='bbox 736 3755 794 3798; x_wconf 89' lang='lat' dir='ltr'><strong>ut</strong></span> <span class='ocrx_word' id='word_1_259' title='bbox 816 3757 1053 3810; x_wconf 84' lang='lat' dir='ltr'><strong>vertunt3</strong></span> <span class='ocrx_word' id='word_1_260' title='bbox 1080 3750 1217 3814; x_wconf 88' lang='lat' dir='ltr'><strong>quod</strong></span> <span class='ocrx_word' id='word_1_261' title='bbox 1240 3757 1441 3800; x_wconf 87' lang='lat' dir='ltr'><strong>tantum</strong></span> <span class='ocrx_word' id='word_1_262' title='bbox 1464 3753 1621 3803; x_wconf 84' lang='lat' dir='ltr'><strong>moris</strong></span> 
     </span>
     <span class='ocr_line' id='line_1_41' title="bbox 561 3823 1621 3890; baseline 0.007 -18"><span class='ocrx_word' id='word_1_263' title='bbox 561 3823 860 3874; x_wconf 84' lang='lat' dir='ltr'><strong>Groecorum</strong></span> <span class='ocrx_word' id='word_1_264' title='bbox 894 3825 1011 3889; x_wconf 80' lang='lat' dir='ltr'><strong>fuit,</strong></span> <span class='ocrx_word' id='word_1_265' title='bbox 1029 3841 1174 3875; x_wconf 86' lang='lat' dir='ltr'><strong>vanae</strong></span> <span class='ocrx_word' id='word_1_266' title='bbox 1211 3827 1397 3890; x_wconf 83' lang='lat' dir='ltr'><strong>gentis,</strong></span> <span class='ocrx_word' id='word_1_267' title='bbox 1414 3835 1470 3878; x_wconf 81' lang='lat' dir='ltr'><strong>et</strong></span> <span class='ocrx_word' id='word_1_268' title='bbox 1487 3831 1537 3877; x_wconf 87' lang='lat' dir='ltr'><strong>in</strong></span> <span class='ocrx_word' id='word_1_269' title='bbox 1559 3844 1621 3879; x_wconf 88' lang='lat' dir='ltr'><strong>eo</strong></span> 
     </span>
     <span class='ocr_line' id='line_1_42' title="bbox 562 3901 1624 3969; baseline 0.008 -22"><span class='ocrx_word' id='word_1_270' title='bbox 562 3914 739 3961; x_wconf 81' lang='lat' dir='ltr'><strong>parum</strong></span> <span class='ocrx_word' id='word_1_271' title='bbox 770 3901 1028 3952; x_wconf 65' lang='lat' dir='ltr'><strong>laudatae:</strong></span> <span class='ocrx_word' id='word_1_272' title='bbox 1066 3902 1118 3950; x_wconf 91' lang='lat' dir='ltr'><strong>id</strong></span> <span class='ocrx_word' id='word_1_273' title='bbox 1156 3917 1375 3966; x_wconf 88' lang='lat' dir='ltr'><strong>raroque</strong></span> <span class='ocrx_word' id='word_1_274' title='bbox 1410 3920 1624 3969; x_wconf 84' lang='lat' dir='ltr'><strong>usurpa·</strong></span> 
     </span>
     <span class='ocr_line' id='line_1_43' title="bbox 562 3978 1625 4039; baseline 0.009 -17"><span class='ocrx_word' id='word_1_275' title='bbox 562 3982 671 4024; x_wconf 86' lang='lat' dir='ltr'><strong>tum</strong></span> <span class='ocrx_word' id='word_1_276' title='bbox 696 3978 971 4036; x_wconf 81' lang='lat' dir='ltr'><strong>Romanis3</strong></span> <span class='ocrx_word' id='word_1_277' title='bbox 1007 3984 1134 4039; x_wconf 85' lang='lat' dir='ltr'><strong>puto</strong></span> <span class='ocrx_word' id='word_1_278' title='bbox 1158 3978 1389 4039; x_wconf 81' lang='lat' dir='ltr'><strong>ignotum</strong></span> <span class='ocrx_word' id='word_1_279' title='bbox 1413 3986 1467 4029; x_wconf 89' lang='lat' dir='ltr'><strong>et</strong></span> <span class='ocrx_word' id='word_1_280' title='bbox 1494 3980 1625 4031; x_wconf 84' lang='lat' dir='ltr'><strong>inso-</strong></span> 
     </span>
     <span class='ocr_line' id='line_1_44' title="bbox 559 4052 1605 4113; baseline 0.007 -14"><span class='ocrx_word' id='word_1_281' title='bbox 559 4052 707 4100; x_wconf 82' lang='lat' dir='ltr'><strong>litum</strong></span> <span class='ocrx_word' id='word_1_282' title='bbox 727 4052 953 4113; x_wconf 76' lang='lat' dir='ltr'><strong>Parthis,</strong></span> <span class='ocrx_word' id='word_1_283' title='bbox 972 4063 1030 4103; x_wconf 91' lang='lat' dir='ltr'><strong>ut</strong></span> <span class='ocrx_word' id='word_1_284' title='bbox 1049 4061 1104 4103; x_wconf 90' lang='lat' dir='ltr'><strong>et</strong></span> <span class='ocrx_word' id='word_1_285' title='bbox 1127 4054 1387 4104; x_wconf 87' lang='lat' dir='ltr'><strong>veteribus</strong></span> <span class='ocrx_word' id='word_1_286' title='bbox 1408 4057 1605 4106; x_wconf 88' lang='lat' dir='ltr'><strong>Persis.</strong></span> 
     </span>
    </p>

    <p class='ocr_par' dir='ltr' id='par_1_14' title="bbox 552 4128 1628 4350">
     <span class='ocr_line' id='line_1_45' title="bbox 626 4128 1627 4198; baseline 0.005 -22"><span class='ocrx_word' id='word_1_287' title='bbox 626 4128 728 4177; x_wconf 87' lang='lat' dir='ltr'><strong>Sed</strong></span> <span class='ocrx_word' id='word_1_288' title='bbox 774 4129 846 4177; x_wconf 89' lang='lat' dir='ltr'><strong>sic</strong></span> <span class='ocrx_word' id='word_1_289' title='bbox 895 4137 1092 4179; x_wconf 84' lang='lat' dir='ltr'><strong>tantum</strong></span> <span class='ocrx_word' id='word_1_290' title='bbox 1135 4131 1274 4191; x_wconf 83' lang='lat' dir='ltr'><strong>Rex,</strong></span> <span class='ocrx_word' id='word_1_291' title='bbox 1324 4141 1380 4180; x_wconf 89' lang='lat' dir='ltr'><strong>ut</strong></span> <span class='ocrx_word' id='word_1_292' title='bbox 1424 4134 1627 4198; x_wconf 75' lang='lat' dir='ltr'><strong>cladem</strong></span> 
     </span>
     <span class='ocr_line' id='line_1_46' title="bbox 565 4206 1627 4271; baseline 0.008 -21"><span class='ocrx_word' id='word_1_293' title='bbox 565 4211 814 4266; x_wconf 86' lang='lat' dir='ltr'><strong>nostram,</strong></span> <span class='ocrx_word' id='word_1_294' title='bbox 870 4206 1124 4271; x_wconf 83' lang='lat' dir='ltr'><strong>simulque</strong></span> <span class='ocrx_word' id='word_1_295' title='bbox 1171 4208 1440 4258; x_wconf 83' lang='lat' dir='ltr'><strong>victoriam</strong></span> <span class='ocrx_word' id='word_1_296' title='bbox 1481 4224 1627 4259; x_wconf 83' lang='lat' dir='ltr'><strong>suam</strong></span> 
     </span>
     <span class='ocr_line' id='line_1_47' title="bbox 552 4282 1628 4350; baseline 0.007 -23"><span class='ocrx_word' id='word_1_297' title='bbox 552 4285 848 4330; x_wconf 79' lang='lat' dir='ltr'><strong>ostentaret</strong></span> <span class='ocrx_word' id='word_1_298' title='bbox 893 4282 1203 4342; x_wconf 70' lang='lat' dir='ltr'><strong>abeuntibus</strong></span> <span class='ocrx_word' id='word_1_299' title='bbox 1224 4284 1411 4350; x_wconf 84' lang='lat' dir='ltr'><strong>.vic.tis,</strong></span> <span class='ocrx_word' id='word_1_300' title='bbox 1459 4291 1516 4335; x_wconf 88' lang='lat' dir='ltr'><strong>et</strong></span> <span class='ocrx_word' id='word_1_301' title='bbox 1560 4285 1628 4338; x_wconf 75' lang='lat' dir='ltr'><strong>ad</strong></span> 
     </span>
    </p>
   </div>
   <div class='ocr_carea' id='block_1_12' title="bbox 1697 2221 2838 2283">
    <p class='ocr_par' dir='ltr' id='par_1_15' title="bbox 1697 2221 2838 2283">
     <span class='ocr_line' id='line_1_48' title="bbox 1697 2221 2838 2283; baseline 0.002 -12"><span class='ocrx_word' id='word_1_302' title='bbox 1697 2229 2086 2272; x_wconf 87' lang='lat' dir='ltr'><strong>monumentum</strong></span> <span class='ocrx_word' id='word_1_303' title='bbox 2105 2221 2336 2271; x_wconf 76' lang='lat' dir='ltr'><strong>victoriae</strong></span> <span class='ocrx_word' id='word_1_304' title='bbox 2353 2226 2673 2283; x_wconf 82' lang='lat' dir='ltr'><strong>strueretur,</strong></span> <span class='ocrx_word' id='word_1_305' title='bbox 2685 2224 2772 2273; x_wconf 78' lang='lat' dir='ltr'><strong>aut</strong></span> <span class='ocrx_word' id='word_1_306' title='bbox 2827 2271 2838 2277; x_wconf 71' lang='grc'>,</span> 
     </span>
    </p>
   </div>
   <div class='ocr_carea' id='block_1_13' title="bbox 1676 2291 2374 2364">
    <p class='ocr_par' dir='ltr' id='par_1_16' title="bbox 1676 2291 2374 2364">
     <span class='ocr_line' id='line_1_49' title="bbox 1676 2291 2374 2364; baseline 0 -16"><span class='ocrx_word' id='word_1_307' title='bbox 1676 2291 1682 2295; x_wconf 61' lang='grc'><strong>’</strong></span> <span class='ocrx_word' id='word_1_308' title='bbox 1702 2306 2001 2362; x_wconf 83' lang='lat' dir='ltr'><strong>superesset</strong></span> <span class='ocrx_word' id='word_1_309' title='bbox 2018 2299 2071 2348; x_wconf 90' lang='lat' dir='ltr'><strong>in</strong></span> <span class='ocrx_word' id='word_1_310' title='bbox 2093 2304 2374 2364; x_wconf 88' lang='lat' dir='ltr'><strong>posterum.</strong></span> 
     </span>
    </p>
   </div>
   <div class='ocr_carea' id='block_1_14' title="bbox 1762 2371 2771 2439">
    <p class='ocr_par' dir='ltr' id='par_1_17' title="bbox 1762 2371 2771 2439">
     <span class='ocr_line' id='line_1_50' title="bbox 1762 2371 2771 2439; baseline -0.008 -12"><span class='ocrx_word' id='word_1_311' title='bbox 1762 2375 1913 2427; x_wconf 80' lang='lat' dir='ltr'><strong>Quod</strong></span> <span class='ocrx_word' id='word_1_312' title='bbox 1953 2382 2099 2439; x_wconf 82' lang='lat' dir='ltr'><strong>patet</strong></span> <span class='ocrx_word' id='word_1_313' title='bbox 2123 2373 2278 2437; x_wconf 85' lang='lat' dir='ltr'><strong>infra,</strong></span> <span class='ocrx_word' id='word_1_314' title='bbox 2299 2388 2417 2422; x_wconf 89' lang='lat' dir='ltr'><strong>cnm</strong></span> <span class='ocrx_word' id='word_1_315' title='bbox 2438 2371 2672 2435; x_wconf 73' lang='lat' dir='ltr'><strong>reliquias</strong></span> <span class='ocrx_word' id='word_1_316' title='bbox 2698 2371 2771 2419; x_wconf 75' lang='lat' dir='ltr'><strong>in·</strong></span> 
     </span>
    </p>
   </div>
   <div class='ocr_carea' id='block_1_15' title="bbox 1684 2444 2806 2517">
    <p class='ocr_par' dir='ltr' id='par_1_18' title="bbox 1684 2444 2806 2517">
     <span class='ocr_line' id='line_1_51' title="bbox 1684 2444 2806 2517; baseline -0.004 -16"><span class='ocrx_word' id='word_1_317' title='bbox 1684 2449 1850 2512; x_wconf 77' lang='lat' dir='ltr'><strong>felicis</strong></span> <span class='ocrx_word' id='word_1_318' title='bbox 1887 2451 2067 2515; x_wconf 62' lang='lat' dir='ltr'><strong>prcelii,</strong></span> <span class='ocrx_word' id='word_1_319' title='bbox 2096 2450 2306 2517; x_wconf 89' lang='lat' dir='ltr'><strong>operire</strong></span> <span class='ocrx_word' id='word_1_320' title='bbox 2361 2447 2589 2513; x_wconf 84' lang='lat' dir='ltr'><strong>jubetur</strong></span> <span class='ocrx_word' id='word_1_321' title='bbox 2633 2444 2806 2497; x_wconf 79' lang='lat' dir='ltr'><strong>filius·</strong></span> 
     </span>
    </p>
   </div>
   <div class='ocr_carea' id='block_1_16' title="bbox 1697 2528 2785 4352">
    <p class='ocr_par' dir='ltr' id='par_1_19' title="bbox 1700 2528 2292 2592">
     <span class='ocr_line' id='line_1_52' title="bbox 1700 2528 2292 2592; baseline 0.012 -15"><span class='ocrx_word' id='word_1_322' title='bbox 1700 2528 1814 2592; x_wconf 88' lang='lat' dir='ltr'><strong>ipse</strong></span> <span class='ocrx_word' id='word_1_323' title='bbox 1840 2529 1995 2578; x_wconf 79' lang='lat' dir='ltr'><strong>Paeti.</strong></span> <span class='ocrx_word' id='word_1_324' title='bbox 2289 2583 2292 2584; x_wconf 10' lang='grc' dir='ltr'><em>γ</em></span> 
     </span>
    </p>

    <p class='ocr_par' dir='ltr' id='par_1_20' title="bbox 1697 2603 2779 3347">
     <span class='ocr_line' id='line_1_53' title="bbox 1762 2603 2776 2669; baseline -0.004 -14"><span class='ocrx_word' id='word_1_325' title='bbox 1762 2611 1789 2650; x_wconf 73' lang='grc' dir='ltr'><strong>Ρ</strong></span> <span class='ocrx_word' id='word_1_326' title='bbox 1810 2605 2118 2669; x_wconf 66' lang='lat' dir='ltr'><strong>&amp;aper-biam]</strong></span> <span class='ocrx_word' id='word_1_327' title='bbox 2179 2607 2298 2658; x_wconf 80' lang='lat' dir='ltr'><strong>Qua</strong></span> <span class='ocrx_word' id='word_1_328' title='bbox 2348 2603 2590 2654; x_wconf 83' lang='lat' dir='ltr'><strong>obsessas</strong></span> <span class='ocrx_word' id='word_1_329' title='bbox 2636 2603 2776 2652; x_wconf 76' lang='lat' dir='ltr'><strong>clan-</strong></span> 
     </span>
     <span class='ocr_line' id='line_1_54' title="bbox 1698 2678 2775 2746; baseline -0.004 -16"><span class='ocrx_word' id='word_1_330' title='bbox 1698 2696 1884 2746; x_wconf 82' lang='lat' dir='ltr'><strong>sasqne</strong></span> <span class='ocrx_word' id='word_1_331' title='bbox 1914 2683 2145 2746; x_wconf 78' lang='lat' dir='ltr'><strong>legiones</strong></span> <span class='ocrx_word' id='word_1_332' title='bbox 2185 2682 2253 2731; x_wconf 86' lang='lat' dir='ltr'><strong>ad</strong></span> <span class='ocrx_word' id='word_1_333' title='bbox 2294 2687 2451 2743; x_wconf 88' lang='lat' dir='ltr'><strong>turpe</strong></span> <span class='ocrx_word' id='word_1_334' title='bbox 2482 2678 2658 2729; x_wconf 85' lang='lat' dir='ltr'><strong>foedus</strong></span> <span class='ocrx_word' id='word_1_335' title='bbox 2682 2679 2775 2728; x_wconf 74' lang='lat' dir='ltr'><strong>im·</strong></span> 
     </span>
     <span class='ocr_line' id='line_1_55' title="bbox 1699 2754 2776 2823; baseline -0.005 -16"><span class='ocrx_word' id='word_1_336' title='bbox 1699 2758 1921 2821; x_wconf 82' lang='lat' dir='ltr'><strong>pulerat,</strong></span> <span class='ocrx_word' id='word_1_337' title='bbox 1954 2773 2052 2823; x_wconf 89' lang='lat' dir='ltr'><strong>qua</strong></span> <span class='ocrx_word' id='word_1_338' title='bbox 2088 2759 2339 2821; x_wconf 83' lang='lat' dir='ltr'><strong>jusserat,</strong></span> <span class='ocrx_word' id='word_1_339' title='bbox 2369 2763 2428 2805; x_wconf 89' lang='lat' dir='ltr'><strong>nt</strong></span> <span class='ocrx_word' id='word_1_340' title='bbox 2465 2754 2636 2805; x_wconf 87' lang='lat' dir='ltr'><strong>omnis</strong></span> <span class='ocrx_word' id='word_1_341' title='bbox 2677 2755 2776 2803; x_wconf 88' lang='lat' dir='ltr'><strong>Ro-</strong></span> 
     </span>
     <span class='ocr_line' id='line_1_56' title="bbox 1697 2832 2776 2893; baseline -0.002 -11"><span class='ocrx_word' id='word_1_342' title='bbox 1697 2848 1877 2884; x_wconf 81' lang='lat' dir='ltr'><strong>manus</strong></span> <span class='ocrx_word' id='word_1_343' title='bbox 1909 2836 2054 2884; x_wconf 85' lang='lat' dir='ltr'><strong>miles</strong></span> <span class='ocrx_word' id='word_1_344' title='bbox 2076 2835 2324 2885; x_wconf 86' lang='lat' dir='ltr'><strong>Armenia</strong></span> <span class='ocrx_word' id='word_1_345' title='bbox 2357 2832 2696 2893; x_wconf 77' lang='lat' dir='ltr'><strong>abscederet,</strong></span> <span class='ocrx_word' id='word_1_346' title='bbox 2716 2836 2776 2881; x_wconf 90' lang='lat' dir='ltr'><strong>ut</strong></span> 
     </span>
     <span class='ocr_line' id='line_1_57' title="bbox 1697 2908 2779 2975; baseline -0.002 -16"><span class='ocrx_word' id='word_1_347' title='bbox 1697 2925 1830 2975; x_wconf 79' lang='lat' dir='ltr'><strong>pons</strong></span> <span class='ocrx_word' id='word_1_348' title='bbox 1851 2912 1949 2975; x_wconf 79' lang='lat' dir='ltr'><strong>ipsi</strong></span> <span class='ocrx_word' id='word_1_349' title='bbox 1983 2912 2349 2974; x_wconf 78' lang='lat' dir='ltr'><strong>documentum</strong></span> <span class='ocrx_word' id='word_1_350' title='bbox 2384 2908 2623 2960; x_wconf 79' lang='lat' dir='ltr'><strong>victoriae</strong></span> <span class='ocrx_word' id='word_1_351' title='bbox 2647 2915 2779 2958; x_wconf 88' lang='lat' dir='ltr'><strong>stru·</strong></span> 
     </span>
     <span class='ocr_line' id='line_1_58' title="bbox 1697 2997 2776 3053; baseline -0.003 -14"><span class='ocrx_word' id='word_1_352' title='bbox 1697 2997 1892 3051; x_wconf 81' lang='lat' dir='ltr'><strong>eretur,</strong></span> <span class='ocrx_word' id='word_1_353' title='bbox 1915 2998 1973 3041; x_wconf 91' lang='lat' dir='ltr'><strong>ut</strong></span> <span class='ocrx_word' id='word_1_354' title='bbox 2009 3007 2153 3042; x_wconf 84' lang='lat' dir='ltr'><strong>arma</strong></span> <span class='ocrx_word' id='word_1_355' title='bbox 2186 2998 2242 3041; x_wconf 90' lang='lat' dir='ltr'><strong>et</strong></span> <span class='ocrx_word' id='word_1_356' title='bbox 2271 3003 2494 3053; x_wconf 86' lang='lat' dir='ltr'><strong>corpora</strong></span> <span class='ocrx_word' id='word_1_357' title='bbox 2521 3000 2776 3039; x_wconf 79' lang='lat' dir='ltr'><strong>eaesornm</strong></span> 
     </span>
     <span class='ocr_line' id='line_1_59' title="bbox 1699 3069 2779 3128; baseline -0.002 -12"><span class='ocrx_word' id='word_1_358' title='bbox 1699 3069 1751 3116; x_wconf 87' lang='lat' dir='ltr'><strong>in</strong></span> <span class='ocrx_word' id='word_1_359' title='bbox 1785 3083 2027 3119; x_wconf 79' lang='lat' dir='ltr'><strong>acervum</strong></span> <span class='ocrx_word' id='word_1_360' title='bbox 2061 3070 2471 3128; x_wconf 82' lang='lat' dir='ltr'><strong>cumularentur,</strong></span> <span class='ocrx_word' id='word_1_361' title='bbox 2501 3072 2559 3115; x_wconf 85' lang='lat' dir='ltr'><strong>et</strong></span> <span class='ocrx_word' id='word_1_362' title='bbox 2599 3070 2779 3114; x_wconf 82' lang='lat' dir='ltr'><strong>cetera</strong></span> 
     </span>
     <span class='ocr_line' id='line_1_60' title="bbox 1698 3141 2778 3208; baseline -0.002 -16"><span class='ocrx_word' id='word_1_363' title='bbox 1698 3142 1868 3194; x_wconf 83' lang='lat' dir='ltr'><strong>fastus</strong></span> <span class='ocrx_word' id='word_1_364' title='bbox 1901 3143 2167 3205; x_wconf 83' lang='lat' dir='ltr'><strong>Parthiei;</strong></span> <span class='ocrx_word' id='word_1_365' title='bbox 2204 3145 2384 3208; x_wconf 83' lang='lat' dir='ltr'><strong>sicque</strong></span> <span class='ocrx_word' id='word_1_366' title='bbox 2409 3143 2559 3191; x_wconf 83' lang='lat' dir='ltr'><strong>velut</strong></span> <span class='ocrx_word' id='word_1_367' title='bbox 2591 3141 2778 3206; x_wconf 80' lang='lat' dir='ltr'><strong>ingens</strong></span> 
     </span>
     <span class='ocr_line' id='line_1_61' title="bbox 1704 3221 2779 3280; baseline -0.002 -11"><span class='ocrx_word' id='word_1_368' title='bbox 1704 3221 1940 3280; x_wconf 65' lang='lat' dir='ltr'><strong>victorin</strong></span> <span class='ocrx_word' id='word_1_369' title='bbox 1975 3235 2082 3270; x_wconf 78' lang='lat' dir='ltr'><strong>suae</strong></span> <span class='ocrx_word' id='word_1_370' title='bbox 2118 3225 2511 3270; x_wconf 86' lang='lat' dir='ltr'><strong>monumentum</strong></span> <span class='ocrx_word' id='word_1_371' title='bbox 2544 3223 2779 3268; x_wconf 83' lang='lat' dir='ltr'><strong>ostenta·</strong></span> 
     </span>
     <span class='ocr_line' id='line_1_62' title="bbox 1703 3303 1803 3347; baseline 0.03 -3"><span class='ocrx_word' id='word_1_372' title='bbox 1703 3303 1803 3347; x_wconf 87' lang='lat' dir='ltr'><strong>ret.</strong></span> 
     </span>
    </p>

    <p class='ocr_par' dir='ltr' id='par_1_21' title="bbox 1697 3367 2784 4108">
     <span class='ocr_line' id='line_1_63' title="bbox 1767 3367 2778 3432; baseline -0.006 -10"><span class='ocrx_word' id='word_1_373' title='bbox 1767 3374 1966 3423; x_wconf 86' lang='lat' dir='ltr'><strong>Postea</strong></span> <span class='ocrx_word' id='word_1_374' title='bbox 2009 3371 2265 3423; x_wconf 86' lang='lat' dir='ltr'><strong>abstinuit</strong></span> <span class='ocrx_word' id='word_1_375' title='bbox 2301 3370 2419 3419; x_wconf 85' lang='lat' dir='ltr'><strong>visu</strong></span> <span class='ocrx_word' id='word_1_376' title='bbox 2461 3367 2778 3432; x_wconf 77' lang='lat' dir='ltr'><strong>fugientium</strong></span> 
     </span>
     <span class='ocr_line' id='line_1_64' title="bbox 1699 3445 2776 3513; baseline -0.005 -16"><span class='ocrx_word' id='word_1_377' title='bbox 1699 3449 1981 3512; x_wconf 85' lang='lat' dir='ltr'><strong>legionum,</strong></span> <span class='ocrx_word' id='word_1_378' title='bbox 2019 3449 2141 3513; x_wconf 87' lang='lat' dir='ltr'><strong>quia</strong></span> <span class='ocrx_word' id='word_1_379' title='bbox 2179 3448 2231 3496; x_wconf 89' lang='lat' dir='ltr'><strong>id</strong></span> <span class='ocrx_word' id='word_1_380' title='bbox 2268 3445 2406 3496; x_wconf 87' lang='lat' dir='ltr'><strong>infra</strong></span> <span class='ocrx_word' id='word_1_381' title='bbox 2446 3445 2776 3508; x_wconf 86' lang='lat' dir='ltr'><strong>majestatem</strong></span> 
     </span>
     <span class='ocr_line' id='line_1_65' title="bbox 1699 3520 2781 3587; baseline -0.001 -16"><span class='ocrx_word' id='word_1_382' title='bbox 1699 3524 1911 3573; x_wconf 72' lang='lat' dir='ltr'><strong>victoris</strong></span> <span class='ocrx_word' id='word_1_383' title='bbox 1951 3525 2249 3587; x_wconf 81' lang='lat' dir='ltr'><strong>Regisque:</strong></span> <span class='ocrx_word' id='word_1_384' title='bbox 2313 3522 2495 3585; x_wconf 87' lang='lat' dir='ltr'><strong>sicque</strong></span> <span class='ocrx_word' id='word_1_385' title='bbox 2532 3520 2781 3584; x_wconf 73' lang='lat' dir='ltr'><strong>superbis</strong></span> 
     </span>
     <span class='ocr_line' id='line_1_66' title="bbox 1697 3595 2781 3663; baseline -0.004 -15"><span class='ocrx_word' id='word_1_386' title='bbox 1697 3599 1862 3663; x_wconf 83' lang='lat' dir='ltr'><strong>magis</strong></span> <span class='ocrx_word' id='word_1_387' title='bbox 1896 3614 2052 3663; x_wconf 87' lang='lat' dir='ltr'><strong>quam</strong></span> <span class='ocrx_word' id='word_1_388' title='bbox 2101 3598 2362 3648; x_wconf 84' lang='lat' dir='ltr'><strong>modestia</strong></span> <span class='ocrx_word' id='word_1_389' title='bbox 2411 3596 2673 3646; x_wconf 86' lang='lat' dir='ltr'><strong>abstinuit</strong></span> <span class='ocrx_word' id='word_1_390' title='bbox 2712 3595 2781 3644; x_wconf 80' lang='lat' dir='ltr'><strong>vi·</strong></span> 
     </span>
     <span class='ocr_line' id='line_1_67' title="bbox 1701 3672 2784 3725; baseline -0.003 -2"><span class='ocrx_word' id='word_1_391' title='bbox 1701 3674 1826 3724; x_wconf 86' lang='lat' dir='ltr'><strong>dere</strong></span> <span class='ocrx_word' id='word_1_392' title='bbox 1851 3675 2104 3725; x_wconf 85' lang='lat' dir='ltr'><strong>abeuntes</strong></span> <span class='ocrx_word' id='word_1_393' title='bbox 2124 3675 2400 3723; x_wconf 85' lang='lat' dir='ltr'><strong>Romanos.</strong></span> <span class='ocrx_word' id='word_1_394' title='bbox 2468 3674 2559 3721; x_wconf 84' lang='lat' dir='ltr'><strong>Sic</strong></span> <span class='ocrx_word' id='word_1_395' title='bbox 2583 3672 2784 3724; x_wconf 59' lang='lat' dir='ltr'><strong>modesv</strong></span> 
     </span>
     <span class='ocr_line' id='line_1_68' title="bbox 1700 3749 2781 3815; baseline 0 -16"><span class='ocrx_word' id='word_1_396' title='bbox 1700 3749 1788 3800; x_wconf 82' lang='lat' dir='ltr'><strong>tiae</strong></span> <span class='ocrx_word' id='word_1_397' title='bbox 1807 3751 1968 3801; x_wconf 87' lang='lat' dir='ltr'><strong>decus</strong></span> <span class='ocrx_word' id='word_1_398' title='bbox 1990 3751 2304 3815; x_wconf 66' lang='lat' dir='ltr'><strong>qum-ebatur,</strong></span> <span class='ocrx_word' id='word_1_399' title='bbox 2322 3749 2562 3808; x_wconf 78' lang='lat' dir='ltr'><strong>etfama:</strong></span> <span class='ocrx_word' id='word_1_400' title='bbox 2602 3749 2698 3802; x_wconf 85' lang='lat' dir='ltr'><strong>sed</strong></span> <span class='ocrx_word' id='word_1_401' title='bbox 2724 3758 2781 3799; x_wconf 86' lang='lat' dir='ltr'><strong>ut</strong></span> 
     </span>
     <span class='ocr_line' id='line_1_69' title="bbox 1702 3825 2783 3889; baseline 0.003 -14"><span class='ocrx_word' id='word_1_402' title='bbox 1702 3828 1958 3880; x_wconf 80' lang='lat' dir='ltr'><strong>modestia</strong></span> <span class='ocrx_word' id='word_1_403' title='bbox 1992 3827 2146 3889; x_wconf 77' lang='lat' dir='ltr'><strong>falsa,</strong></span> <span class='ocrx_word' id='word_1_404' title='bbox 2181 3828 2256 3878; x_wconf 84' lang='lat' dir='ltr'><strong>ita</strong></span> <span class='ocrx_word' id='word_1_405' title='bbox 2293 3833 2350 3875; x_wconf 89' lang='lat' dir='ltr'><strong>et</strong></span> <span class='ocrx_word' id='word_1_406' title='bbox 2390 3825 2533 3875; x_wconf 85' lang='lat' dir='ltr'><strong>fama</strong></span> <span class='ocrx_word' id='word_1_407' title='bbox 2576 3833 2783 3878; x_wconf 80' lang='lat' dir='ltr'><strong>tantum</strong></span> 
     </span>
     <span class='ocr_line' id='line_1_70' title="bbox 1704 3902 2781 3970; baseline -0.003 -17"><span class='ocrx_word' id='word_1_408' title='bbox 1704 3904 1961 3967; x_wconf 83' lang='lat' dir='ltr'><strong>snperbiae</strong></span> <span class='ocrx_word' id='word_1_409' title='bbox 2014 3905 2168 3967; x_wconf 84' lang='lat' dir='ltr'><strong>regiae</strong></span> <span class='ocrx_word' id='word_1_410' title='bbox 2211 3903 2472 3970; x_wconf 77' lang='lat' dir='ltr'><strong>invainit3</strong></span> <span class='ocrx_word' id='word_1_411' title='bbox 2514 3908 2571 3950; x_wconf 88' lang='lat' dir='ltr'><strong>et</strong></span> <span class='ocrx_word' id='word_1_412' title='bbox 2608 3902 2781 3965; x_wconf 87' lang='lat' dir='ltr'><strong>potius</strong></span> 
     </span>
     <span class='ocr_line' id='line_1_71' title="bbox 1708 3978 2783 4044; baseline -0.003 -15"><span class='ocrx_word' id='word_1_413' title='bbox 1708 3981 1863 4044; x_wconf 82' lang='lat' dir='ltr'><strong>Regis</strong></span> <span class='ocrx_word' id='word_1_414' title='bbox 1882 3980 2177 4043; x_wconf 88' lang='lat' dir='ltr'><strong>superbiam</strong></span> <span class='ocrx_word' id='word_1_415' title='bbox 2214 3979 2503 4043; x_wconf 87' lang='lat' dir='ltr'><strong>prudentes</strong></span> <span class='ocrx_word' id='word_1_416' title='bbox 2529 3978 2783 4041; x_wconf 80' lang='lat' dir='ltr'><strong>interpre-</strong></span> 
     </span>
     <span class='ocr_line' id='line_1_72' title="bbox 1710 4056 1968 4108; baseline 0.008 -3"><span class='ocrx_word' id='word_1_417' title='bbox 1710 4056 1807 4105; x_wconf 75' lang='lat' dir='ltr'><strong>tati</strong></span> <span class='ocrx_word' id='word_1_418' title='bbox 1830 4063 1968 4108; x_wconf 81' lang='lat' dir='ltr'><strong>sunt.</strong></span> 
     </span>
    </p>

    <p class='ocr_par' dir='ltr' id='par_1_22' title="bbox 1701 4128 2785 4352">
     <span class='ocr_line' id='line_1_73' title="bbox 1773 4128 2785 4194; baseline 0.002 -14"><span class='ocrx_word' id='word_1_419' title='bbox 1773 4139 1798 4173; x_wconf 69' lang='grc' dir='ltr'><strong>(Ι</strong></span> <span class='ocrx_word' id='word_1_420' title='bbox 1833 4133 2099 4194; x_wconf 78' lang='lat' dir='ltr'><strong>Elephanlo</strong></span> <span class='ocrx_word' id='word_1_421' title='bbox 2114 4130 2345 4192; x_wconf 65' lang='lat' dir='ltr'><strong>insidens]</strong></span> <span class='ocrx_word' id='word_1_422' title='bbox 2371 4130 2476 4181; x_wconf 78' lang='lat' dir='ltr'><strong>Qui</strong></span> <span class='ocrx_word' id='word_1_423' title='bbox 2495 4145 2610 4179; x_wconf 83' lang='lat' dir='ltr'><strong>mos</strong></span> <span class='ocrx_word' id='word_1_424' title='bbox 2623 4135 2681 4179; x_wconf 92' lang='lat' dir='ltr'><strong>et</strong></span> <span class='ocrx_word' id='word_1_425' title='bbox 2696 4128 2785 4182; x_wconf 64' lang='lat' dir='ltr'><strong>ho,-</strong></span> 
     </span>
     <span class='ocr_line' id='line_1_74' title="bbox 1701 4205 2785 4272; baseline -0.002 -12"><span class='ocrx_word' id='word_1_426' title='bbox 1701 4207 1800 4260; x_wconf 64' lang='grc' dir='ltr'><strong>Δία</strong></span> <span class='ocrx_word' id='word_1_427' title='bbox 1818 4216 2104 4272; x_wconf 85' lang='lat' dir='ltr'><strong>usurpatur</strong></span> <span class='ocrx_word' id='word_1_428' title='bbox 2125 4209 2325 4270; x_wconf 87' lang='lat' dir='ltr'><strong>Magno</strong></span> <span class='ocrx_word' id='word_1_429' title='bbox 2359 4207 2598 4271; x_wconf 77' lang='lat' dir='ltr'><strong>Mogoiio</strong></span> <span class='ocrx_word' id='word_1_430' title='bbox 2632 4205 2785 4258; x_wconf 54' lang='lat' dir='ltr'><strong>Indue</strong></span> 
     </span>
     <span class='ocr_line' id='line_1_75' title="bbox 1703 4285 2782 4352; baseline 0.001 -15"><span class='ocrx_word' id='word_1_431' title='bbox 1703 4299 1818 4338; x_wconf 86' lang='lat' dir='ltr'><strong>rum</strong></span> <span class='ocrx_word' id='word_1_432' title='bbox 1843 4286 1998 4352; x_wconf 77' lang='lat' dir='ltr'><strong>Regi,</strong></span> <span class='ocrx_word' id='word_1_433' title='bbox 2017 4292 2093 4351; x_wconf 86' lang='lat' dir='ltr'><strong>ut,</strong></span> <span class='ocrx_word' id='word_1_434' title='bbox 2129 4285 2337 4351; x_wconf 79' lang='lat' dir='ltr'><strong>quoties</strong></span> <span class='ocrx_word' id='word_1_435' title='bbox 2370 4285 2658 4351; x_wconf 80' lang='lat' dir='ltr'><strong>elephanto</strong></span> <span class='ocrx_word' id='word_1_436' title='bbox 2696 4298 2782 4346; x_wconf 63' lang='lat' dir='ltr'><strong>vae</strong></span> 
     </span>
    </p>
   </div>
  </div>
 </body>
</html>
