3063 4952
2384 411 2556 481 1977

431 566 550 639 49.
606 568 883 636 Initium
928 566 1395 653 conjurationi¹
1454 590 1586 634 non
1635 591 1678 635 a
1732 570 2076 654 cupidine²
2129 571 2343 656 ipsius
2390 574 2555 641 fuit:

347 696 473 741 nec
515 683 737 740 tamen
779 672 979 738 facile
1023 673 1544 751 memoraverim,
1588 674 1738 757 quis
1782 675 2031 758 primus
2067 680 2323 756 auctor,
2358 678 2565 763 cujus·

345 780 662 845 instinctu
693 777 1031 842 concitum
1060 777 1167 852 sit,
1217 777 1399 861 quod
1443 783 1582 842 tam
1610 778 1805 842 multi
1838 783 2234 842 sumserunt.
2322 779 2558 845 Prom-

344 881 651 947 tissimos
696 877 1008 942 Subrium
1053 877 1382 957 Flavium,
1427 879 1794 944 Tribunum
1844 880 2190 945 Praetoriae
2243 883 2556 961 cohortiS,

345 991 415 1051 et
474 981 847 1065 Sulpicium
905 980 1202 1065 Asprum
1265 980 1737 1047 centurionem
1797 983 2121 1061 extitisse,
2183 986 2561 1049 constantia

348 1087 576 1152 exitus
621 1083 872 1150 docuit.
962 1083 1052 1148 Et
1096 1084 1401 1149 Lucanus
1453 1083 1754 1151 Annaeus
1797 1085 2240 1170 Plautiusque
2286 1086 2559 1151 Latera-

348 1198 534 1269 nus,¹
583 1187 832 1253 Consul
884 1187 1286 1271 designatuS,
1331 1189 1561 1254 vivida
1605 1190 1787 1254 odiay
1835 1189 2125 1253 intulere.
2215 1188 2561 1254 Lucamun

349 1292 643 1377 propriae
690 1309 919 1355 causae·
963 1291 1438 1370 accendebant,
1488 1291 1670 1375 quod
1717 1292 1966 1356 famam
2011 1291 2374 1355 carminum
2409 1289 2567 1374 ejus

345 1395 691 1478 premebat
734 1393 969 1473 Nero,²
1014 1393 1575 1478 prohibueratque
1623 1398 1972 1472 ostentare,
2033 1412 2240 1457 vanus
2287 1393 2559 1457 aemuia-

346 430 620 496 J.c.6o.]
1050 420 1473 478 ANNALurM
1524 423 1673 502 mn.
1720 424 1852 475 xv,

415 1593 714 1659 Principium
734 1594 1072 1657 conjurationis
1105 1610 1194 1644 mm
1225 1596 1373 1659 ipsias
1404 1596 1662 1646 ambitione
1683 1601 1865 1660 mepta:
1896 1610 1980 1645 nee
2000 1599 2155 1644 tamen
2163 1593 2315 1653 facile
2334 1593 2560 1658 dixerim,

345 1658 453 1721 quis
468 1660 653 1723 primas
672 1665 838 1722 motor,
864 1662 995 1722 meins
1014 1661 1207 1709 hamata
1229 1663 1494 1726 monituque
1514 1667 1790 1712 commotum
1810 1661 1896 1723 eit,
1918 1663 2037 1724 quod
2058 1665 2157 1708 tam
2189 1660 2331 1709 multi
2352 1674 2560 1723 sampe-

344 1728 478 1773 runt.
548 1725 830 1774 Constantia
848 1726 1014 1773 mortis
1032 1732 1316 1788 compertum
1336 1733 1424 1789 est,
1442 1728 1693 1777 acerrimos
1703 1726 1860 1785 fuisse
1883 1725 2109 1775 Subrium
2133 1725 2372 1784 Flavium,
2408 1724 2563 1774 tribu-

343 1802 459 1838 num
495 1790 736 1851 proetorioe
768 1790 989 1850 cohortis,
1026 1795 1073 1839 et
1096 1790 1358 1854 Sulpiciam
1381 1794 1586 1856 Asprum
1609 1793 1940 1843 centurionem.
2008 1792 2077 1840 Ee
2099 1790 2315 1839 Lucanus
2335 1789 2562 1855 Anna-us,

345 1859 397 1902 et
417 1852 641 1903 Plautius
661 1855 927 1903 Lateranas
947 1855 1210 1905 destinatas
1229 1858 1398 1920 carmel,
1420 1857 1769 1907 vehementibus
1789 1857 1912 1905 odiis
1934 1856 2126 1905 incitati
2147 1859 2274 1903 sunt.
2339 1855 2561 1918 Propn'ae

348 1917 614 1969 simultates
644 1918 887 1969 Lucanum
908 1920 1223 1986 impellebant,
1244 1924 1367 1988 quod
1386 1925 1519 1973 Nero
1554 1923 1761 1986 gloriam
1798 1922 2060 1972 carminum
2096 1921 2193 1982 eius
2213 1919 2464 1986 cohiberet,
2484 1936 2564 1972 ve·

1276 2052 1636 2073 OO‘OO‘OOO‘OO

417 2148 443 2193 1
485 2143 837 2207 Conjarationis
861 2145 1092 2196 Brotier.
1125 2151 1182 2196 et
1220 2146 1434 2197 Homer.
1473 2152 1529 2196 et
1566 2147 1642 2197 ita
1664 2148 1795 2199 Mss.
1830 2149 1968 2200 Flor.
2001 2150 2134 2212 Reg.
2160 2146 2289 2212 Agr.
2324 2146 2483 2199 Corb.
2507 2153 2564 2198 et

352 2208 514 2259 editio
541 2211 804 2287 princeps,
856 2211 940 2260 Sic
964 2225 1167 2324 (filoque
1192 2211 1294 2260 Ms.
1317 2211 1430 2262 Jes.
1454 2213 1618 2274 prima
1642 2227 1812 2263 manu.
1877 2213 2065 2263 Altera
2099 2227 2254 2263 manu
2295 2213 2369 2262 sic
2406 2213 2563 2262 etiam

352 2275 681 2330 emendatum
727 2291 780 2324 m
819 2275 922 2326 Ms.
1020 2276 1113 2325 ari.
1181 2276 1518 2338 Puteolanus,
1557 2278 1906 2338 conjurationi5
1957 2285 2013 2327 et
2045 2277 2119 2327 sic
2159 2276 2469 2339 Gronovius,
2507 2283 2563 2326 et

353 2339 606 2405 Ryckius,
630 2345 686 2391 et
707 2341 1019 2406 Bipont.—2
1056 2341 1398 2404 Puteolanus,
1419 2341 1698 2410 eupiditate.
1767 2343 1899 2394 Mss.
1924 2342 2085 2396 editio
2110 2343 2354 2412 princeps
2393 2346 2449 2393 et
2485 2356 2564 2392 re·

1350 2523 1579 2577 NOTAE

354 2632 420 2682 ad
442 2632 557 2698 ipsa
579 2633 725 2697 vitia,
758 2634 824 2684 ad
854 2650 978 2701 opes
1019 2643 1074 2688 et
1114 2604 1310 2703 lunum,
1333 2638 1420 2704 qni
1500 2638 1766 2703 familiam,
1789 2638 2073 2704 civitatem,
2107 2629 2361 2702 Rempub.
2384 2635 2571 2688 orbem

354 2727 419 2764 eo
441 2727 553 2764 aevo
586 2713 893 2778 invaluerat,
925 2716 1016 2766 sed
1054 2716 1317 2783 praecipue
1353 2716 1421 2780 ad

351 2791 617 2843 licentiam
640 2807 852 2842 summae
880 2790 1123 2857 fortunae,
1148 2809 1263 2859 quae
1286 2794 1422 2859 opti-

351 2883 463 2920 mos
487 2869 645 2920 etiam
679 2867 998 2920 labefactare
1034 2872 1197 2933 solet;
1233 2877 1289 2920 et
1317 2872 1424 2935 ple-

355 2946 504 3011 rique
541 2947 688 2996 luxui
731 2946 1082 3011 indulgentem
1128 2949 1422 3015 principem

357 3022 641 3074 malebant.

404 3093 447 3133 '¹
478 3100 700 3150 Plautius
720 3100 1006 3164 Lateranus]
1042 3101 1182 3152 Nam
1214 3103 1304 3153 ille
1343 3103 1421 3169 ip-

355 3192 414 3230 se
471 3178 560 3243 qui
599 3178 851 3228 adulterio
891 3177 1205 3233 Messallinae
1245 3181 1421 3244 pulsus

355 3254 538 3305 ordine
569 3253 761 3320 fuerat,
799 3256 922 3305 dein
959 3255 1230 3306 restitutus
1264 3272 1296 3306 a
1316 3257 1423 3307 Ne·

356 3332 523 3382 rone?

419 3418 444 3454 5
461 3458 466 3464 .
484 3411 657 3462 Vivida
677 3411 809 3475 odia]
847 3412 914 3461 Id
946 3416 1095 3461 certe
1117 3411 1184 3461 de
1210 3411 1423 3461 Lucano

355 3487 462 3539 dici
486 3489 673 3553 potuit.
737 3487 813 3538 At
835 3502 929 3538 cur
951 3488 1244 3538 Lateranus
1263 3488 1424 3537 vivida

354 3566 466 3615 odia
487 3562 723 3627 inferret,
757 3564 845 3628 qui
866 3565 1043 3614 consul
1066 3563 1367 3628 designatus
1392 3579 1422 3613 a

355 3642 602 3712 Nerone,¹
625 3643 677 3691 in
714 3656 864 3707 quem
887 3640 1029 3691 nulla
1050 3641 1235 3706 injuria
1257 3641 1423 3693 Nero-

355 3718 458 3781 nis,
476 3719 630 3768 immo
651 3717 958 3768 beneficium
977 3717 997 3765 ἓ

425 3797 661 3848 Adverte
680 3796 820 3863 quod
844 3797 974 3848 dicit
992 3797 1234 3847 Tacitus:
1275 3798 1425 3847 Nulla

355 3874 556 3937 injuria,
590 3876 673 3924 sed
710 3889 842 3923 amor
865 3874 1070 3937 Reipub.
1108 3875 1337 3924 sociavit.-
1369 3880 1425 3926 et

358 3967 425 4001 ex
447 3966 622 4002 amore
646 3950 864 4015 Reipub.
887 3951 1243 4001 incitabantur
1264 3951 1426 4001 vivida

357 4029 469 4077 odia
491 4028 752 4077 Laterani.
818 4028 889 4077 Et
926 4027 1036 4076 sine
1068 4028 1174 4077 ulla
1212 4027 1428 4093 propria
1467 4070 1470 4075 .

356 4105 570 4169 injuria,
592 4105 704 4170 quis
733 4117 836 4154 non
871 4102 1065 4154 odisset
1086 4105 1246 4154 talem
1267 4104 1428 4155 domi·

358 4187 592 4244 nantem,
615 4182 725 4231 solo
749 4195 922 4230 amore
946 4180 1141 4244 publici
1161 4182 1319 4232 boni?

426 4258 558 4312 Quis
580 4271 685 4307 non
699 4256 913 4306 horreat
926 4257 1253 4322 parricidam,
1263 4258 1428 4310 inces‹

362 4342 494 4403 tum,
533 4332 926 4400 incendiarium,
964 4335 1312 4401 sacrilegum,
1340 4337 1430 4402 qui

1502 2715 1744 2782 denique,
1765 2715 1954 2765 illustri
1977 2714 2224 2779 sanguine
2246 2712 2520 2764 exhausit?

1568 2800 1597 2824 2‘
1642 2794 1841 2843 Famam
1889 2794 2152 2842 carminum
2191 2793 2291 2855 qius
2325 2788 2569 2856 premebat

1504 2869 1661 2934 Nero]
1694 2871 1826 2921 Cum
1847 2870 2116 2935 Orpheum
2148 2870 2201 2919 in
2235 2871 2440 2920 theatro
2460 2868 2568 2919 Ne-

1503 2961 1564 2997 ro
1597 2953 1653 2997 et
1689 2942 1930 2998 Lucanus
1970 2949 2414 3012 pronuntiassent,
2462 2948 2564 2997 Ln-

1502 3037 1633 3074 cano
1663 3024 1868 3088 judices
1891 3039 2133 3074 eoronam
2168 3024 2391 3074 dedere:
2426 3022 2573 3090 quod

1503 3101 1650 3150 Nero
1673 3100 1852 3165 iniquo
1888 3101 2053 3150 animo
2086 3102 2163 3151 ita
2197 3101 2336 3163 tulit,
2369 3107 2428 3151 ut
2449 3098 2569 3151 foro

1502 3183 1560 3227 et
1599 3178 1802 3227 theatro
1845 3179 2056 3227 Lucano
2099 3179 2457 3239 interdiceret,
2501 3191 2569 3227 eo

1502 3256 1700 3318 vanior,
1721 3254 1861 3318 quod
1892 3255 1996 3303 suis
2030 3262 2085 3303 et
2112 3255 2310 3303 Lucani
2334 3253 2570 3304 carmini-

1503 3332 1602 3382 bus
1644 3330 2029 3380 similitudinem
2084 3331 2251 3380 inesse
2295 3329 2567 3381 credebat.

1504 3408 1737 3474 Ideoque
1759 3408 2012 3472 Papinius
2035 3409 2088 3456 in
2109 3408 2278 3472 Sylvis
2299 3407 2404 3458 ait:
2439 3412 2455 3437 ‘
2478 3408 2568 3458 In-

1504 3491 1684 3551 gratus
1706 3485 1849 3535 Nero
1870 3484 2101 3534 dulcibus
2123 3485 2338 3534 theatris
2363 3484 2434 3534 Et
2452 3497 2567 3534 nos-

1505 3570 1588 3614 ter
1626 3563 1722 3614 tibi
1759 3560 2068 3627 praeferatur
2110 3559 2390 3629 Orpheus?
2452 3560 2569 3611 Ver·

1501 3646 1628 3691 tran.

1570 3718 1824 3770 Premebat
1867 3717 2023 3780 Nero]
2077 3715 2179 3766 Sed
2218 3715 2357 3765 idem
2395 3720 2573 3765 tamen

1504 3801 1626 3862 post
1656 3802 1893 3855 mortem,
1914 3792 2100 3842 faniam
2136 3792 2185 3840 ei
2225 3805 2328 3841 non
2367 3790 2574 3853 invidit,

1504 3871 1557 3922 id
1581 3877 1680 3934 est,
1703 3870 1806 3935 legi
1825 3875 1882 3919 et
1903 3868 1987 3918 edi
2013 3867 2263 3933 permisit.
2320 3865 2439 3917 Hoc
2457 3866 2569 3915 vult

1502 3946 1774 4012 inscriptio
1804 3952 1983 3996 vetus:

1734 4039 1797 4075 M.
1828 4036 2054 4074 amum.
2088 4034 2330 4073 nvcnuo.

1732 4111 2098 4150 connvnnnsr.
2127 4098 2335 4148 Pomm.

1736 4187 2048 4226 nannrrcro.
2082 4185 2337 4224 nnnoms.

1796 4263 1968 4300 ram.
2000 4260 2271 4299 sunvxu.

1506 4328 1718 4396 Gaude,
1749 4328 2013 4380 liberrime
2054 4325 2361 4394 poetaramz
2406 4326 2569 4378 litasti
