3063 4952
432 420 621 491 1982
1159 433 1222 480 c.
1268 429 1637 480 conr-mnu
1680 429 1939 479 ‘morri

434 587 731 651 cursaret
778 577 1269 646 incustoditus-³
1362 577 1501 643 Hic
1553 578 1830 643 occasio
1877 574 2306 661 solitudinis3
2364 578 2462 644 ibi
2505 581 2670 665 ipsa·

431 684 827 772 frequentia,
855 685 1019 750 tanti
1043 682 1305 747 decoris
1328 681 1547 758 testis,
1576 681 2087 765 pulcherrimum
2118 682 2415 746 animum
2444 685 2662 750 exsti-

434 792 886 859 mulavcrant:
942 786 1071 851 nisi
1122 787 1587 870 impunitatis¹¹²
1634 785 1883 868 cupido
1933 784 2341 864 retinuisset,
2400 787 2671 871 magnis*

437 911 702 976 semper
730 891 1077 955 conatibus
1107 889 1406 954 adversa.

524 994 632 1061 61.
679 993 953 1057 Interim
998 993 1455 1058 cunctantibus
1492 989 2117 1076 prolatantibusque
2145 1011 2336 1076 spem
2351 1000 2381 1028 ¹³
2411 1013 2495 1059 ac
2524 1011 2662 1058 me·

436 1103 624 1176 hinist
682 1095 1032 1179 Epicharis
1085 1094 1419 1179 quaedam,
1467 1095 1785 1160 incertum
1836 1113 2123 1178 quonam
2169 1095 2373 1161 modo
2422 1097 2662 1162 scisci·-

436 1205 612 1266 tata⁸
634 1208 662 1236 ⁰
712 1197 960 1285 (neque
1003 1199 1105 1264 illi
1154 1205 1304 1264 ante
1344 1200 1482 1264 ulla
1523 1217 1745 1264 rerum
1770 1199 2194 1264 honestarum
2226 1219 2387 1266 cura
2414 1200 2664 1279 fuerat)

2330 433 2424 501 [Δ.
2449 435 2520 487 n.
2543 440 2667 488 ero.

434 1391 701 1441 “marium
723 1396 779 1441 et
811 1391 1184 1457 incustoditum
1216 1391 1547 1454 aggrediendi,
1583 1392 1686 1442 illic
1716 1390 1821 1456 ipsu
1852 1391 2098 1441 celebritas
2132 1395 2283 1441 tmitae
2296 1390 2474 1453 glorie
2496 1392 2662 1455 testis,

429 1456 836 1533 generosissimum
856 1457 1426 1535 indolem-accenderantf
1457 1458 1553 1507 nisi
1583 1458 1794 1507 vitanda
1823 1473 1973 1522 poenoe
2005 1457 2175 1522 cupido
2209 1457 2518 1523 cohibuisset,
2551 1473 2659 1522 quae

502 1586 694 1637 Interea
713 1523 1470 1654 aubitngffffemtibuque
1502 1602 1632 1653 spem
1664 1603 1722 1638 ae
1745 1585 2075 1650 formidinem,
2113 1587 2300 1664 mulier
2322 1588 2542 1664 quedam
2561 1603 2661 1665 nq-

434 1651 573 1701 mine
594 1652 863 1726 Iipielmris,
882 1653 1076 1705 dubium
1092 1660 1171 1705 est
1191 1669 1390 1719 quonam
1405 1658 1548 1719 pacto
1570 1669 1680 1704 rem
1695 1653 1993 1719 comperisset
2013 1651 2195 1718 (neque
2217 1668 2262 1702 ez
2283 1657 2427 1706 antec
2450 1658 2663 1704 vunnu

1374 1776 1731 1799 OOOOOONOOOO

503 1862 531 1907 1
566 1856 754 1910 Placet
775 1873 978 1926 quoque
1017 1860 1215 1926 Lipsio‚
1247 1874 1328 1925 spe
1365 1875 1423 1910 ae
1459 1863 1619 1909 metu.-
1650 1854 1915 1923 Acidalio,
1945 1871 2074 1922 spem
2107 1856 2238 1906 inter
2268 1872 2326 1906 ue
2357 1861 2658 1909 nietam—2

1444 1998 1661 2052 NOTAE

441 2118 736 2176 congruunt
774 2127 889 2163 cum
928 2113 1279 2179 superioribus
1316 2117 1374 2165 de
1394 2119 1511 2165 tem-

433 2205 550 2254 pore
571 2206 627 2240 ac
646 2192 741 2240 loco
761 2192 902 2240 caedis
923 2191 1190 2255 agitabant.

510 2266 696 2317 Potius
719 2282 928 2330 censeo,
957 2271 1200 2318 ardentem
1223 2272 1409 2319 domum
1423 2268 1507 2319 hic

443 2344 630 2408 accipi,
667 2360 760 2409 pro
791 2344 1021 2410 lucente,
1051 2347 1106 2396 id
1130 2354 1228 2408 est,
1262 2347 1506 2396 luminum

441 2420 736 2488 faciumque
770 2424 951 2488 plena:
990 2439 1104 2473 cum
1137 2424 1335 2475 scilicet
1366 2423 1508 2474 Nero

444 2507 625 2552 noctes
665 2499 905 2565 infames,
947 2509 1003 2553 et
1044 2503 1191 2568 quasi
1232 2502 1509 2553 bacchanal

445 2577 586 2627 domi
608 2578 909 2628 exercebat.

511 2653 679 2704 Paulo
723 2653 861 2704 infra
905 2655 970 2706 de
1025 2658 1250 2722 pugione
1307 2655 1510 2707 Scevini

440 2727 605 2781 dixit:
639 2730 656 2759 ‘
681 2733 911 2795 asperari
945 2748 1088 2798 saxo,
1121 2742 1176 2784 et
1210 2749 1508 2784 mucronem

443 2805 717 2857 ardescere
732 2808 929 2872 jussit!
995 2810 1225 2860 Piehena.

509 2884 896 2950 Conjiciebam;
929 2903 1036 2938 cum
1066 2892 1258 2938 madens
1292 2888 1395 2937 tino
1422 2903 1511 2952 per

443 2964 639 3009 noctem.
709 2962 1017 3013 Gronovius.

506 3034 721 3084 Ardente
755 3038 914 3101 domo]
961 3040 1046 3089 De
1091 3055 1192 3105 qua
1227 3056 1382 3105 supra
1423 3047 1505 3092 39.

441 3110 459 3138 ‘
482 3112 605 3162 Non
644 3120 766 3162 ante
805 3114 858 3163 in
892 3117 1070 3166 urbem
1108 3133 1367 3181 regressus
1407 3128 1509 3184 est,

442 3201 593 3251 quam
634 3189 806 3239 domui
843 3192 977 3255 ejus,
1017 3209 1119 3260 qua
1159 3196 1410 3259 palatium
1451 3202 1507 3246 et

439 3265 750 3317 Maecenatis
763 3269 936 3319 hortos
949 3271 1362 3332 continuaverat,
1375 3275 1507 3338 ignis

441 3345 838 3410 propinquaret,
866 3363 1034 3412 neque
1070 3357 1242 3400 tamen
1265 3350 1378 3401 sisti
1416 3368 1507 3416 po-

441 3419 565 3482 tuit,
603 3421 726 3485 quin
765 3433 820 3472 et
843 3425 1085 3488 palatium
1121 3433 1178 3476 et
1213 3428 1412 3492 domus,
1451 3436 1506 3479 et

441 3505 635 3548 cuncta
656 3500 849 3550 circum
873 3503 1237 3553 haurirentur!

504 3573 674 3636 Igitur
697 3576 827 3640 igne
861 3579 1076 3628 ardebat
1098 3581 1186 3633 illa
1209 3581 1409 3645 domuS,
1447 3590 1504 3633 et

438 3648 540 3699 huc
578 3650 799 3716 illucque
827 3657 1068 3706 cursabat
1107 3660 1250 3708 Nero
1284 3660 1347 3710 ad
1390 3677 1505 3725 pro-

441 3724 719 3777 hibendum
763 3733 1286 3800 restinguendumque
1328 3738 1504 3787 incen-

439 3800 599 3865 dium,
621 3811 674 3854 et
697 3806 834 3872 ideo,
866 3809 1044 3860 dedita
1066 3827 1243 3878 opera,
1267 3814 1427 3865 Antio
1451 3816 1502 3864 in

443 3880 624 3931 urbem
649 3883 894 3936 redierat.

506 3960 650 4010 Male
677 3970 888 4013 vertunt
905 3963 971 4013 de
996 3965 1210 4016 ardente
1230 3968 1506 4019 luminibus

439 4034 611 4087 domo.
643 4039 787 4088 Suet.
809 4042 1005 4093 Neron.
1026 4047 1106 4094 11.
1140 4044 1156 4071 ‘
1182 4045 1403 4095 Inducta
1426 4054 1505 4096 est

439 4118 497 4159 et
540 4111 745 4165 Afranii
786 4118 1010 4181 Togata,
1062 4136 1175 4184 quae
1237 4122 1503 4171 incendium

438 4186 756 4254 inscribitur,
779 4209 1203 4262 concessumque,
1225 4206 1281 4247 ut
1308 4200 1501 4249 scenici

443 4263 670 4315 ardentis
695 4268 876 4320 domus
900 4273 1273 4336 supellectilem
1308 4275 1502 4339 diripe-

440 4344 578 4408 rent,
599 4355 661 4393 ιο
680 4342 1087 4399 sibihaberent.'
1143 4350 1291 4416 Virg.
1339 4351 1355 4380 ⁴
1378 4352 1524 4404 Jam'

1589 2113 1854 2179 proximus
1887 2112 2039 2163 ardet
2061 2108 2370 2176 Ucalegon.’

1653 2191 1870 2240 Ardente
1889 2188 2045 2252 domo]
2080 2189 2328 2250 Vertunt,
2346 2186 2495 2253 quasi
2516 2185 2670 2236 arde·

1590 2276 1673 2320 ret
1704 2267 1923 2320 facibus.
1988 2269 2156 2319 Immo
2188 2267 2410 2318 ardebat
2441 2264 2666 2316 flammis

1591 2346 1776 2397 iisdem
1801 2346 1987 2413 quibus
2008 2345 2134 2396 urbs
2157 2345 2289 2410 ipsa,
2307 2358 2514 2408 nempe,
2542 2360 2665 2398 cum

1596 2423 1752 2473 Antio
1777 2422 1949 2487 rediit,
1987 2430 2042 2473 et
2079 2421 2402 2473 discurrebat
2435 2420 2501 2469 ad
2523 2421 2666 2470 cohi-

1593 2497 1819 2552 bendum
1839 2502 2012 2566 ignem
2034 2499 2396 2563 incustoditus,
2413 2505 2505 2549 aut
2518 2506 2666 2549 certe

1593 2594 1775 2645 parum
1799 2579 2041 2644 stipatus.

1654 2663 1693 2689 ¹²²
1727 2654 2057 2721 Impunitatis]
2132 2655 2345 2717 Nempe
2387 2652 2553 2702 veniae
2602 2666 2665 2702 ac

1590 2734 1715 2783 vitae
1770 2733 1980 2798 cupido.
2064 2731 2215 2781 Idem
2273 2730 2471 2794 repetit
2524 2727 2667 2779 infra

1588 2810 1817 2875 Tacitus,
1850 2810 1940 2860 ubi
1977 2807 2045 2858 de
2085 2807 2239 2858 Civili
2275 2808 2483 2857 Batavo
2515 2806 2664 2857 libris

1587 2888 1773 2940 histor.

1655 2973 1681 2999 ¹²
1713 2964 1881 3030 Spem]
1917 2965 2080 3030 Lege,
2109 2980 2190 3030 spe
2220 2969 2459 3028 metuque,
2483 2964 2567 3013 vel
2592 2964 2664 3014 in-

1589 3049 1663 3094 ter
1676 3059 1803 3109 spem
1818 3048 2081 3107 metuuntque
2093 3060 2110 3092 .·
2145 3042 2378 3107 quamvis
2397 3041 2555 3090 etiam
2572 3040 2666 3102 sic,

1591 3122 1813 3188 aliquem
1850 3135 2057 3171 sensum
2092 3120 2345 3185 patiatur.
2404 3119 2552 3191 ,Nam
2575 3117 2663 3182 qul

1591 3199 1725 3249 tanti
1748 3196 1994 3249 facinoris
2016 3196 2338 3248 conscientia
2354 3194 2665 3259 subigeban-

1592 3280 1695 3339 tur,
1710 3282 1904 3340 quanto
1923 3282 2161 3339 tempore
2175 3288 2346 3323 moras
2361 3271 2665 3332 nectebant,

1592 3358 1738 3401 tanto
1761 3350 2073 3402 differebant
2092 3366 2240 3415 spem
2257 3365 2422 3412 suam,
2442 3355 2662 3398 metum-

1586 3443 1687 3494 que
1711 3428 2062 3493 prolatabant‚
2096 3429 2235 3478 inter
2259 3433 2537 3491 utrumque
2559 3439 2661 3475 am·

1587 3504 1730 3568 bigni
1751 3512 1806 3555 et
1829 3506 1989 3556 anxii.
2598 3529 2603 3535 ·

1649 3590 1673 3614 ⁰
1709 3584 1925 3639 Quonam
1961 3586 2095 3632 modo
2126 3582 2395 3646 sciscitata]
2454 3580 2520 3630 Id
2565 3586 2667 3643 est,

1585 3659 1722 3708 unde
1750 3667 1842 3710 aut
1864 3676 1961 3725 per
1993 3675 2145 3726 quem
2179 3658 2402 3709 odorata
2438 3657 2505 3708 de
2542 3673 2667 3708 con-

1575 3736 1862 3800 juratione.
1948 3739 2147 3801 Sperne
2186 3736 2476 3798 Vertranii,
2520 3736 2666 3785 susci·

1584 3817 1706 3862 tata.
1774 3815 2001 3879 Lipsius.

1656 3891 1874 3946 Quonam
1906 3894 2041 3942 modo
2077 3890 2345 3952 sciscitata]
2397 3890 2561 3940 Forte
2597 3904 2664 3939 ex

1588 3968 1755 4031 stupri
1800 3968 2177 4018 consuetudine
2235 3978 2352 4015 cum
2413 3967 2587 4030 aliquo
2634 3980 2664 4014 e

1588 4045 1888 4108 conjuratis,
1910 4045 1963 4094 id
1987 4045 2254 4095 rescierat.
2301 4042 2404 4092 Vel
2426 4041 2582 4105 forte,
2605 4048 2668 4091 ut

1584 4127 1707 4170 sunt
1743 4121 1959 4171 subdola
1992 4122 2204 4186 ingenia
2238 4121 2535 4181 mulierum,
2575 4119 2668 4167 ali-

1585 4196 1705 4245 cubi
1729 4198 1926 4261 abdita,
1960 4199 2232 4248 nonnullos
2266 4198 2407 4245 inter
2429 4212 2484 4246 se
2509 4196 2667 4246 collo·

1583 4279 1803 4335 quentes
1865 4276 2164 4340 conjuratos
2227 4274 2521 4337 audiverat,
2573 4275 2669 4322 aut

1582 4348 1798 4403 subdole
1818 4351 2133 4405 sciscitando
2158 4356 2511 4418 percunctata
2533 4352 2669 4403 erat'.
