3063 4952
1080 435 1492 487 strumum
1542 437 1689 491 mn.
1735 438 1865 493 xv.
2384 422 2559 507 18oe

344 584 526 666 fuit‚¹
555 584 673 650 ubi
701 583 850 668 ipse
878 586 1232 666 generatus
1258 587 1422 647 erat.
1510 579 1558 645 J
1562 601 1670 644 am
1699 580 1985 646 Senatus
2008 586 2029 616 ‘
2048 589 2345 648 uterum²
2376 583 2557 670 Pop-

345 686 552 773 paeae’
598 687 1170 752 commendaverat
1231 685 1410 762 Diis,
1455 690 1744 769 votaque
1810 687 2077 769 publice
2138 688 2560 770 susceperat3

347 810 506 875 quae
537 791 723 854 multi
730 788 1004 872 plicata*
1029 790 1486 873 exsolutaque.
1579 790 1664 853 Et
1705 788 1952 856 additae
1984 794 2005 822 ‘
2033 791 2557 876 supplicationes

339 895 802 978 templumque
849 891 1351 970 Foecunditati,¹¹
1394 899 1462 955 et
1504 899 1830 956 certarnen
1886 892 1972 957 ad
2034 892 2375 975 exemplar
2417 888 2557 955 Ac·

342 992 545 1061 fiacae
562 1003 581 1042 ³
628 991 1012 1078 religionis*
1055 992 1425 1059 decretum:
1493 998 1514 1026 ‘
1540 1000 1743 1077 utque
1790 992 2225 1087 Fortunarum
2270 992 2558 1077 effigies*

338 437 404 496 ’3.
424 443 492 495 C.
510 439 630 506 6⁴]

341 1161 464 1211 Jam
494 1166 685 1211 matus
704 1166 955 1223 rogaverat
976 1162 1105 1211 Deos
1126 1175 1222 1224 pro
1248 1160 1390 1210 felici
1422 1166 1576 1224 partu
1597 1160 1867 1226 Poppaeae,
1900 1163 2144 1225 pulum
2174 1166 2283 1210 eota
2315 1160 2558 1223 entim,

341 1232 453 1289 quae
466 1229 668 1276 adauctu
686 1228 1029 1290 persolutaque.
1098 1227 1168 1275 Er
1182 1228 1379 1288 adjecta
1396 1226 1822 1289 supplicationes,
1845 1236 1895 1274 et
1920 1226 2191 1275 delubrum
2209 1225 2559 1288 foeenmdnsti,

338 1297 710 1355 censuramque
734 1300 931 1355 patres,
954 1293 1307 1355 spectaculum
1331 1290 1398 1340 ad
1429 1291 1594 1340 instar
1617 1291 1810 1342 Atticm
1836 1292 2121 1355 religionis,
2138 1299 2194 1342 et
2219 1300 2275 1340 nt
2305 1292 2559 1341 Fortuna·

1281 1419 1367 1439 000
1374 1419 1642 1439 000000000

410 1516 441 1562 1
475 1511 565 1563 Ita
584 1513 713 1564 MsS.
738 1514 880 1564 Flor.
903 1515 1033 1579 Reg.
1059 1513 1494 1565 Corbfeditiones
1517 1521 1723 1564 veteres
1757 1520 1813 1564 et
1847 1512 2205 1562 recentiores..
2253 1511 2371 1561 Fuit
2403 1506 2556 1561 abest

342 1592 377 1627 a
399 1579 535 1628 Mss.
559 1579 708 1629 Harl.
735 1579 886 1628 Bodl.
908 1581 1017 1631 Jes.
1049 1581 1180 1630 Bud.
1203 1578 1377 1629 Guelf.
1401 1589 1456 1629 et
1477 1576 1709 1629 Rhenani
1745 1578 2175 1629 editionibus.-2
2212 1575 2347 1625 Ante
2370 1579 2558 1626 uterum

339 1643 619 1708 ¹legebatur
652 1645 861 1704 interim,
894 1645 1031 1708 quod
1075 1646 1235 1695 Rlien.
1271 1646 1596 1694 sustulit.—8
1633 1642 1720 1693 lta
1745 1645 1847 1694 Me.
1873 1642 2000 1703 Reg.
2068 1642 2129 1692 In
2153 1641 2386 1691 editione
2420 1639 2559 1704 prin-

342 1709 486 1771 cipe,
507 1709 741 1759 Acciacoe.
810 1708 911 1759 Ms.
933 1711 1103 1760 Vatic.
1129 1712 1414 1773 Accicaeque.
1481 1710 1583 1759 ΜΒ.
1622 1709 1760 1759 Flor.
1780 1709 2029 1758 Aceiercoe.
2098 1709 2200 1757 ΜΒ.
2225 1708 2435 1756 Parnes.
2456 1704 2559 1755 Aa·

342 1774 506 1825 ciete.
578 1775 680 1823 Ms.
705 1775 857 1825 Corb.
879 1776 1114 1827 Antiatoe.
1191 1775 1289 1825 Ms.
1317 1777 1444 1841 Agr.
1463 1775 1701 1825 Antisooe.
1765 1776 1869 1827 ΜΒ.
1894 1772 2071 1825 Guelf.
2088 1773 2298 1829 Atriam
2330 1770 2562 1820 secunda

343 1848 501 1887 manu
516 1838 749 1889 Actiucoe.
802 1840 1121 1891 Puteolanus
1141 1846 1196 1890 et
1214 1841 1553 1903 recentiores,
1567 1841 1775 1896 Atticae,-
1807 1848 1869 1891 nt
1886 1849 1939 1888 et
1961 1840 2088 1889 Mss.
2111 1840 2259 1888 Harl.
2277 1836 2427 1886 Bodl.
2446 1835 2555 1887 ,Ια-

341 1902 644 1953 Gronovius
667 1912 722 1955 et
746 1906 976 1969 Ryckius
996 1906 1193 1956 Attice.
1261 1907 1324 1955 In
1363 1913 1511 1956 tauta
1531 1908 1790 1956 varietate
1824 1905 1985 1966 edidi,
2004 1905 2234 1965 Actium,
2267 1902 2405 1967 quod
2441 1914 2558 1964 pro·

343 1967 527 2018 batum
560 1970 722 2033 magis
759 1971 1051 2020 videbatur.
1119 1972 1360 2022 Muretus
1395 1971 1708 2021 emendabat
1740 1971 1990 2022 Antianae:
2041 1970 2274 2031 Grotius,
2307 1966 2555 2024 Antiatis:

340 2033 912 2097 Ryckiu8‚Antiutinoe,·
943 2037 1078 2101 quod
1103 2052 1308 2101 quoque
1346 2037 1836 2099 probabilissimum3
1871 2037 2148 2100 placetque
2188 2033 2482 2098 plurimum,
2513 2030 2557 2080 si
2642 2040 2647 2045 '

342 2096 572 2212 probent
599 2100 692 2148 viri
727 2100 935 2150 eruditi.
996 2103 1205 2152 Brotier.
1274 2103 1411 2151 Bud.
1446 2102 1603 2151 habet
1624 2103 1791 2151 Actice
1812 2102 2073 2161 religionis.
2141 2099 2206 2150 P.
2232 2098 2395 2147 Faber
2419 2097 2557 2147 vole·

349 2222 352 2223 γ
382 2170 439 2213 at
469 2164 661 2225 miticoe,
695 2165 729 2212 i.
757 2180 805 2213 e.
839 2167 1061 2230 antique.
1129 2167 1249 2231 Bip.
1284 2181 1403 2216 cum
1441 2168 1651 2217 Mureto
1686 2168 1863 2230 legunt
1883 2166 2127 2226 Antianoe,
2166 2166 2302 2228 qnod
2338 2162 2557 2212 Antium

341 2224 576 2278 Neronis
600 2230 770 2292 patria
794 2230 894 2279 fuit
915 2240 969 2280 et
993 2231 1214 2294 colonia,
1235 2233 1479 2282 Fortunae
1501 2233 1696 2295 templo
1711 2231 1951 2291 celebris,
1968 2230 2211 2295 qnodque
2229 2227 2395 2276 forma
2414 2226 2557 2277 vocis

339 2308 428 2356 ap.
453 2294 588 2343 Plin.
610 2299 660 2356 3,
679 2297 730 2356 ὃ,
746 2294 881 2359 (12.)
897 2296 1143 2357 occurrit,
1171 2299 1224 2345 in
1248 2297 1460 2345 antimo
1475 2296 1679 2346 Astura.
1720 2298 1911 2344 Verum
1934 2294 2220 2345 certamina
2246 2292 2389 2341 Antii
2423 2292 2557 2341 cele·

340 2358 500 2408 brata
518 2359 569 2408 in
592 2360 835 2409 honorem
866 2362 1127 2422 Fortunae,
1149 2361 1331 2410 nullibi
1353 2362 1576 2425 legitnr;
1611 2362 1677 2410 de
1697 2360 1853 2411 Aetio
1877 2374 1957 2408 res
1981 2367 2117 2408 nota.
2189 2358 2372 2421 ltaque
2388 2356 2554 2407 Gron.

253 2438 260 2443 ·
335 2423 492 2489 sequi
528 2426 659 2472 nialo
693 2432 750 2474 et
783 2426 930 2474 Brot.
997 2425 1060 2474 In
1095 2426 1213 2475 cod.
1237 2425 1365 2491 Agr.
1388 2435 1469 2475 est
1492 2427 1731 2475 Antium.
1789 2424 2030 2474 Oberlin.
2098 2422 2178 2472 Cl.
2203 2420 2448 2482 Gordon3
2483 2421 2499 2448 ‘
2525 2432 2557 2471 a

339 2491 539 2554 temple
563 2505 666 2538 was
689 2490 917 2541 decreed
938 2499 990 2539 to
1015 2492 1320 2557 Fecundity,
1335 2492 1460 2542 with
1485 2492 1719 2541 Atliletic
1744 2499 1918 2555 sports
1953 2491 2005 2539 in
2040 2487 2295 2538 imitation
2319 2485 2382 2535 of
2407 2486 2556 2536 those

338 2555 513 2623 witich
533 2569 669 2604 were
706 2558 935 2619 peculiar
958 2565 1011 2605 to
1035 2555 1288 2606 Antium!
1356 2557 1585 2621 Murphy
1607 2570 1845 2622 quoque3
1879 2557 1895 2582 ⁸
1915 2572 1946 2604 a
1975 2554 2170 2617 temple
2193 2567 2297 2601 was
2322 2550 2477 2601 voted
2500 2558 2573 2600 to›

338 2620 435 2669 the
469 2620 693 2684 goddess
718 2619 781 2668 of
805 2620 1104 2685 fecundity3
1139 2621 1356 2672 athletic
1390 2631 1568 2685 sports
1591 2636 1730 2671 were
1764 2620 2039 2670 instituted
2072 2633 2138 2669 on
2172 2619 2260 2668 the
2294 2616 2469 2667 model
2500 2614 2565 2667 of

340 2687 436 2735 the
463 2686 708 2751 religious
732 2701 905 2750 gamos
928 2688 1193 2751 practised
1216 2695 1271 2738 at
1301 2687 1549 2739 Antium.’

1340 2801 1561 2853 NOTAE

409 2922 428 2946 ⁸
447 2914 675 2980 Antium]
708 2917 823 2968 Lib.
848 2925 965 2968 xlvi
984 2932 1101 2983 cap.
1124 2922 1175 2969 8.

406 2990 636 3055 Antium]
663 2996 744 3043 Ex
753 2995 935 3044 Tacito
952 3008 1137 3059 nempe
1155 2997 1206 3044 in
1224 2995 1408 3045 eadem

339 3065 484 3133 villa,
504 3085 607 3135 qus
629 3078 779 3120 natus
805 3073 968 3133 Nero,
996 3086 1098 3136 qua
1120 3073 1288 3122 editus
1312 3073 1409 3121 Ca·

335 3147 534 3209 ligulam
591 3163 707 3213 quae
744 3148 865 3196 villa
904 3146 1077 3197 fuerat
1111 3148 1410 3199 Germanici

336 3230 399 3274 et
430 3222 741 3287 Agrippinae
775 3224 917 3286 olim,
954 3225 1072 3273 dein
1108 3224 1409 3288 Agrippinae

329 3299 561 3363 junioris
596 3307 653 3349 et
690 3301 925 3362 Domitii,
968 3307 1023 3350 et
1060 3301 1201 3350 illam
1245 3303 1410 3363 Nero,

338 3374 634 3426 interfecta
654 3383 842 3436 matre,
865 3377 960 3424 sibi
985 3384 1293 3426 servaverat.

339 3482 346 3488 -
403 3454 623 3502 sueton.
673 3454 839 3518 Calig.
892 3459 940 3503 8.
979 3454 1127 3517 ‘Ego
1173 3453 1226 3502 in
1264 3453 1409 3505 Actis

337 3529 494 3580 Antii
536 3530 744 3578 invenio
777 3529 1010 3580 editum!
1076 3530 1206 3582 Quae
1240 3531 1255 3557 ⁴
1283 3530 1410 3593 pub·

330 3608 426 3659 lici
460 3607 796 3657 instrumenti
826 3606 1123 3656 auctoritas'
1147 3606 1411 3671 sequenda

337 3694 461 3746 est;
496 3687 510 3713 ‘
539 3684 830 3748 praesertim
866 3699 983 3733 cum
1018 3685 1170 3735 Caius
1193 3682 1409 3734 Antium

338 3760 583 3812 omnibus
617 3774 822 3822 semper
857 3759 983 3807 locis
1020 3767 1174 3824 atque
1198 3760 1408 3809 secessi·

329 3838 440 3889 bus
465 3837 761 3901 praelatum,
775 3849 873 3884 non
894 3836 1047 3885 aliter
1065 3851 1215 3900 quam
1233 3838 1407 3887 natale

337 3917 511 3965 solum
557 3909 832 3974 dilexerit}
866 3917 992 3961 &mx
1041 3913 1107 3963 de
1143 3914 1266 3963 villa
1311 3916 1410 3965 bac

338 3990 618 4041 Antiatina
652 3989 915 4052 praecipue
951 3989 1195 4053 intelligit
1227 3991 1408 4040 Sueto-

336 4070 478 4118 nius.

405 4148 421 4178 ‘
457 4146 579 4200 Quae
636 4141 971 4205 mviltiplicatu]
1036 4142 1242 4206 Nempe
1304 4160 1414 4194 sus·

313 4263 324 4274 .
338 4229 501 4286 cepta
522 4227 665 4281 vota,
685 4219 898 4282 primum
918 4234 1033 4267 cum
1058 4226 1259 4268 uterum
1277 4222 1412 4284 Pop-

340 4312 480 4363 paeae
503 4296 622 4346 Diis
640 4295 1061 4344 commendarunt
1085 4303 1412 4361 patres„mox

1491 2924 1768 2983 postquam
1801 2917 1957 2968 enixa
1989 2922 2091 2979 est,
2125 2914 2466 2979 multiplicata
2499 2918 2557 2964 et

1491 2997 1732 3046 exsoluta
1775 3004 1931 3046 sunt:
1990 2997 2157 3061 primo
2201 2994 2556 3058 suscipiebant

1492 3081 1633 3139 vota,
1667 3090 1781 3140 quae
1817 3090 1935 3125 mox
1968 3075 2333 3132 exsolverent;
2377 3078 2435 3122 et
2465 3086 2557 3121 ex-

1491 3153 1740 3202 solvendo
1782 3153 1912 3216 baec,
1951 3151 2096 3201 novis
2134 3150 2300 3200 adbuc
2335 3164 2391 3198 se
2421 3148 2556 3199 votis

1491 3228 1809 3307 obgignbant.

1557 3310 1580 3334 ¹²
1616 3304 1940 3366 Templumque
1963 3302 2304 3365 Foecundituti]
2352 3300 2555 3364 Nempe

1492 3379 1693 3440 Romae,
1716 3394 1818 3428 non
1836 3379 2000 3428 Antii.
2047 3379 2230 3441 Neque
2255 3376 2389 3426 enim
2409 3375 2556 3438 alibi,

1491 3469 1644 3519 quam
1680 3455 1732 3503 iu
1766 3457 1913 3513 urbe,
1946 3455 2140 3517 templa
2164 3453 2426 3503 vovebant
2458 3453 2560 3501 Ro·

1492 3532 1649 3593 mani,
1671 3540 1763 3581 aut
1785 3531 2155 3582 decernebant.

1559 3608 1931 3657 Foecunditutem
1985 3608 2112 3658 uteri
2164 3607 2405 3670 jactabat
2451 3605 2558 3670 pri·

1491 3683 1610 3734 dem
1645 3693 1873 3733 scortum
1906 3684 2034 3733 illud
2070 3685 2266 3747 regium
2300 3684 2557 3747 Poppaea,

1493 3768 1551 3811 ut
1570 3777 1625 3810 se
1651 3763 1924 3825 praeferret
1947 3763 2191 3813 Octavia».
2218 3762 2363 3811 uxori
2384 3761 2559 3825 legiti-

1488 3854 1606 3902 mae,
1639 3855 1791 3903 quam
1822 3841 2053 3889 sterilem
2088 3841 2367 3888 dictitabat
2395 3841 2557 3901 Nem,

1490 3923 1545 3964 et
1568 3916 1812 3980 quiajam
1833 3916 1899 3963 de
1918 3915 2157 3979 Crispino
2180 3916 2345 3979 primo
2369 3913 2557 3965 niarito

1488 3991 1681 4039 liberos
1699 3999 1999 4054 susceperat
2030 3992 2224 4055 pellex,
2248 4005 2373 4054 quos
2394 3996 2450 4038 et
2471 4003 2559 4039 oc-

1490 4066 1620 4118 cidit
1649 4069 1809 4115 Nero.

1560 4143 1905 4207 Foecunditati]
1938 4144 2209 4206 Templum
2235 4140 2559 4193 Foecundita·

1494 4221 1560 4269 tis
1579 4222 1825 4284 Poppaeae
1844 4220 1940 4268 tuit
1965 4220 2172 4269 Romae:
2202 4221 2290 4269 sed
2311 4233 2410 4282 quo
2426 4219 2562 4288 loco,

1492 4298 1577 4348 vel
1596 4312 1695 4362 qua
1716 4296 1855 4346 urbis
1872 4296 2083 4361 regione
2100 4294 2454 4361 reponendum
2475 4293 2564 4360 sit,
