3063 4952
337 386 474 443 nc.
488 387 613 453 seq
2378 367 2554 436 1541

332 530 443 597 cio
468 530 843 615 permissa.
929 528 1140 616 Eque
1194 530 1420 616 priseo
1471 527 1831 612 instituto‚‘¹
1855 530 2256 617 propinquis
2295 549 2551 616 coram,

330 632 416 700 de
457 634 686 717 capite
726 633 1042 719 famaque
1085 634 1411 718 conjugis.
1435 636 1778 718 cognovit,
1805 641 1873 700 et
1908 637 2241 700 insontem
2283 635 2550 700 nuntiu-

330 734 477 800 vit.³
569 735 813 821 Longa
832 738 999 802 huic.
1016 736 1416 820 Pomponiae
1442 744 1639 816 aetas,
1671 745 1737 803 et
1765 718 2078 803 continua
2102 739 2376 804 tristitia
2399 734 2549 801 mit.

331 834 520 906 Nam
543 847 705 921 post
737 840 784 904 J
787 841 1013 920 uliam,
1046 839 1255 905 Drusi
1301 840 1560 921 filiam:
1588 841 1743 918 dolo
1788 840 2205 905 Messallinae
2251 838 2552 910 intertec-

330 944 491 1018 tam,
548 961 676 1024 per
720 942 1188 1027 quadraginta⁴
1213 940 1471 1024 annos}
1515 964 1648 1008 non
1691 944 1894 1023 cultu,
1926 946 2059 1008 nisi
2103 943 2391 1026 lugubri,
2418 960 2553 1008 non

1021 383 1440 437 Alituum!
1485 384 1639 436 Lm.
1685 384 1863 444 xm.

1266 1383 1353 1404 000
1360 1383 1631 1404 ‘nonu‘

327 1472 707 1524 Μαικία-3
728 1473 817 1524 Sic
830 1474 949 1524 libri
962 1490 1154 1526 omnes.
1187 1477 1403 1527 Ursinus
1424 1486 1596 1527 tamen
1617 1492 1774 1528 unum
1789 1477 2022 1527 codicem
2040 1476 2218 1526 laudat
2236 1477 2291 1526 iu
2313 1491 2413 1541 quo
2432 1489 2548 1539 pro-

327 1538 593 1589 nuntiauit.
680 1540 857 1602 Forte,
892 1542 1129 1591 nuntiavit
1163 1543 1383 1604 Neroni,
1440 1543 1608 1609 inquit
1647 1543 1731 1594 Cl.
1776 1543 2056 1603 Ernestus3
2104 1549 2196 1592 aut
2244 1541 2543 1604 legendum,

318 1603 683 1663 ‚inflectite—4
708 1604 990 1668 Perperam
1006 1608 1315 1657 emendabat
1331 1607 1556 1672 Lipsius,
1560 1624 1650 1672 per
1777 1607 2012 1657 nor-decim
2028 1623 2174 1656 mos
2189 1624 2210 1666 ,-
2261 1606 2362 1655 uod
2379 1606 2548 1655 edidit

328 1663 607 1784 Ρὶιτίιιειιιιὰ
647 1669 768 1745 Nqn
787 1670 1064 1783 ὴίοέςίιιπ
1087 1673 1153 1723 de
1174 1680 1429 1737 tempore,
1450 1689 1551 1739 quo
1572 1674 1608 1726 J
1614 1674 1717 1723 ulia
1736 1671 2023 1724 interfecta
2041 1680 2146 1738 est,
2167 1687 2223 1722 se
2283 1686 2388 1737 quo
2410 1684 2548 1721 mor·

333 1741 422 1783 tua
444 1741 528 1783 est
610 1747 822 1784 raecina.
908 1738 1075 1787 meier-

1331 1853 1557 1904 NOTAE
1653 1869 1658 1874 ·

391 1978 416 2013 ὖ
447 1981 622 2030 Prisco
645 1981 887 2046 instituto]
939 1984 1146 2048 Nempe
1177 1983 1393 2050 antiqua
1472 1984 1582 2034 sive
1596 1982 1751 2048 jussu
1775 1980 2127 2033 Messallinae:
2160 1980 2314 2043 hanc,
2337 1984 2394 2029 et
2416 1978 2546 2029 alte·

329 2056 541 2107 Rommi
563 2058 699 2120 lege,
719 2059 736 2085 ⁶
755 2059 977 2108 Maritus
994 2060 1195 2109 mulieri
1209 2060 1392 2125 judex,
1471 2074 1584 2110 ram
1654 2059 1955 2109 Germanici
2018 2058 2236 2122 prolem.
2310 2056 2532 2106 Sueten.

329 2140 385 2183 et
402 2149 503 2198 pro
539 2148 759 2184 censore
779 2142 913 2197 erat,
945 2135 1273 2201 habebatque
1304 2135 1396 2185 im·
1475 2151 1591 2200 cap.
1612 2141 1696 2187 29.
1715 2144 1774 2186 ct
1804 2136 1912 2186 Dio
1935 2147 2028 2186 nx.
2066 2135 2270 2185 Seneca
2289 2133 2344 2183 in
2366 2131 2538 2182 Ludo.

330 2212 555 2275 perium,
575 2212 715 2275 quod
734 2212 785 2260 vi
808 2212 965 2261 etiam
989 2212 1265 2262 tueretur-⁹

330 2353 335 2356 .
394 2288 482 2338 Sic
515 2289 760 2337 Valerius
795 2289 1055 2338 Maximus
1090 2303 1167 2338 vr.
1187 2293 1236 2340 8.
1265 2289 1283 2317 ‘
1303 2289 1396 2339 Se-

327 2367 627 2425 natus,-&c.
648 2363 913 2413 mandavit
946 2370 1005 2413 ut
1048 2365 1112 2413 de
1136 2364 1236 2427 his,
1278 2380 1396 2429 qua

328 2442 494 2492 sacris
510 2442 937 2506 Bacchanalium,
958 2443 1157 2494 incestu
1177 2459 1284 2494 usoe
1316 2443 1397 2493 fu-

328 2526 501 2583 erant,
552 2519 906 2584 inquirerent:
980 2536 1010 2570 a
1052 2522 1234 2587 quibus
1278 2536 1396 2572 cum

325 2597 509 2646 multae
562 2603 740 2646 essent
787 2597 1064 2659 damnatae,
1115 2598 1171 2647 in
1218 2613 1396 2648 omnes

325 2673 541 2738 cognati
560 2673 704 2722 intra
716 2674 891 2723 domos
903 2674 1397 2736 animadverterunt,

327 2751 539 2815 lateque
558 2757 747 2814 pateus
782 2751 1051 2815 opprobrii
1076 2750 1396 2814 deformitas,

327 2827 617 2879 severitate
662 2828 905 2893 supplicii
948 2827 1226 2878 emendata
1275 2827 1396 2891 est,'

329 2907 427 2955 διο.
873 2952 880 2958 .

388 2982 532 3033 Ibid.
575 2985 592 3011 ‘
618 2982 874 3044 Publicia,
896 2998 1011 3047 quae
1044 2982 1401 3033 Posthumium

330 3058 584 3121 Albinum
643 3061 926 3122 consulem,
999 3060 1129 3110 item
1183 3060 1401 3121 Licinia,

329 3150 446 3201 quae
491 3137 766 3187 Claudium
813 3136 1043 3186 Asellum
1088 3138 1228 3187 viros
1279 3152 1398 3187 suos

326 3224 531 3262 veneno
606 3221 937 3274 necaverant,
991 3214 1399 3279 propinquorum

320 3288 543 3339 ‘decreto
561 3291 898 3354 strangulatae
916 3291 1070 3341 sunt!

388 3362 568 3417 Infra:
606 3367 621 3395 ‘
642 3367 751 3416 Par
777 3368 1030 3417 severitas
1049 3369 1257 3433 Egnatii
1280 3369 1395 3419 Me·

327 3444 461 3506 telli,
479 3445 638 3508 longe
661 3444 845 3492 minori
866 3443 930 3492 de
955 3460 1134 3507 causa,
1151 3445 1239 3510 qui
1271 3459 1396 3495 uxo·

313 3524 433 3587 'rem
454 3521 597 3586 quod
631 3521 804 3570 vinum
834 3521 1208 3586 bibissegfusti
1239 3523 1401 3573 inter·

326 3598 483 3667 emit.v
565 3599 631 3647 ld
670 3599 809 3664 quod
846 3597 1067 3661 factum,
1097 3615 1201 3650 uon
1244 3614 1396 3650 accu-

327 3683 501 3726 satore
535 3684 763 3739 tantum,
782 3677 873 3726 sed
918 3678 1077 3727 etiam
1121 3678 1396 3742 repreben-

327 3770 442 3805 sore
465 3754 672 3804 caruit!

380 3834 602 3883 Sueton.
649 3831 765 3882 Tib.
798 3835 881 3882 35.
926 3834 942 3861 ‘
970 3833 1241 3882 Matronas
1283 3845 1400 3894 pro·

320 3918 510 3971 ,stratae
555 3909 845 3974 pudicitiae,
895 3908 1079 3974 quibus
1132 3914 1399 3958 accusator

328 3987 570 4052 publicus
608 3986 832 4047 deesset,
858 3993 915 4034 ut
953 3983 1232 4050 propinqui
1256 3998 1399 4032 more

329 4066 580 4130 majorum
603 4063 670 4111 de
693 4063 953 4112 communi
964 4061 1234 4115 sententia
1255 4059 1399 4110 coer·

331 4150 537 4205 cerent,
554 4148 735 4190 auctor
756 4138 895 4189 fuit!

315 4214 341 4271 ⁴.
390 4222 557 4274 ‘Post
596 4218 971 4279 Juliammnm‘
996 4216 1185 4283 filiam]
1250 4217 1402 4266 Duas

332 4297 465 4359 enirn
503 4297 676 4351 Julius
713 4295 960 4348 Claudius
979 4294 1186 4345 sustulit
1224 4308 1401 4358 suasu,

1543 2293 1672 2341 Nm
1697 2297 1806 2356 post
1825 2290 2034 2354 Julian]
2069 2290 2300 2340 Videtur
2315 2289 2542 2339 reddere

1475 2370 1753 2430 rationem,
1769 2384 1864 2419 cur
1879 2368 2172 2432 Pomponia
2191 2369 2415 2418 continu
2431 2368 2547 2417 tris-

1474 2446 1594 2496 titia
1624 2444 1816 2496 fuerit:
1852 2445 1944 2495 sed
1982 2459 2076 2494 cur
2105 2444 2350 2495 Graecina
2376 2451 2546 2495 tanto·

1476 2538 1621 2588 pere,
1644 2529 1698 2572 et
1717 2526 1799 2572 tot
1815 2522 1960 2571 anuis
1977 2520 2186 2571 fleverit
2199 2522 2386 2570 Julian·
2404 2521 2544 2573 Dru-

1475 2600 1520 2649 si
1552 2592 1730 2664 filiam,
1753 2613 1856 2649 non
1880 2598 2008 2651 satis
2029 2599 2200 2648 video.
2241 2598 2376 2648 Hoec
2399 2597 2547 2650 Julia

1475 2683 1594 2726 orta
1635 2691 1702 2726 ex
1750 2676 1922 2726 Druso
1963 2674 2071 2725 filio
2115 2674 2330 2736 Tiberii,
2372 2684 2430 2725 et
2449 2686 2456 2691 ·
2473 2688 2543 2725 ex

1473 2752 1634 2817 Julia,
1648 2768 1740 2802 seu
1757 2752 1946 2803 Livilla
1964 2767 2139 2802 sorore
2160 2752 2479 2803 Germanici.

1543 2830 1618 2880 At
1656 2831 1771 2880 baec
1806 2830 1970 2892 sunia,
2002 2832 2124 2894 qnae‘
2147 2844 2293 2880 soror
2330 2830 2548 2880 Germa-

1480 2907 1604 2970 nici,
1618 2913 1675 2957 et
1697 2922 1829 2957 uxor
1863 2908 2045 2969 Drusi,
2066 2922 2158 2958 rea
2188 2907 2472 2970 adulterii„
2489 2914 2549 2958 et

1483 2983 1715 3034 veneficii
1729 2998 1849 3035 cum
1881 2985 2087 3048 Sejano,
2108 2984 2345 3035 extincta
2360 2991 2447 3033 est
2476 2983 2545 3033 ab

1482 3059 1597 3109 avia
1636 3075 1731 3109 sua
1763 3059 1991 3110 Antonia
2025 3060 2166 3110 intra
2196 3061 2423 3123 domum,
2459 3061 2547 3124 ju·

1475 3135 1634 3187 bente
1650 3136 1867 3187 Tiberio
1887 3137 2140 3200 principe.
2178 3136 2368 3187 Altera
2382 3137 2544 3195 etiam

1475 3212 1579 3263 fuit
1617 3213 1762 3265 Julia
1799 3212 2098 3263 Germanici
2141 3211 2269 3275 filia,
2321 3227 2440 3278 quoe
2483 3219 2542 3264 et

1473 3292 1674 3341 sceiere
1695 3291 2014 3340 Messallinae
2035 3289 2211 3353 periit.
2395 3322 2400 3325 -
2467 3348 2470 3353 ‚

1537 3368 1718 3419 Tertia
1749 3369 1851 3418 ista
1889 3367 2004 3416 baec
2039 3366 2204 3424 Julia,
2224 3365 2539 3430 flliaDrusi‚

1478 3447 1644 3510 primo
1662 3446 1838 3510 nupsit
1854 3443 2048 3495 Neroni
2062 3442 2172 3492 filio
2190 3443 2542 3501 vetustissimo

1479 3524 1808 3584 Germanici3
1852 3523 1993 3583 dein,
2035 3527 2158 3586 post
2179 3528 2399 3572 mortem
2436 3522 2550 3579 Ne·

1479 3601 1619 3650 ronis
1637 3600 1788 3664 hujus
1808 3598 2078 3655 interfecti
2100 3600 2133 3648 ὃ,
2162 3599 2393 3661 Tiberio,
2428 3599 2547 3663 ipsa

1479 3678 1726 3740 denupsit
1756 3679 1810 3726 in
1833 3675 2041 3726 domum
2076 3676 2311 3726 Rubellii
2336 3675 2545 3727 Blandi.

1478 3755 1691 3803 Tacitus
1707 3754 1796 3803 lib.
1817 3767 1896 3803 vr.
2423 3782 2429 3789 -

1484 3864 1489 3870 -
1545 3832 1628 3880 Ex
1657 3832 1752 3880 bac
1788 3831 1934 3882 Julia
1970 3837 2027 3880 et
2069 3830 2309 3880 Rubellio
2342 3828 2546 3879 Blando

1479 3910 1714 3957 nascitur
1730 3908 2001 3956 Rubellius
2021 3907 2421 3968 Plautus,quem
2442 3903 2547 3955 Ne·

1479 3999 1539 4034 ro
1564 3999 1682 4033 mox
1704 3984 1931 4043 sustulit,
1943 3983 2183 4046 Tigellini
2204 3980 2430 4039 consilio.
2473 4020 2478 4023 .

1543 4060 1565 4092 f
1596 4063 1694 4110 Per
1746 4059 2065 4124 quadraginta
2106 4056 2274 4120 annos]
2348 4057 2548 4107 Luctus

1480 4139 1565 4189 hic
1586 4137 1703 4200 fuit,
1722 4146 1782 4186 ut
1802 4138 1999 4186 ciarum
2024 4142 2123 4197 est,
2155 4134 2222 4183 ob
2251 4132 2433 4183 Julian·
2473 4133 2547 4182 in·

1483 4213 1778 4264 terfectam.
1856 4211 1940 4262 Ab
1974 4211 2086 4275 ejus
2107 4226 2233 4274 ergo
2255 4208 2404 4259 caede
2426 4225 2549 4275 qua·

1482 4294 1724 4358 draginta
1743 4292 1897 4342 anni?
1919 4291 2141 4340 Falsum.
2166 4289 2304 4339 Nam
2328 4303 2390 4339 ea
2410 4304 2550 4339 caesa
