3063 4952
990 409 1402 465 ANNsmum
1455 407 1612 456 nus⁸⁹
1647 404 1810 453 xiv,
2351 374 2532 444 1769

313 435 371 510 J„
401 429 631 495 ees]-

322 595 523 662 quam
551 567 1049 638 discessionem*
1095 555 1348 624 Consul
1390 552 1795 638 permiserat,
1844 545 2128 632 pedibus
2151 542 2223 606 in
2267 543 2525 605 senten·-

322 682 487 745 tiam
518 676 663 760 ejus
684 675 841 749 iere,
866 665 1102 754 paucis
1123 660 1444 729 exemtis:
1468 663 1493 692 ²
1541 657 1608 720 in
1638 653 1879 737 quibus
1910 647 2283 721 adulatione
2304 660 2528 727 prom-

322 783 622 848 tissimus
677 775 804 840 fuit
852 770 941 836 A.
992 764 1348 840 Vitellius:
1407 760 1730 843 optimum
1786 771 2116 837 quemque
2160 747 2379 832 jurgio
2429 744 2526 807 la·-

328 902 600 953 eessens
651 885 720 943 et
766 870 1185 959 respondenti
1233 868 1539 940 reticens»,
1569 868 1646 925 ut
1695 857 1941 944 pavida
1994 854 2259 935 ingenia
2298 847 2528 913 solent.

323 1084 593 1141 cessionem,
617 1080 837 1128 certatim
861 1074 995 1123 Paeto
1017 1082 1264 1125 accessere,
1304 1060 1513 1125 exceptis
1551 1056 1711 1120 paucis
1725 1073 1740 1104 .·
1770 1054 1896 1103 inter
1919 1067 2046 1115 quos,
2065 1065 2150 1114 per
2171 1045 2531 1097 assentationem

324 1142 771 1202 audacissimussait
792 1141 856 1190 A.
889 1136 1118 1193 Vitellius,
1142 1131 1383 1194 egregium
1405 1136 1630 1189 quemque
1651 1120 1777 1169 rixis
1796 1120 2045 1177 incessens,
2067 1121 2114 1163 et
2135 1129 2239 1163 cum
2261 1112 2310 1161 ei
2343 1124 2531 1174 respon·

327 1219 519 1265 deretur
571 1212 728 1271 silens,
765 1211 819 1255 at
860 1203 1036 1268 trepidi
1078 1199 1285 1249 honam
1344 1196 1513 1242 sotem.
1579 1187 1677 1237 Sed
1711 1186 1916 1235 con-mles
1954 1197 2047 1232 aon
2095 1180 2202 1230 ausi
2248 1175 2538 1242 perscribere

1259 1331 1618 1356 OOOOOOOOOOOO

332 1444 433 1524 que
456 1456 510 1506 in
534 1454 760 1517 margine
783 1452 887 1502 Ms.
913 1447 1163 1498 Bod1.-—2
1184 1441 1324 1491 Flor.
1364 1435 1542 1497 habet,
1581 1430 1784 1496 exeptis.
1850 1428 2026 1485 Forte,
2062 1423 2286 1486 exceptis,
2307 1419 2539 1470 Picbena

332 1523 520 1590 inquit.
552 1522 711 1571 Foret
746 1519 799 1568 id
821 1530 945 1566 sane
981 1512 1183 1562 melius.
1248 1504 1353 1557 sed
1386 1519 1416 1552 a
1453 1500 1714 1563 scriptura
1734 1495 1823 1544 illa
1862 1492 1988 1542 nihil
2010 1489 2255 1540 extrices.
2320 1484 2541 1548 virgula

1246 1654 1249 1659 ’
1340 1648 1552 1703 NOTAE

1484 1783 1595 1826 tum
1619 1773 1779 1822 ullum
1817 1767 2105 1834 principem
2143 1766 2370 1821 senatnS,
2409 1757 2545 1820 prio-

1483 1867 1612 1911 rem,
1645 1849 1736 1899 sed
1772 1852 1975 1897 tantum
2013 1839 2275 1915 consulem
2311 1835 2545 1897 designa-

334 1786 503 1849 initio,
529 1791 769 1837 revocata
811 1783 926 1845 lege
965 1772 1273 1841 majestatis,
1312 1782 1400 1819 vo-

335 1862 496 1912 luerit
517 1859 806 1911 clementia»,
844 1855 1031 1905 famam
1057 1847 1323 1914 aucupari,
1361 1845 1419 1894 si*

335 1939 613 1988 damnatus
636 1953 667 1986 a
689 1941 870 1984 senatu
895 1946 1012 1981 reus
1033 1934 1191 1979 esset.

398 2024 423 2050 ¹·
458 2012 827 2076 Discessionem]
889 1996 1402 2060 Senatusconsultum

335 2093 501 2144 tiebat
523 2093 723 2141 duobus
767 2087 952 2150 modis,
992 2085 1076 2135 vel
1119 2081 1404 2133 sententias

338 2172 660 2238 singulorum
700 2163 1101 2232 exquirendo,si
1146 2175 1226 2210 res
1266 2164 1405 2208 esset

340 2250 520 2313 dubia,
540 2249 626 2298 vel
663 2263 755 2312 per
793 2243 1175 2302 discessionem,
1206 2239 1248 2289 si
1285 2252 1406 2287 con·

340 2327 664 2386 sentiretnr3
700 2331 913 2388 tumque
955 2320 1108 2370 moris
1130 2317 1247 2375 fnit,
1281 2320 1341 2364 ut
1362 2314 1405 2363 is

341 2405 697 2469 magistratus,
721 2401 892 2467 quide
931 2399 1099 2462 aliqua
1125 2409 1180 2443 re
1216 2392 1284 2441 ad
1330 2405 1408 2439 se·

342 2488 524 2533 natum
571 2481 840 2542 retulerat,
874 2478 1092 2536 diceret,
1147 2472 1161 2500 ‘
1186 2469 1272 2536 qui
1310 2469 1407 2518 hoc

343 2559 589 2622 censetis,
626 2558 747 2607 illuc
778 2555 1026 2615 transite3
1061 2550 1150 2616 qui
1183 2549 1285 2598 alia
1307 2562 1409 2597 om-

345 2636 452 2694 nia,
477 2634 532 2684 in
556 2635 686 2683 hanc
708 2630 948 2699 partem.’
1015 2628 1211 2681 Quibus
1235 2624 1410 2675 verbis

347 2712 574 2776 praeibat
623 2710 806 2761 ominis
838 2723 1016 2771 causa,
1069 2718 1133 2755 ne
1193 2703 1412 2762 diceret,

347 2790 431 2854 qni
465 2806 558 2839 non
577 2789 801 2840 cenati&

418 2867 575 2920 Quod
598 2867 641 2916 si
684 2865 997 2929 singulorum
1033 2857 1302 2910 sententiae
1325 2870 1414 2905 ex·

351 2944 618 3010 quirendae
660 2951 852 3005 essent,
896 2948 1006 2989 tum
1029 2936 1183 2986 moris
1216 2932 1336 2996 fuit,
1358 2937 1419 2981 ut

355 3027 477 3084 post
497 3019 705 3070 comitia
725 3016 1032 3078 consularia,
1055 3013 1289 3063 consules
1328 3010 1420 3058 de-

354 3096 546 3162 signati
570 3097 719 3160 primi
763 3094 1049 3152 sententias
1092 3094 1421 3154 rogarentur,

356 3182 411 3224 et
425 3189 602 3224 eorum
623 3173 780 3237 prior,
793 3184 1003 3235 nempe,
1008 3168 1104 3234 gui
1118 3168 1291 3231 priore
1306 3167 1421 3215 loco

357 3252 655 3300 declaratus
676 3258 850 3310 esset;
885 3255 1005 3297 ante
1037 3246 1247 3296 comitia
1279 3257 1423 3306 vero,

361 3329 451 3395 qni
496 3343 528 3377 a
571 3327 868 3377 censoribus
925 3326 1170 3391 princeps
1211 3328 1422 3372 senatus

357 3407 530 3456 lectus
553 3404 727 3454 fuerat
745 3421 760 3465 ς
784 3411 977 3467 ‘postea
996 3401 1035 3450 ii
1057 3412 1184 3465 quos
1205 3396 1425 3447 consuli·

361 3483 457 3532 bus
484 3481 767 3531 videbatur.
837 3481 922 3529 Ita
943 3487 1116 3529 tamen
1139 3481 1198 3525 ut
1237 3479 1427 3538 praeto-

361 3561 495 3610 rium
539 3560 792 3612 consulari
834 3573 937 3608 non
974 3554 1312 3622 praeferrent3
1371 3558 1429 3602 et

365 3640 443 3689 sic
468 3637 717 3702 deinceps
738 3637 942 3687 ordine.
1004 3661 1007 3664 ·

433 3715 537 3765 Sed
554 3714 675 3781 qnia
695 3713 790 3764 sub
816 3712 1135 3779 principibus
1153 3725 1255 3760 neu
1270 3708 1430 3772 elige·

366 3792 520 3842 batur
543 3792 784 3856 princeps
808 3796 1036 3852 senatus,
1054 3795 1110 3839 et
1131 3787 1430 3839 consulatus

367 3868 435 3917 ad
456 3882 655 3932 paucos
670 3881 870 3917 menses
884 3866 1153 3916 restrictus
1167 3870 1299 3927 erat,
1322 3869 1432 3912 tum

369 3946 550 3997 consul
606 3945 927 4009 designatus,
981 3957 1075 4006 per
1113 3941 1242 3991 duos
1294 3938 1435 3988 forte

368 4036 573 4073 menses
585 4022 910 4072 consulatum
927 4019 1318 4078 antecedentes,
1333 4015 1435 4078 pri·

370 4114 488 4149 mus
526 4098 804 4162 rogabatur
847 4095 1176 4159 sententiam,
1213 4101 1303 4148 ant
1345 4106 1440 4155 per

370 4175 535 4240 vices,
557 4177 701 4244 prior
737 4175 1032 4238 designatus
1052 4171 1221 4237 primo
1245 4184 1439 4229 mense,

372 4258 435 4302 et
476 4253 613 4302 alter
653 4254 832 4303 consul
869 4250 1096 4301 secundo
1135 4264 1349 4311 mense;
1382 4254 1440 4298 et

374 4333 490 4381 teto
513 4328 701 4381 Tacito
721 4342 826 4380 non
866 4326 1096 4393 reperies
1114 4324 1273 4378 fuisse
1296 4338 1443 4390 roga·

1484 1937 1611 1979 tum.
2445 1952 2468 1973 ⁸

1546 2008 1736 2070 Itaque
1758 2015 1878 2051 mox
1910 2013 2024 2049 cum
2050 1998 2345 2046 coarctatus
2367 2002 2549 2039 consu·

1483 2084 1620 2133 latus
1635 2085 1775 2132 esset
1791 2077 1856 2126 ad
1872 2076 1999 2124 duos
2012 2084 2233 2132 menses,
2248 2077 2305 2117 et
2322 2062 2551 2116 Kalend.

1482 2158 1746 2213 ,Ianuariis
1781 2155 2177 2217 designarentur
2215 2145 2451 2196 consules
2474 2146 2553 2190 to-

1487 2239 1593 2288 tins
1626 2233 1745 2284 anni
1777 2230 1895 2281 hinc
1917 2228 2096 2289 fiebat,
2131 2231 2191 2274 ut
2212 2222 2458 2283 deinceps
2483 2216 2550 2266 ab

1485 2314 1584 2364 illis
1607 2308 1878 2366 KalendiS,
1915 2304 2029 2354 fere
2068 2308 2180 2351 toto
2214 2312 2347 2348 anno
2382 2293 2553 2360 desig-

1488 2389 1600 2438 nati
1635 2385 1842 2452 quidam
1867 2380 2101 2431 consules
2125 2380 2330 2433 essent3
2364 2371 2439 2420 ita
2478 2376 2553 2419 ta-

1488 2482 1608 2517 men
1627 2468 1686 2514 ut
1709 2459 1965 2525 designati
2001 2457 2277 2507 censerent
2313 2460 2554 2511 rogaren-

1493 2551 1676 2609 turqne
1695 2555 1789 2605 pro
1809 2536 2010 2595 ordine,
2035 2546 2137 2597 quo
2164 2529 2293 2578 inire
2328 2524 2555 2574 consula-

1491 2628 1602 2670 tum
1631 2616 1949 2668 debuerunt:
1987 2622 2174 2671 nempe
2198 2601 2352 2669 primi
2372 2613 2556 2650 consu-

1492 2698 1567 2747 les
1590 2695 1789 2745 inibant
1818 2690 1944 2755 ipsis
1969 2682 2222 2737 Kalendis
2250 2679 2464 2730 Januar.
2503 2681 2560 2724 et

1494 2774 1570 2824 sie
1610 2786 1705 2837 per
1743 2770 1871 2819 duos
1911 2777 2113 2815 meuses
2156 2755 2460 2812 Januarium
2503 2757 2563 2802 et

1494 2847 1835 2901 Februarium
1858 2838 2114 2905 designati
2128 2841 2278 2886 erant
2306 2829 2562 2887 consules,

1498 2927 1586 2993 qni
1630 2925 1760 2975 inire
1800 2921 2094 2971 debuerunt
2138 2908 2389 2963 Kalendis
2422 2906 2560 2955 Mar-

1500 3006 1680 3066 tiis,et
1703 3002 1777 3051 sic
1797 2998 1886 3049 alii
1918 2996 2165 3057 deinceps
2207 2987 2407 3049 ordine,
2449 2987 2562 3032 toto

1499 3095 1712 3131 anno.¹

1567 3149 1935 3213 Discessionem]
2008 3147 2227 3210 Nempe,
2282 3147 2339 3191 ut
2380 3140 2566 3189 liceret

1505 3234 1741 3299 patribus
1764 3229 2034 3280 discedere
2075 3225 2128 3272 in
2151 3228 2352 3285 partem
2375 3223 2429 3265 et
2452 3229 2568 3264 sen·

1503 3312 1722 3362 tentiam
1760 3322 1912 3373 quam
1959 3303 2174 3360 vellent,
2224 3297 2303 3345 vel
2344 3291 2570 3344 consulis

1504 3388 1763 3453 designati
1831 3390 2052 3432 mortem
2103 3373 2399 3435 statuentis,
2477 3375 2577 3420 aut

1503 3467 1744 3516 Thraseae
1764 3461 1976 3512 exilium
2000 3454 2277 3506 censentis.

1572 3550 1591 3575 ⁸
1625 3545 1688 3592 A.
1720 3535 1963 3598 Vitellius]
2030 3531 2182 3584 Quod
2205 3534 2386 3593 postea
2406 3525 2578 3587 impe·

1507 3627 1653 3671 rator
1693 3619 1779 3676 ille
1816 3617 1870 3664 in
1905 3619 2087 3662 senatu
2136 3612 2390 3666 recenset,
2428 3600 2571 3651 libris

1508 3700 1710 3756 Hister.
1728 3706 1932 3757 nempe,
1948 3696 2238 3738 senatorem
2262 3690 2317 3733 et
2342 3689 2450 3738 tum
2471 3674 2576 3743 pri·

1509 3783 1687 3825 vatum
1733 3786 1787 3821 se
1809 3770 1930 3819 olim
1968 3764 2266 3830 opposuisse
2310 3759 2575 3818 Thraseoe,

1512 3855 1565 3902 in
1603 3854 1670 3903 iis·
1687 3851 1841 3902 rebus
1880 3861 1996 3913 quae
2036 3845 2102 3896 ad
2137 3838 2392 3903 Rempub.
2431 3846 2580 3898 spee-

1514 3937 1707 3980 tarent.

1583 4004 1735 4057 Quod
1760 4002 1848 4052 alii
1872 4007 2050 4064 patres
2079 3994 2307 4052 irrisere,
2332 3994 2388 4037 ut
2408 3987 2463 4036 in
2485 3985 2580 4037 tali

1517 4085 1739 4143 bomine,
1780 4080 1942 4144 quise
1980 4075 2220 4123 Thraseae
2261 4067 2578 4128 adaeqnaret.

1519 4160 1628 4210 Ani
1669 4158 1964 4213 laudavere,
1998 4164 2142 4215 quasi
2175 4145 2293 4195 boni
2338 4143 2586 4205 impetus,

1518 4247 1576 4290 et
1598 4238 1742 4303 quasi
1766 4235 1862 4284 sub
1886 4231 2089 4280 nomine
2114 4227 2200 4274 illo
2239 4211 2483 4271 virtutem
2506 4224 2583 4266 ta-

1518 4315 1641 4369 men
1661 4310 1976 4375 celebraret,
1994 4302 2382 4367 Thraseamque
2403 4294 2582 4363 ‘potius
