3063 4952
366 354 371 359 ”
443 354 622 429 lm

1137 372 1206 423 0.
1258 371 1625 422 CORNELII
1670 370 1931 423 TAGITI

2326 373 2419 451 [ι.
2435 374 2507 443 u,
2528 379 2646 447 sos·

447 521 608 606 quia
642 519 883 605 ingenii
904 519 1226 587 violentia
1267 517 1579 585 exitium²
1602 516 1980 597 irritaverit,
2011 514 2229 601 segnis
2254 519 2323 583 et
2350 515 2648 599 domina·

444 624 734 689 tionibus
766 624 918 688 aliis
945 623 1307 703 fastidituS,
1332 623 1523 702 adeo,
1551 626 1627 689 ut
1654 620 1732 687 C.
1764 620 2000 687 Caesar
2021 617 2310 706 pecudem
2341 640 2595 685 auream
2616 617 2644 656 ‘¹

449 815 568 866 ciem
599 815 887 882 incitwerit,
923 816 1043 867 lenis
1077 822 1127 867 et
1155 815 1400 882 prioribus
1427 798 1552 866 aulis
1582 819 1859 895 contemtus,
1879 816 1994 865 odeo
2014 818 2069 864 ut
2101 815 2160 864 C.
2182 815 2466 883 Caesareum
2484 831 2648 868 vocure

1370 947 1545 966 OOOOO

1548 945 1724 965 ‘‘‘‘‘

447 1025 460 1056 '
515 1031 547 1077 2
579 1027 644 1077 In
660 1027 872 1093 scriptis
894 1033 951 1078 et
973 1028 1127 1078 editis
1148 1027 1726 1090 lubns‚exztam13eue
1747 1028 2016 1089 Ernestus,
2037 1025 2256 1075 exitium.
2323 1023 2387 1073 ln
2418 1022 2649 1073 editione

450 1091 686 1157 principe
703 1099 760 1144 et
781 1093 1041 1158 plerisque
1063 1094 1197 1155 aliis,
1211 1093 1494 1143 im‘taveri&
1549 1092 1742 1142 Melius
1761 1091 2080 1143 Puteolanus
2097 1096 2154 1141 et
2171 1088 2648 1141 Mss.1·1ari.Bodl.

447 1158 561 1209 Jes.
585 1157 760 1209 Guelf.
783 1163 941 1225 atque
969 1160 1236 1223 Ernestus,
1255 1158 1552 1209 irritaverat.
1617 1157 1843 1209 Brotier.

1449 1319 1665 1372 NOTAE
1740 1333 1751 1341 ·

515 1443 538 1470 e
571 1435 748 1500 Ignaro
785 1438 997 1504 Nerone]
1029 1438 1295 1502 Imperare
1331 1438 1511 1503 incipi-

453 1514 561 1565 enti
572 1515 753 1579 juveni
773 1515 906 1566 hanc
945 1515 1295 1567 innocentiam
1319 1515 1511 1566 donare

452 1589 590 1642 forte
633 1592 797 1642 voluit
834 1592 1009 1656 optima
1031 1596 1214 1650 maten·
1251 1592 1335 1642 vel
1371 1591 1509 1643 forte

450 1668 742 1732 praevidens
798 1684 902 1719 non
956 1683 1319 1719 consensurum
1376 1669 1509 1719 caedi

454 1746 740 1809 Neronem,
763 1753 820 1801 ut
857 1759 1027 1811 neque
1065 1746 1229 1796 bonos
1270 1746 1509 1797 educato·

454 1837 555 1886 res,
572 1822 624 1872 id
650 1837 741 1872 suo
763 1827 928 1871 marte
950 1822 1176 1886 suscepit
1200 1821 1513 1887 Agrippina,

453 1905 514 1950 ut
554 1913 659 1948 suae
696 1898 878 1949 ultioni
914 1899 1062 1948 simul
1085 1905 1141 1949 et
1178 1898 1513 1949 dominationi

452 1977 569 2042 ipsa
591 1978 907 2027 consuleret.

517 2052 541 2087 ἆ
577 2055 634 2105 C.
655 2056 819 2104 Coesar
829 2057 1046 2118 pecudem
1060 2055 1275 2120 auream]
1296 2057 1513 2122 Vereor,

452 2128 511 2180 ιιι
525 2130 769 2194 scriptori
788 2139 964 2182 nostro
980 2141 1182 2183 constet
1201 2135 1354 2185 ratio.
1388 2137 1511 2185 Non

455 2206 660 2256 enimin
682 2208 817 2259 bunc
835 2210 912 2259 M.
929 2203 1159 2260 Silanum
1182 2213 1384 2276 expetit
1398 2214 1512 2265 Caii

453 2283 685 2335 dictum:
729 2286 820 2335 sed
864 2287 914 2335 in
958 2287 1104 2338 illum
1161 2290 1394 2354 alterum,
1427 2292 1513 2357 qui

455 2361 566 2429 ejus
597 2376 764 2414 socer.
830 2364 934 2413 Dio
957 2365 1094 2414 clare
1117 2383 1129 2415 ε
1166 2368 1181 2395 ‘
1205 2366 1367 2417 Socer
1389 2382 1513 2419 vero

457 2437 570 2487 Caii
594 2438 803 2490 Marcus
824 2440 1039 2503 SilanuS,
1060 2442 1186 2507 quia
1218 2443 1316 2508 ipsi
1339 2444 1509 2508 gravis

456 2529 518 2565 ac
542 2516 791 2566 molestus
812 2524 940 2580 erat,
965 2518 1030 2568 ob
1053 2519 1301 2570 virtutem
1327 2528 1382 2570 et
1405 2521 1509 2571 affi-

454 2591 687 2656 nitatem,
740 2595 961 2657 seipsum
1007 2595 1288 2648 interemit.
1357 2598 1510 2652 Caius

455 2683 579 2719 vero
625 2672 946 2720 contumeliis
1003 2678 1056 2721 et
1097 2675 1345 2724 conviciis
1391 2691 1510 2725 eum

454 2746 835 2807 insectabatur;
870 2748 946 2797 ita
966 2757 1023 2798 ut
1048 2750 1242 2814 primus
1260 2751 1311 2799 in
1329 2758 1512 2801 senatu

452 2824 762 2872 sententiam
803 2838 903 2873 non
938 2834 1235 2891 rogaretur3
1269 2828 1394 2876 licet
1434 2834 1512 2876 ta-

454 2915 573 2949 men
597 2900 663 2950 de
697 2901 786 2951 illo
824 2901 1006 2952 bonam
1029 2905 1320 2968 opinionem
1359 2904 1514 2954 habe-

452 2984 554 3040 ret,
576 2992 796 3044 eumque
835 2989 1114 3046 propterea
1148 2997 1277 3047 ovem
1320 2996 1513 3030 auream

455 3056 780 3119 appellaret!
847 3059 943 3108 Cui
990 3066 1049 3108 ut
1089 3057 1357 3120 assentiar,
1380 3064 1510 3107 aetas

454 3132 617 3181 Silani
639 3146 721 3181 me
744 3133 962 3185 inducit.

518 3208 690 3259 Natus
729 3212 867 3261 enim
905 3218 987 3261 est
1026 3218 1279 3274 extremo,
1308 3217 1365 3260 ut
1405 3212 1513 3260 Pli-

453 3284 568 3358 nius
592 3286 684 3351 ait,
700 3285 916 3352 Augusti
932 3304 1063 3338 anno
1084 3306 1096 3338 :
1125 3305 1155 3338 a
1176 3304 1275 3355 quo
1297 3290 1361 3338 ad
1379 3289 1512 3344 hunc

454 3362 593 3413 diem
610 3365 730 3413 anni
745 3366 996 3415 duntaxat
1013 3364 1356 3430 quadraginta
1377 3372 1514 3416 sunt.

454 3440 575 3490 Non
608 3456 731 3505 ergo
753 3442 806 3490 in
828 3457 889 3492 ea
927 3449 1084 3492 aetate
1106 3442 1189 3492 hic
1215 3440 1515 3492 adolescens

455 3516 718 3567 formidini
755 3527 845 3569 aut
881 3519 1166 3569 contemtui
1201 3519 1316 3568 aliis
1356 3518 1514 3568 domi-

453 3596 747 3646 nationibus
783 3613 894 3647 esse
932 3597 1124 3663 potuit,
1165 3598 1312 3665 cujus
1348 3598 1514 3650 adhuc

453 3670 550 3722 οὐδ’
572 3670 638 3723 εἷς
659 3674 822 3737 λόγος.

520 3751 646 3815 Sed,
683 3758 740 3801 ut
778 3753 832 3801 in
873 3751 1077 3801 homine
1094 3752 1321 3815 Tacitus,
1347 3753 1422 3804 sic
1463 3753 1515 3803 in

455 3828 597 3878 dicto
637 3828 846 3878 aberrat
876 3829 1110 3880 Graecus.
1179 3831 1341 3880 Putat
1380 3831 1517 3881 enim

451 3906 619 3957 laudis
639 3906 945 3973 honorisque
968 3906 1151 3958 fuisse:
1174 3910 1307 3973 quod
1328 3923 1514 3958 revera

453 3984 631 4049 probri
670 3982 791 4045 fuit,
810 3990 866 4032 et
897 3983 1027 4033 false
1055 3984 1259 4049 jactum
1282 3986 1334 4034 in
1357 3985 1516 4035 homi-

452 4059 829 4123 nemdivitem,
849 4060 940 4110 sed
974 4061 1233 4127 ignavum,
1254 4062 1516 4127 hebetem,

455 4138 711 4187 oviculam
734 4154 944 4188 meram.
984 4139 1192 4204 Lipsius.

519 4211 786 4279 Contingit
804 4217 904 4268 boc
926 4218 1060 4281 loco,
1100 4216 1240 4282 quod
1263 4231 1401 4285 saepe
1426 4217 1516 4266 ali-

456 4291 526 4358 bi,
568 4299 629 4344 ιιι
664 4294 978 4346 conveniant
1021 4300 1261 4345 auctores
1301 4293 1357 4342 in
1394 4292 1515 4344 sub-

1589 1437 1783 1489 stantia
1806 1436 1900 1501 rei,
1935 1451 2121 1502 nempe
2144 1436 2198 1487 id
2228 1437 2427 1487 dictum
2450 1427 2651 1487 esse'de

1591 1516 1652 1566 L.
1674 1514 1884 1577 Silano;
1920 1521 1976 1564 et
2014 1514 2065 1564 in
2090 1511 2492 1565 circumstantiis
2533 1527 2649 1577 per-

1590 1594 1751 1653 sonae,
1793 1599 1848 1643 et
1888 1592 2032 1655 dicti,
2071 1606 2161 1641 seu
2207 1605 2380 1640 causae
2434 1596 2652 1654 propter

1589 1683 1741 1736 quam
1763 1669 1816 1718 id
1841 1670 2036 1719 dictum
2060 1674 2159 1732 est,
2178 1665 2437 1718 differant.
2675 1732 2682 1735 ¹

1655 1747 1911 1811 Pecudem]
1943 1743 2203 1809 Quicquid
2226 1744 2425 1806 dicant,
2455 1749 2534 1792 sto
2556 1756 2651 1807 pro

1590 1823 1789 1875 Tacito.
1853 1821 2039 1873 Potuit
2060 1821 2149 1886 qui
2185 1827 2338 1870 natus
2377 1826 2457 1870 est
2479 1835 2655 1884 supre-

1592 1913 1678 1949 mo
1688 1897 1909 1963 Augusti
1928 1912 2083 1961 anuo,
2096 1898 2210 1962 jam
2228 1896 2450 1947 fastidiri
2472 1897 2525 1946 in
2546 1895 2651 1948 fine

1595 1976 1950 2026 dominationis
2003 1975 2296 2026 Tiberianae
2319 1993 2333 2025 ε
2384 1982 2440 2027 et
2491 1975 2654 2041 magis

1596 2052 1761 2103 adhuc
1784 2052 1879 2102 sub
1889 2051 2015 2102 Caio
2038 2060 2094 2102 et
2117 2051 2353 2115 Claudio,
2375 2067 2503 2116 quos
2521 2066 2654 2117 prae-

1593 2130 1747 2195 cipue
1791 2130 1874 2180 hie
1921 2130 2165 2194 intelligit
2200 2130 2411 2178 Tacitus
2445 2145 2541 2194 per
2560 2129 2653 2179 has

1591 2224 1765 2273 voces,
1783 2207 2175 2275 dominationibus
2194 2207 2307 2255 aliis
2314 2207 2591 2266 fastiditus.
2653 2220 2659 2226 *

1659 2285 1761 2334 Sed
1790 2286 1902 2349 jam
1930 2284 2240 2347 notavimus,
2262 2299 2412 2349 quam
2437 2284 2656 2334 diversae

1595 2363 1749 2414 famae
1789 2365 1911 2414 talia
1948 2363 2059 2414 haec
2084 2363 2306 2413 obnoxia
2329 2361 2447 2413 sint.
2518 2363 2653 2412 Haec

1596 2442 1739 2492 dicta
1760 2441 2049 2507 principum
2069 2440 2156 2490 alii
2182 2440 2333 2490 aliter
2353 2439 2583 2504 tradunt,
2600 2447 2657 2491 et

1593 2534 1731 2584 saepe
1776 2519 1991 2569 diversis
2042 2518 2223 2568 eadem
2275 2518 2530 2580 tribuunt,
2565 2523 2658 2567 aut

1590 2596 1733 2645 varie
1757 2597 2188 2661 interpretantur.

1655 2675 1742 2725 Sic
1761 2676 1859 2725 hoc
1883 2676 2013 2737 loco,
2043 2675 2178 2740 quod
2204 2674 2399 2724 dictum
2423 2689 2537 2724 esse
2560 2690 2655 2739 per

1593 2760 1911 2802 contemtum
1933 2760 1990 2802 et
2012 2753 2395 2812 contumeliam,
2417 2752 2481 2802 de
2496 2752 2655 2804 Junio

1593 2829 1784 2890 Silano,
1804 2828 2029 2878 affirmat
2046 2829 2273 2892 Tacitus,
2308 2830 2403 2878 hoc
2425 2829 2562 2878 idem
2590 2828 2654 2877 de

1595 2906 1782 2956 Marco
1804 2907 1976 2956 Silano
2001 2906 2200 2957 dictum
2223 2921 2351 2968 esse,
2377 2906 2521 2971 quasi
2559 2919 2655 2970 per

1592 2984 1839 3034 virtutem
1865 2990 1920 3034 et
1944 2983 2124 3047 decus,
2143 2985 2326 3034 scribit
2350 2984 2487 3045 Dio;
2524 2982 2655 3033 adeo

1594 3062 1643 3110 in
1684 3062 1874 3111 talibus
1917 3062 2051 3111 fama
2090 3061 2293 3112 incerta
2316 3069 2373 3109 et
2393 3061 2536 3109 varia
2554 3060 2656 3110 his-

1595 3139 1729 3202 toria
1752 3146 1851 3190 est.

1658 3217 1811 3266 Suam
1832 3216 2098 3267 historiam
2123 3216 2418 3266 invertebat
2452 3212 2555 3262 Dio
2591 3228 2668 3284 ex*

1591 3294 1795 3357 Tacito,
1817 3295 2084 3355 Suetonio,
2110 3301 2165 3343 et
2186 3294 2299 3342 aliis
2321 3291 2517 3341 Latinis
2538 3291 2666 3341 aue-⁵

1593 3370 1823 3420 toribus:
1857 3377 1911 3420 at
1937 3385 2118 3435 parum
2143 3369 2329 3419 Latine
2347 3367 2565 3432 sciebat,
2600 3375 2660 3418 ut

1586 3449 1694 3513 jam
1734 3447 1853 3498 alibi
1896 3462 2037 3512 saepe
2078 3447 2395 3496 notavimus:
2429 3445 2548 3495 hinc
2583 3444 2659 3495 di·

1596 3526 1834 3576 versitas.

1660 3603 1820 3667 Puto,
1841 3607 1984 3652 errat
2007 3602 2133 3665 Dio,
2152 3609 2208 3652 et
2241 3601 2294 3650 in
2331 3616 2570 3666 persona,
2603 3608 2659 3651 et

1599 3682 1651 3731 in
1675 3681 1846 3730 dicto:
1883 3694 2052 3745 neque
2087 3679 2349 3729 intellexit
2373 3684 2658 3743 auctorem,

1599 3773 1663 3808 ex
1687 3772 1788 3824 quo
1827 3756 1882 3805 id
1918 3756 2150 3819 invertit,
2173 3771 2338 3822 neque
2360 3754 2498 3806 forte
2528 3755 2660 3820 seip-

1601 3837 1712 3885 sum
1733 3852 1747 3895 ;
1799 3849 1919 3883 nam
1964 3833 2079 3898 quis
2134 3827 2337 3882 sensnm
2379 3832 2526 3899 hujus
2560 3832 2663 3881 loci

1592 3912 1779 3963 Dionis
1804 3917 1948 3960 recte
1973 3910 2254 3959 conciliet?

1661 3987 1838 4048 Caius,
1880 3987 1967 4053 qui
2021 4001 2180 4051 prave
2232 3987 2400 4049 dicax,
2448 3985 2663 4035 incessit

1598 4064 1851 4115 conviciis
1897 4063 2151 4126 Silanum,
2173 4069 2226 4113 et
2260 4062 2391 4112 bene
2435 4061 2500 4109 de
2544 4061 2660 4125 ejus

1596 4142 1792 4192 virtute
1826 4141 2005 4201 sentit,
2046 4140 2177 4189 bene
2204 4139 2270 4188 de
2291 4139 2381 4188 illo
2404 4138 2662 4202 opinatur,

1596 4221 1753 4269 καλῶς
1788 4217 1893 4281 περὶ
1930 4216 2073 4267 αὐτοῦ
2093 4218 2291 4280 φρονῶν,
2313 4215 2482 4281 inquit
2521 4213 2659 4274 Dio;

1594 4302 1651 4347 et
1668 4296 1819 4347 simul
1837 4295 1911 4346 'ob
1928 4295 2070 4346 illam
2093 4294 2394 4359 praeclaram
2410 4290 2672 4341 virtutum'
