3063 4952
531 376 707 461 1774
1250 400 1314 448 c.
1361 399 1726 448 commun
1773 401 2029 451 'rAcr'rt
2426 412 2519 478 [A.
2542 415 2609 477 u,
2632 421 2747 467 sm.

528 544 648 607 tati
675 543 920 626 grande
950 544 1356 610 desiderium
1403 546 1554 631 ejus
1594 551 1861 627 mansit,
1893 571 2015 634 per
2044 554 2431 619 memoriam
2462 556 2748 640 virtutiS,

527 651 595 709 et
621 662 1077 713 successorum
1132 649 1399 715 alterius
1443 671 1711 736 segnem
1757 654 2251 735 innocentiam,⁸
2304 660 2578 725 alterius
2621 663 2743 726 fla-

525 749 949 829 grantissima
976 752 1227 833 flagitia
1256 760 1323 817 et
1348 753 1670 819 adulteria
1687 753 1735 820 :⁶
1801 758 2051 841 quippe
2083 758 2320 824 Caesar
2351 761 2742 829 duos.Prae-
2797 760 2806 769 ’

518 852 707 915 toriis
733 853 1112 917 cohortibus
1139 856 1589 939 imposuerat:
1658 857 1933 923 Fenium
1983 861 2264 942 Rufum,
2297 885 2382 930 ex
2414 867 2601 948 vulgi
2637 867 2740 932 fa-

519 1031 675 1095 liquit,
693 1050 799 1084 cum
832 1039 1191 1088 recordarentur
1218 1041 1534 1091 scrutantium
1571 1042 1717 1102 illius,
1756 1050 1804 1094 et
1843 1052 2026 1095 contra
2060 1046 2388 1108 proesectorum
2422 1050 2741 1113 sequentinm,

515 1098 709 1147 ulterius
727 1100 925 1151 inertem
945 1104 1316 1167 simplicitatem,
1338 1111 1386 1155 et
1424 1108 1624 1157 alterius
1646 1109 1981 1160 ardentissima
2018 1112 2156 1173 vitia,
2177 1113 2486 1176 libidinesque
2529 1118 2739 1178 specta-

519 1169 671 1216 rent:
705 1181 815 1216 nam
838 1167 969 1217 Nero
989 1170 1103 1218 duos
1116 1173 1340 1235 proetorio
1363 1172 1509 1221 militi
1524 1171 1834 1236 prefecerat:
1875 1176 2079 1227 Feninm
2102 1177 2286 1238 Rasum
2307 1194 2369 1230 ex
2393 1194 2551 1265 amose
2571 1181 2738 1246 plebis,

1450 1336 1504 1355 ‘O
1511 1337 1743 1357 “One“
1749 1338 1805 1358 OO

517 1422 857 1488 PuteolauuS,
874 1429 1253 1496 sciscitantique.-
1287 1442 1342 1483 ct
1366 1436 1440 1485 sic
1465 1438 1702 1502 Ryckius
1725 1445 1780 1489 et
1804 1441 2120 1491 Gronovius.
2190 1443 2391 1507 Copula
2420 1459 2507 1507 qne
2530 1443 2683 1495 abest
2706 1460 2735 1494 a

510 1491 648 1541 Mss.
674 1493 961 1559 Flor.Reg.
986 1496 1218 1547 editione
1258 1501 1494 1565 principe
1533 1511 1588 1553 et
1627 1507 2026 1555 recentioribus.
2095 1507 2387 1571 Perperarn
2428 1508 2587 1572 vulgo
2627 1511 2735 1558 haec

503 1554 708 1620 juncta,
727 1560 1093 1625 sciscitantique,
1112 1564 1190 1612 vel
1212 1567 1477 1615 sciscitanti
1497 1568 1721 1619 hactenus
1739 1573 2048 1635 respondisse,
2064 1587 2149 1634 ego
2171 1588 2245 1621 me
2268 1572 2381 1622 bene
2402 1573 2567 1623 nabeo.
2619 1575 2737 1624 Dis·
2771 1578 2776 1584 ‘

518 1619 875 1685 tinguendum,
909 1626 1191 1688 sciscitanti,
1220 1629 1485 1693 Hactenus,
1506 1637 1815 1698 respondisse,
1839 1652 1924 1699 ego
1947 1652 2021 1686 me
2042 1638 2155 1687 bene
2185 1637 2348 1701 habeo,
2380 1639 2604 1688 suadent
2625 1639 2736 1702 ipsa

518 1688 747 1736 narratio
784 1690 1198 1756 scriptorumque
1241 1710 1378 1744 usus.
1470 1698 1531 1747 ld
1565 1700 1674 1762 jam
1717 1709 1991 1751 monuerat
2031 1703 2295 1753 Heinsius.
2370 1703 2618 1753 Idem-6
2650 1705 2735 1754 Ita

517 1748 834 1801 Puteolanus
858 1763 912 1802 et
937 1756 1097 1804 ceteri
1123 1773 1314 1809 omues.
1382 1762 1445 1811 In
1470 1764 1601 1815 Mss,
1625 1767 1755 1828 Reg.
1780 1766 1938 1817 Corb.
1964 1775 2019 1816 et
2046 1767 2274 1817 editione
2301 1768 2559 1832 principe,
2585 1768 2737 1837 flugi-

516 1814 593 1862 tia
628 1819 691 1865 ad
723 1818 925 1877 ultima,-
1012 1821 1113 1870 uod
1152 1838 1254 1872 non
1292 1826 1366 1874 ita
1403 1830 1771 1891 spernendum.
1854 1833 1971 1881 Nec
2008 1833 2144 1881 enim
2185 1833 2457 1897 probabile
2497 1834 2735 1883 Taciturn

517 1879 804 1942 scripsisse,
827 1883 1032 1946 flagitia
1054 1891 1101 1934 et
1123 1889 1373 1954 adulteria,
1405 1906 1521 1941 cum
1563 1894 1616 1942 in
1653 1893 1869 1959 flagitiis
1907 1896 2165 1947 adulteria
2200 1899 2591 1948 contineantur.
2649 1898 2732 1948 *At

516 1941 653 1994 forte
689 1945 839 2012 dixit,
860 1950 921 1997 ad
942 1950 1127 2016 ultima,
1166 1953 1244 2002 uti
1282 1970 1438 2020 supra
1467 1956 1659 2010 Annal.
1698 1975 1797 2012 xu.
1837 1965 1919 2011 22.
1953 1963 1968 1990 ‘
1996 1962 2132 2013 citra
2165 1963 2380 2013 ultima.’
2444 1964 2728 2015 Brotier.—-

1510 2106 1559 2156 N
1569 2107 1732 2157 OTAE

516 2188 622 2253 beo]
686 2189 771 2241 Ad
816 2193 1270 2260 incomparabilem
1312 2201 1582 2253 Heinsium

424 2279 430 2287 ·
516 2267 662 2317 nobis
698 2270 916 2320 eundum
956 2282 1052 2325 est.
1137 2277 1332 2328 Scribit
1370 2280 1479 2344 ille,
1517 2296 1580 2331 ae

514 2342 822 2410 distinguit:
875 2350 1244 2417 sciscitantique,
1264 2356 1488 2407 hactenns
1507 2374 1581 2409 re-

510 2423 764 2488 spondisse,
786 2441 870 2489 ego
908 2443 982 2479 me
1017 2430 1131 2481 bene
1159 2432 1320 2485 habeo.
1386 2436 1581 2500 Verba,

511 2499 742 2564 inquam,
775 2504 964 2555 Burrhi
997 2513 1136 2571 suut,
1159 2508 1383 2561 hactenus
1397 2528 1485 2575 ego
1505 2530 1580 2564 me

510 2575 623 2626 bene
644 2578 789 2628 habeo
805 2597 821 2630 :
867 2582 964 2633 hoc
986 2592 1082 2646 est,
1117 2586 1284 2638 donec
1309 2591 1580 2642 accessisti

512 2661 587 2713 tu,
611 2669 640 2703 a
663 2671 763 2721 quo
788 2660 987 2721 petitus
1014 2677 1209 2712 veneno
1235 2680 1364 2715 sum.

576 2729 748 2782 Acute
789 2735 1026 2797 profecto
1061 2754 1122 2790 ac
1159 2741 1341 2794 libere.
1424 2746 1578 2797 Quod

509 2821 612 2856 non
655 2809 944 2876 mirabitur,
966 2815 1054 2878 qui
1090 2817 1229 2880 apud
1258 2819 1578 2884 Xiphilinum

509 2884 654 2948 leget
675 2885 728 2934 in
752 2887 984 2952 Nerone,
1026 2893 1302 2959 Burrbum,
1341 2913 1458 2947 cum
1495 2899 1577 2952 bis

507 2959 646 3010 idem
669 2964 812 3012 Nero
837 2974 1062 3029 rogaret,
1077 2983 1164 3019 ore
1183 2971 1446 3023 liberrimo
1466 2976 1577 3025 dix-

505 3037 636 3088 isse:
671 3041 687 3068 ‘
713 3041 795 3090 De
817 3043 1002 3107 quibus
1041 3048 1197 3096 semel
1237 3064 1335 3113 ego
1375 3050 1575 3116 dixero,

506 3130 571 3163 ne
597 3130 677 3165 me
701 3119 917 3182 amplius
941 3121 1267 3187 interroges.’
1322 3128 1573 3180 Boxhorn.

571 3196 718 3245 Falsa
737 3197 1023 3261 distinctio,
1039 3199 1201 3251 falsus
1222 3219 1415 3258 sensus.
1451 3209 1571 3257 Nou

504 3270 651 3335 dicit,
674 3273 925 3325 hactenus
949 3291 1006 3326 se
1027 3278 1158 3327 bene
1182 3280 1439 3347 habuisse,
1478 3286 1572 3335 sed

504 3348 791 3399 sciscitanti
837 3353 1052 3417 Neroni,
1103 3355 1199 3406 hoc
1246 3364 1444 3408 tautum
1490 3376 1570 3412 re-

504 3425 714 3488 spondit
737 3428 995 3479 Burrbus:
1036 3433 1145 3495 Ego
1167 3450 1240 3483 me
1262 3434 1374 3485 bene
1392 3437 1568 3489 habeo:

501 3500 599 3551 hoc
641 3511 740 3566 est,
782 3508 922 3556 nulla
967 3509 1106 3559 ultra
1154 3512 1311 3562 verba
1357 3514 1571 3579 adjecit,

503 3578 642 3641 quod
675 3581 969 3633 libertatem
1008 3585 1116 3649 ejus
1152 3603 1276 3652 erga
1309 3589 1572 3642 dominan-

503 3661 609 3704 tem
630 3659 941 3712 manifestat.

567 3734 846 3786 Commode
864 3738 1011 3802 illud,
1023 3741 1249 3793 hactenus
1269 3747 1572 3813 respondisse,

499 3818 676 3873 potest
699 3816 888 3877 exponi
930 3831 1023 3879 per
1057 3819 1143 3869 hoc
1162 3821 1368 3873 tantum.
1436 3824 1570 3875 Vide

501 3886 727 3940 Observ.
766 3890 817 3939 in
851 3893 1054 3943 Eccles.
1098 3912 1213 3961 cap.
1237 3902 1318 3948 22.
1397 3901 1464 3950 In
1503 3917 1569 3952 eo

499 3971 673 4016 autem
721 3984 962 4031 responso
1007 3987 1124 4037 qua·
1168 3975 1245 4024 vis
1294 3975 1380 4042 sit,
1425 3978 1568 4030 dicet

497 4043 694 4094 Seneca
732 4048 900 4110 Epist.
943 4054 1022 4100 24.
1055 4053 1070 4079 ‘
1093 4052 1245 4103 Sicut
1283 4055 1428 4105 illum
1466 4058 1565 4108 Cn.

494 4117 733 4183 Pompeii
757 4137 984 4174 socerum
1008 4126 1320 4194 Scipionem,
1334 4131 1423 4196 qui
1445 4147 1567 4182 con·

482 4195 661 4245 uario
682 4197 737 4246 in
760 4198 994 4252 Africam
1032 4214 1187 4256 vento
1211 4209 1423 4272 relatus,
1447 4225 1563 4259 cum

495 4270 664 4321 teneri
700 4289 883 4328 navem
916 4293 1061 4331 suam
1096 4280 1296 4335 videret
1322 4284 1388 4333 ab
1411 4284 1566 4336 bosti-

1664 2204 1778 2266 bus,
1820 2204 1957 2256 ferro
2011 2223 2067 2258 se
2112 2207 2629 2267 transverberaverit,
2675 2215 2727 2259 et

1662 2284 2011 2348 querentibus
2033 2285 2122 2335 ubi
2148 2284 2432 2348 imperator
2455 2284 2727 2346 esset,1m·

1662 2367 1893 2427 perator,
1914 2362 2097 2426 inquit,
2119 2362 2250 2413 bene
2270 2375 2382 2411 sese
2400 2363 2578 2413 habet.
2613 2362 2726 2412 Vox

1659 2437 1773 2488 haec
1801 2438 1945 2487 illum
1969 2453 2146 2503 parem
2180 2438 2456 2505 maioribus
2492 2437 2641 2498 fecit,
2674 2446 2728 2489 et

1658 2514 1866 2566 fatalem
1884 2517 2211 2582 Scipionibus
2233 2516 2283 2565 in
2302 2514 2487 2566 Africa
2510 2517 2724 2580 gloriam

1659 2607 1759 2643 non
1779 2602 1862 2645 est
1884 2595 2190 2666 interrumpi
2211 2593 2398 2658 passa‚'
2432 2598 2532 2644 διο.
2606 2594 2725 2645 Gro-

1657 2671 1839 2722 novius.

1722 2747 2020 2812 Sciscitanti]
2087 2750 2312 2813 Nempe,
2365 2748 2644 2813 quomodo,
2671 2762 2724 2797 se

1657 2824 1887 2890 haberet,
1911 2824 2167 2890 quomodo
2191 2824 2423 2874 valeret?
2466 2839 2566 2874 nec
2586 2824 2724 2874 aliud

1656 2908 1755 2963 est,
1777 2903 1912 2967 quod
1935 2902 2079 2967 prius
2118 2902 2378 2966 inquirere
2419 2902 2586 2965 possit
2621 2902 2724 2964 ille,

1656 2979 1743 3043 qui
1767 2994 1961 3045 aegrum
1985 2980 2179 3044 invisit,
2194 2985 2248 3029 et
2265 2987 2423 3043 amat,
2442 2985 2534 3029 aut
2550 2994 2722 3030 amare

1652 3055 1821 3122 fingit.

1717 3142 1743 3178 Ι
1775 3134 1980 3196 Segnem
1997 3134 2335 3198 innocentiam]
2376 3134 2464 3184 Sic
2485 3133 2723 3185 Hordeo·

1652 3209 1767 3259 nius
1790 3220 2007 3260 vocatur
2043 3211 2188 3260 libris
2221 3212 2418 3289 Histof.
2457 3211 2723 3260 innocentia

1650 3303 1822 3349 socors,
1846 3289 1897 3338 id
1922 3296 2020 3350 est,
2058 3289 2241 3338 nullius
2264 3288 2412 3351 artis,
2435 3294 2525 3337 aut
2548 3287 2721 3337 indus·

1652 3364 1786 3426 triae,
1830 3364 2017 3431 ἄπορος,
2060 3366 2196 3429 inops
2236 3365 2435 3415 consilii.
2539 3365 2721 3415 Virtus

1650 3440 1905 3505 Rempub.
1923 3441 2245 3504 capessentis
2264 3440 2362 3490 viri
2379 3440 2571 3491 babere
2593 3440 2719 3490 duas

1650 3525 1828 3579 partes
1851 3518 2031 3578 debet,
2059 3517 2396 3581 innocentiam,
2432 3532 2524 3567 seu
2567 3518 2720 3568 absti-

1650 3594 1899 3658 nentiam,
1924 3602 1978 3644 et
2001 3595 2302 3657 industrium,
2336 3594 2544 3659 vimque
2569 3595 2719 3659 inge·

1648 3670 1744 3733 nii,
1763 3685 1864 3735 qua
1895 3672 2107 3734 negotia
2135 3670 2578 3738 difficultatesque
2604 3686 2720 3737 per·

1649 3753 1869 3811 rumpat.

1715 3823 1944 3872 Primam
1970 3831 2169 3888 partem
2190 3826 2377 3876 habuit
2401 3825 2592 3891 Rufus,
2614 3842 2716 3877 non

1649 3899 1881 3949 alteram.
1925 3900 2177 3952 Quaedam
2196 3903 2403 3967 ingenia
2426 3903 2514 3952 vix
2529 3902 2719 3954 suffici-

1648 3985 1740 4026 unt
1762 3979 2042 4043 prosperis,
2062 3987 2118 4030 et
2142 3989 2262 4030 sunt
2281 3980 2583 4032 innocentia
2606 3994 2718 4046 seg·

1647 4068 1737 4102 nes
1779 4069 1839 4104 ac
1879 4055 2070 4118 miseri,
2111 4063 2313 4107 tantum
2351 4058 2525 4121 abest,
2557 4066 2616 4108 ut
2657 4070 2712 4108 se

1645 4131 1955 4196 negotiaque
2012 4132 2329 4187 difficillimis
2393 4136 2713 4201 temporibus

1644 4207 1947 4272 expediant.

2391 4269 2423 4284 N
