3063 4952
2339 397 2534 466 1533.

372 565 482 631 31.
530 562 806 630 Nerone
856 562 1241 640 secundum,
1272 562 1351 627 L.
1379 562 1629 628 Pisone
1659 559 2090 641 ConS‘ulibuS‚
2119 579 2345 646 pauca
2372 582 2512 627 me-

288 669 502 735 moria
531 670 737 752 digna
758 688 1027 734 evenere
1061 691 1075 733 :
1122 668 1252 732 nisi
1281 668 1389 732 cui
1418 668 1650 744 libeat,
1685 664 2038 731 laudandis
2064 664 2508 731 fundamentis

283 779 346 836 et
368 773 701 851 trabibuS,
727 774 874 856 quis
895 772 1136 837 molem
1164 765 1651 855 amphitheatrik
1680 770 1861 854 apud
1895 768 2227 854 Campum
2260 769 2503 850 Martis

284 873 522 940 Caesar
579 881 1045 953 exstruxerat‚¹
1096 874 1438 939 volumina
1485 874 1798 958 implere:
1857 893 2005 938 cum
2054 894 2140 939 ex
2184 874 2504 960 dignitate

286 979 541 1063 Populi
594 978 886 1044 Romani
916 985 1247 1063 repertum
1276 977 1366 1043 sit
1394 997 1504 1043 res
1552 978 1836 1043 illustres
1892 979 2296 1058 annalibuS‚²
2347 978 2510 1045 talia

283 1084 542 1148 diurnis
600 1083 782 1148 urbis
832 1079 1019 1148 actis¹
1068 1082 1401 1149 mandare.
1496 1082 1806 1148 Ceterum
1867 1085 2168 1164 coloniae,
2224 1072 2501 1170 Capuam

295 419 906 490 μ.υ.ειι.’.ι.ο.53,]
998 411 1429 489 ‘surranum
1481 413 1631 461 mn.
1679 414 1852 463 xm.

347 1253 547 1302 Nerone
570 1252 839 1314 secundum,
862 1251 920 1300 L.
947 1249 1118 1300 Pisone
1138 1249 1414 1311 consulibus,
1452 1237 1604 1313 pauc'a
1624 1250 1862 1312 contigere
1883 1250 2048 1314 digna,
2067 1266 2169 1315 quoe
2185 1251 2385 1317 posteris
2403 1256 2504 1302 tra-

281 1317 491 1376 dantur;
535 1318 631 1367 m'si
666 1317 772 1381 quis
810 1316 924 1366 velit
962 1316 1156 1381 implere
1199 1315 1342 1365 libros
1372 1315 1661 1365 celebrandis
1669 1315 2059 1375 fundamentiset
2082 1317 2310 1381 trabibus,
2336 1318 2506 1383 quibus

281 1383 411 1433 Nero
435 1383 701 1450 oedificarat
726 1383 1000 1433 immensum
1023 1396 1134 1446 opus
1154 1381 1495 1445 amphitheatri
1517 1383 1570 1430 in
1590 1396 1751 1445 campo
1775 1382 1995 1440 Martum
2031 1398 2136 1432 cum
2158 1398 2220 1432 ex
2239 1384 2402 1434 decore
2417 1399 2503 1449 po·

273 1449 376 1510 puli
412 1449 625 1498 Romani
645 1449 920 1497 institutum
954 1448 1039 1512 sit,
1057 1449 1110 1496 ia
1134 1450 1327 1497 annales
1356 1445 1537 1506 referre
1553 1462 1628 1495 res
1647 1447 1876 1509 insignes,
1892 1453 1940 1496 et
1969 1449 2193 1509 eiusmodi
2211 1463 2390 1512 opera,
2408 1463 2502 1500 seu

280 1512 530 1580 aedificia,
552 1514 675 1563 actis
697 1514 914 1564 civitatis
946 1512 1214 1564 inscribere.
1291 1513 1464 1564 Verum
1476 1518 1630 1562 auctoe
1647 1519 1754 1562 sunt
1778 1514 1985 1576 colonia,
2010 1513 2173 1579 Capua
2206 1519 2253 1563 et
2279 1516 2503 1579 Nuceria,

1212 1642 1417 1664 “506“
1422 1642 1570 1664 Νη,

277 1728 656 1793 Suspicabatur
679 1728 902 1793 Lipsius,
944 1729 1176 1790 amicitia,
1196 1729 1332 1794 qnod
1365 1731 1541 1793 placet
1563 1730 1808 1779 Ernesto.
1873 1724 1948 1777 At
1960 1726 2042 1776 hic
2067 1726 2276 1790 dicitur,
2302 1728 2498 1794 impera·

276 1800 432 1844 torum
459 1796 667 1857 malitia,
690 1805 746 1844 ut
770 1793 905 1844 infra
930 1808 1022 1845 xv.
1045 1799 1124 1845 21.
1149 1795 1526 1858 magistratuum
1549 1794 1752 1845 malitia.
1791 1794 1974 1843 Latine
1992 1809 2196 1860 quoque
2216 1809 2276 1845 ac
2295 1795 2500 1861 elegan-

278 1868 359 1909 ter
382 1860 603 1921 dicitur,
636 1859 868 1926 inoffensa
883 1861 1090 1910 malitia.
1127 1860 1296 1910 Idem.

343 1930 368 1974 l
408 1925 497 1975 Ita
538 1927 669 1977 Mae.
718 1928 851 1976 Flor.
887 1927 1014 1992 Reg.
1064 1925 1191 1990 Agr.
1234 1926 1382 1975 Harl.
1423 1926 1575 1976 Bodl.
1599 1922 1776 1976 Guelf.
1799 1924 1964 1976 editio
1987 1926 2250 1991 princepS,
2277 1927 2500 1992 aliaeque

278 1991 516 2055 optimae.
585 1993 651 2041 ln
695 1993 797 2042 Ms.
840 1992 952 2045 Jes.
996 1998 1053 2041 et
1091 1993 1432 2054 Puteolanus,
1475 1995 1762 2042 extruserat.
1829 1990 2114 2055 Perperam
2150 2007 2353 2058 quoque
2389 1994 2498 2058 alii,

276 2061 578 2108 astruxerat.
644 2059 832 2108 Mallet
870 2059 1139 2121 Ernestus‚
1183 2058 1482 2116 eumeriu-
1526 2063 1588 2108 nt
1620 2057 1813 2107 dictum
1838 2072 1994 2122 supra
2017 2072 2062 2109 c.
2081 2062 2163 2108 20.
2180 2060 2500 2122 prodiderint.

269 2121 500 2173 Brotier.
568 2123 633 2173 In
676 2126 762 2173 vul
802 2123 900 2173 atis
935 2122 1184 2173 hactenus
1225 2122 1558 2174 Editionibus
1601 2123 1890 2188 legebatur,
1944 2129 2232 2175 astruxerat.
2300 2126 2401 2174 Sed
2442 2129 2496 2175 in

272 2185 479 2238 duobus
525 2188 691 2239 codd.
737 2189 779 2238 F
803 2204 879 2238 or.
915 2198 972 2238 et
1014 2204 1148 2252 meo,
1192 2193 1527 2238 exstruxerat.-
1562 2188 1698 2254 quod
1739 2190 1964 2253 praetuli.
2023 2191 2351 2254 Ryckius.-—2
2388 2191 2493 2241 Ma.

270 2252 403 2318 Reg.
444 2261 503 2304 et
541 2254 703 2304 editio
728 2253 971 2319 princeps
996 2253 1213 2318 addunt,
1235 2253 1519 2304 scribendas.
1589 2255 1907 2304 Puteolanus
1932 2256 2123 2321 aliique
2159 2257 2345 2308 merito
2370 2258 2495 2307 omi-

1276 2405 1491 2459 NOTAE

268 2527 561 2591 scopulum,
580 2525 650 2576 de
681 2541 784 2591 qno
822 2525 1037 2577 Tacitus
1079 2526 1221 2577 Hist.
1244 2527 1276 2577 l.
1300 2541 1339 2578 1.
1419 2526 1505 2576 liae
1526 2540 1703 2588 causa,
1725 2512 1921 2592 et'quae
1962 2526 2063 2577 suis
2085 2533 2290 2578 tantum
2314 2529 2492 2580 liberis

267 2605 281 2631 ‘
307 2604 596 2668 Nobilitas,
615 2618 758 2668 opes,
781 2604 956 2655 omissi
985 2605 1222 2669 gestique
1251 2606 1337 2655 ho·
1420 2612 1476 2654 et
1497 2603 1792 2654 haeredibus
1823 2604 2208 2668 relinquerent:
2236 2612 2291 2655 et
2312 2620 2377 2656 ne
2397 2608 2490 2658 mi-

268 2694 435 2745 nores,
456 2695 558 2746 pro
579 2680 810 2745 crimine,
832 2684 888 2731 et
903 2681 971 2731 ob
994 2682 1212 2733 virtutes
1231 2697 1346 2732 cerm

268 2757 520 2810 tissimum
543 2758 801 2817 exitium!

324 2833 341 2877 l
376 2833 629 2900 Inaffensa
661 2840 731 2885 tot
770 2836 1110 2900 imperatorum
1151 2837 1341 2888 malitia

258 2911 382 2976 suit]
418 2914 535 2977 Ego
558 2912 684 2962 nihil
708 2919 872 2964 muto.
907 2915 1099 2964 Rarum
1122 2914 1174 2964 in
1195 2921 1341 2966 tanta

266 2997 440 3055 aetate,
479 2991 645 3041 tantis
680 2990 887 3055 opibus,
921 2990 1166 3057 effugisse
1201 2992 1341 3042 calli-

266 3067 380 3118 dam
400 3068 659 3118 saevitiam
676 3068 889 3131 Tiberii,
908 3067 1160 3119 furiosum
1177 3069 1340 3134 impe-

265 3150 371 3195 tum
412 3144 546 3207 Caii,
585 3144 825 3195 stolidam
863 3147 1157 3196 vecordiam
1184 3146 1337 3196 Clau-

264 3220 372 3271 dii:
408 3235 533 3286 quae
577 3220 893 3284 singulorum
938 3222 1066 3272 vitia
1106 3223 1337 3287 generali

262 3297 459 3348 malitie
500 3296 755 3348 vocabulo
801 3298 1102 3361 complexus
1138 3307 1335 3350 noster.

265 3375 533 3427 Men-erus.

321 3450 345 3484 ¹⁵
378 3453 563 3502 Molem
584 3452 945 3517 amphitheatri]
988 3454 1141 3506 Quod
1167 3460 1333 3505 totum

262 3543 290 3578 e
325 3529 472 3594 ligno
512 3527 724 3592 struxit,
756 3528 902 3580 Suet.
929 3545 977 3581 c.
1001 3536 1080 3581 12.
1114 3531 1249 3580 Vide
1274 3532 1333 3580 li-

261 3606 406 3657 brum
432 3612 686 3670 nostrum,
728 3606 771 3657 si
794 3608 992 3673 placet,
1014 3609 1077 3658 de
1118 3608 1332 3672 Amphi-

265 3684 491 3733 theatro.

318 3759 709 3825 Amphitheatri]
765 3761 920 3811 Anno
946 3762 1126 3813 Romae
1154 3764 1329 3814 condi-

262 3844 327 3890 tae
349 3843 468 3890 810.
506 3838 703 3889 Christi
744 3838 856 3891 nati
875 3843 958 3892 5⁷.
1012 3840 1144 3890 Vide
1180 3848 1331 3891 notas

261 3930 304 3965 c.
326 3921 404 3967 25.
449 3916 773 3966 Haemonius.

328 3991 343 4025 ¹
372 3990 589 4043 Diumis
629 3990 760 4040 urbis
791 3992 938 4056 actis]
989 3993 1153 4042 Erant
1174 3993 1333 4058 igitur

265 4076 380 4120 acta
418 4069 587 4133 urbis,
610 4074 734 4119 acta
753 4077 986 4133 senatus,
1010 4075 1129 4121 acta
1149 4071 1332 4136 populi

268 4145 481 4197 Romani
501 4162 517 4207 ;
547 4152 605 4196 et
627 4152 887 4210 praeterea
915 4154 1055 4210 acta,
1078 4163 1170 4198 seu
1191 4162 1333 4198 com-

267 4223 517 4272 mentaria
581 4236 846 4273 censorum
910 4230 968 4273 et
1019 4230 1332 4288 senatorum,

270 4315 379 4365 quae
400 4299 540 4366 apud
563 4315 622 4352 se
643 4299 1012 4366 conficiebant,
1038 4316 1147 4355 sua
1183 4300 1331 4354 fami-

1417 2681 1583 2741 reris;
1625 2682 1891 2745 pleraeque
1929 2678 2134 2731 familias
2158 2681 2403 2745 illustres,
2436 2689 2493 2733 et

1416 2760 1592 2824 dignae
1631 2756 1866 2820 fuerunt,
1923 2772 2137 2823 quarum
2176 2765 2295 2807 acta
2330 2759 2491 2808 etiam

1417 2836 1662 2903 publicis,
1679 2851 1777 2886 nec
1794 2836 1957 2886 solnm
1977 2835 2212 2900 privatis,
2235 2851 2494 2887 commen-

1418 2913 1564 2964 tariis
1593 2913 1964 2963 insererentur.

1480 2992 1661 3040 Decus
1678 2987 1798 3052 fuit,
1821 2996 1875 3040 et
1892 2987 2133 3039 interfuit
2156 2990 2376 3041 maxime
2400 3006 2490 3055 pa.

1418 3075 1576 3130 trum,
1614 3082 1762 3118 nosse
1789 3066 2049 3131 Rempub.
2082 3081 2232 3117 nosse
2257 3066 2488 3133 domum,

1419 3154 1475 3196 et
1509 3146 1728 3195 virtutes
1767 3160 1997 3207 avorum,
2032 3151 2092 3195 ut
2121 3146 2488 3197 aemularentur

1414 3237 1521 3272 non
1573 3221 1860 3286 degeneres
1888 3222 2091 3272 animis.
2156 3223 2329 3272 Etiam
2366 3239 2486 3275 cum

1416 3300 1590 3350 munia
1631 3299 1853 3364 Reipnb.
1888 3299 2321 3364 adipiscerentur,
2350 3302 2487 3351 cele·

1414 3378 1566 3429 brare
1591 3379 1805 3443 gloriam
1825 3384 1882 3428 et
1910 3377 2091 3428 laudes
2112 3378 2361 3443 maJorum
2376 3394 2488 3430 mos

1414 3459 1535 3508 olim
1560 3466 1708 3507 vetus
1727 3456 1850 3508 fuit.

1476 3542 1513 3567 ¹¹¹
1550 3534 1739 3598 Capua]
1794 3533 1932 3584 Urbs
1957 3533 2254 3598 Campaniae
2276 3534 2487 3600 provin-

1411 3612 1526 3662 ciae.
1598 3611 1772 3662 Hodie
1826 3626 1927 3662 non
1964 3618 2150 3663 extat:
2189 3613 2317 3663 situs
2355 3627 2483 3664 vero

1408 3690 1547 3739 illius
1581 3695 1663 3738 est
1697 3703 1861 3752 prope
1902 3689 2071 3739 vicum
2115 3704 2251 3739 nunc
2285 3689 2483 3740 dictum

1409 3767 1512 3821 San
1549 3767 1741 3829 Mauro,
1796 3773 1852 3816 et
1908 3765 1974 3816 ad
2018 3767 2295 3817 Meridiem
2339 3765 2487 3818 fluvii

1419 3844 1664 3907 Volturno,
1698 3844 1751 3892 in
1769 3843 1937 3893 Terra
1959 3843 2179 3893 Laboris
2196 3843 2482 3909 provinciae

1411 3921 1558 3985 regni
1577 3921 1927 3984 Neapolitani.
1963 3922 2282 3972 Tillemoaius.

1474 4004 1499 4029 ¹¹
1536 3998 1767 4063 Nuceria]
1801 3997 1940 4048 Urbs
1969 3998 2363 4049 Picentinorum
2388 4013 2481 4063 po·

1411 4075 1649 4139 pulcrum
1705 4075 1757 4123 in
1827 4076 2110 4139 Campania
2175 4075 2476 4140 provincia:

1409 4152 1563 4203 hodie
1586 4153 1817 4216 Nucem-a,
1836 4153 1960 4202 urbs
1978 4152 2312 4215 Principatus
2337 4152 2481 4203 Cite-

1412 4228 1581 4291 rioris,
1627 4228 1682 4279 in
1725 4242 1887 4294 regno
1931 4228 2299 4293 Neapolitano.
2338 4229 2477 4280 wle-

1413 4318 1614 4356 mutu.
