<?xml version="1.0" encoding="UTF-8"?>
<!DOCTYPE html PUBLIC "-//W3C//DTD XHTML 1.0 Transitional//EN"
    "http://www.w3.org/TR/xhtml1/DTD/xhtml1-transitional.dtd">
<html xmlns="http://www.w3.org/1999/xhtml" xml:lang="en" lang="en">
 <head>
  <title>
</title>
<meta http-equiv="Content-Type" content="text/html;charset=utf-8" />
  <meta name='ocr-system' content='tesseract 3.04.00' />
  <meta name='ocr-capabilities' content='ocr_page ocr_carea ocr_par ocr_line ocrx_word'/>
</head>
<body>
  <div class='ocr_page' id='page_1' title='image "./operaomniavolum00tacigoog_0135.png"; bbox 0 0 3063 4952; ppageno 0'>
   <div class='ocr_carea' id='block_1_1' title="bbox 331 447 602 522">
    <p class='ocr_par' dir='ltr' id='par_1_1' title="bbox 331 447 602 522">
     <span class='ocr_line' id='line_1_1' title="bbox 331 447 602 522; baseline -0.011 -16"><span class='ocrx_word' id='word_1_1' title='bbox 331 447 386 507; x_wconf 70' lang='lat' dir='ltr'><strong>J.</strong></span> <span class='ocrx_word' id='word_1_2' title='bbox 410 452 471 507; x_wconf 78' lang='grc' dir='ltr'><strong>ο,</strong></span> <span class='ocrx_word' id='word_1_3' title='bbox 492 450 602 522; x_wconf 61' lang='lat' dir='ltr'><strong>sa]</strong></span> 
     </span>
    </p>
   </div>
   <div class='ocr_carea' id='block_1_2' title="bbox 934 437 1876 518">
    <p class='ocr_par' dir='ltr' id='par_1_2' title="bbox 934 437 1876 518">
     <span class='ocr_line' id='line_1_2' title="bbox 934 437 1876 518; baseline 0.001 -25"><span class='ocrx_word' id='word_1_4' title='bbox 934 513 939 518; x_wconf 8' lang='grc' dir='ltr'><strong><em>ἢ</em></strong></span> <span class='ocrx_word' id='word_1_5' title='bbox 1037 437 1450 493; x_wconf 60' lang='lat' dir='ltr'><strong>Antistius«</strong></span> <span class='ocrx_word' id='word_1_6' title='bbox 1498 437 1644 492; x_wconf 75' lang='lat' dir='ltr'><strong>ms.</strong></span> <span class='ocrx_word' id='word_1_7' title='bbox 1698 439 1876 494; x_wconf 82' lang='lat' dir='ltr'><strong>xm.</strong></span> 
     </span>
    </p>
   </div>
   <div class='ocr_carea' id='block_1_3' title="bbox 2369 409 2547 495">
    <p class='ocr_par' dir='ltr' id='par_1_3' title="bbox 2369 409 2547 495">
     <span class='ocr_line' id='line_1_3' title="bbox 2369 409 2547 495; baseline 0.011 -2"><span class='ocrx_word' id='word_1_8' title='bbox 2369 409 2547 495; x_wconf 71' lang='lat' dir='ltr'><strong>15oe</strong></span> 
     </span>
    </p>
   </div>
   <div class='ocr_carea' id='block_1_4' title="bbox 330 584 2537 783">
    <p class='ocr_par' dir='ltr' id='par_1_4' title="bbox 330 584 2537 783">
     <span class='ocr_line' id='line_1_4' title="bbox 331 584 2536 678; baseline -0.002 -22"><span class='ocrx_word' id='word_1_9' title='bbox 331 592 440 658; x_wconf 82' lang='lat' dir='ltr'><strong>vel</strong></span> <span class='ocrx_word' id='word_1_10' title='bbox 498 611 769 678; x_wconf 87' lang='lat' dir='ltr'><strong>poenam</strong></span> <span class='ocrx_word' id='word_1_11' title='bbox 828 608 1022 656; x_wconf 87' lang='lat' dir='ltr'><strong>snam</strong></span> <span class='ocrx_word' id='word_1_12' title='bbox 1075 588 1563 654; x_wconf 75' lang='lat' dir='ltr'><strong>dissuadentes,</strong></span> <span class='ocrx_word' id='word_1_13' title='bbox 1656 584 1840 667; x_wconf 82' lang='lat' dir='ltr'><strong>Quid</strong></span> <span class='ocrx_word' id='word_1_14' title='bbox 1897 586 2090 651; x_wconf 15' lang='lat' dir='ltr'><strong>enim.</strong></span> <span class='ocrx_word' id='word_1_15' title='bbox 2127 584 2308 664; x_wconf 80' lang='lat' dir='ltr'><strong>aliud</strong></span> <span class='ocrx_word' id='word_1_16' title='bbox 2364 587 2536 652; x_wconf 80' lang='lat' dir='ltr'><strong>laeso</strong></span> 
     </span>
     <span class='ocr_line' id='line_1_5' title="bbox 330 688 2537 783; baseline -0.003 -22"><span class='ocrx_word' id='word_1_17' title='bbox 330 701 616 778; x_wconf 86' lang='lat' dir='ltr'><strong>patrono</strong></span> <span class='ocrx_word' id='word_1_18' title='bbox 648 700 1089 771; x_wconf 75' lang='lat' dir='ltr'><strong>concessum,c</strong></span> <span class='ocrx_word' id='word_1_19' title='bbox 1118 711 1323 776; x_wconf 90' lang='lat' dir='ltr'><strong>quam</strong></span> <span class='ocrx_word' id='word_1_20' title='bbox 1366 698 1439 783; x_wconf 88' lang='lat' dir='ltr'><strong>ut</strong></span> <span class='ocrx_word' id='word_1_21' title='bbox 1467 688 1890 757; x_wconf 80' lang='lat' dir='ltr'><strong>vicesimum⁶</strong></span> <span class='ocrx_word' id='word_1_22' title='bbox 1917 691 2091 756; x_wconf 87' lang='lat' dir='ltr'><strong>ultra</strong></span> <span class='ocrx_word' id='word_1_23' title='bbox 2126 689 2418 775; x_wconf 83' lang='lat' dir='ltr'><strong>lapidem</strong></span> <span class='ocrx_word' id='word_1_24' title='bbox 2465 691 2537 756; x_wconf 89' lang='lat' dir='ltr'><strong>in</strong></span> 
     </span>
    </p>
   </div>
   <div class='ocr_carea' id='block_1_5' title="bbox 325 853 2540 992">
    <p class='ocr_par' dir='ltr' id='par_1_5' title="bbox 325 853 2540 992">
     <span class='ocr_line' id='line_1_6' title="bbox 325 853 2540 925; baseline 0 -19"><span class='ocrx_word' id='word_1_25' title='bbox 325 859 445 922; x_wconf 71' lang='lat' dir='ltr'><strong>ipsis</strong></span> <span class='ocrx_word' id='word_1_26' title='bbox 484 862 832 920; x_wconf 77' lang='lat' dir='ltr'><strong>intentarent,</strong></span> <span class='ocrx_word' id='word_1_27' title='bbox 857 860 1302 924; x_wconf 87' lang='lat' dir='ltr'><strong>impellerentque,</strong></span> <span class='ocrx_word' id='word_1_28' title='bbox 1325 861 1408 910; x_wconf 83' lang='lat' dir='ltr'><strong>vel</strong></span> <span class='ocrx_word' id='word_1_29' title='bbox 1429 862 1498 910; x_wconf 80' lang='lat' dir='ltr'><strong>sic</strong></span> <span class='ocrx_word' id='word_1_30' title='bbox 1520 875 1726 925; x_wconf 79' lang='lat' dir='ltr'><strong>poenam</strong></span> <span class='ocrx_word' id='word_1_31' title='bbox 1767 874 1913 909; x_wconf 89' lang='lat' dir='ltr'><strong>snam</strong></span> <span class='ocrx_word' id='word_1_32' title='bbox 1948 856 2324 908; x_wconf 73' lang='lat' dir='ltr'><strong>dissuadentes.</strong></span> <span class='ocrx_word' id='word_1_33' title='bbox 2397 853 2540 910; x_wconf 81' lang='lat' dir='ltr'><strong>Quid</strong></span> 
     </span>
     <span class='ocr_line' id='line_1_7' title="bbox 326 922 2538 992; baseline -0.002 -16"><span class='ocrx_word' id='word_1_34' title='bbox 326 926 464 976; x_wconf 81' lang='lat' dir='ltr'><strong>enim</strong></span> <span class='ocrx_word' id='word_1_35' title='bbox 501 925 648 975; x_wconf 88' lang='lat' dir='ltr'><strong>aliud</strong></span> <span class='ocrx_word' id='word_1_36' title='bbox 681 926 987 990; x_wconf 77' lang='lat' dir='ltr'><strong>permissum</strong></span> <span class='ocrx_word' id='word_1_37' title='bbox 1018 922 1210 975; x_wconf 83' lang='lat' dir='ltr'><strong>offenso</strong></span> <span class='ocrx_word' id='word_1_38' title='bbox 1244 932 1485 992; x_wconf 85' lang='lat' dir='ltr'><strong>patrono,</strong></span> <span class='ocrx_word' id='word_1_39' title='bbox 1510 940 1668 991; x_wconf 86' lang='lat' dir='ltr'><strong>quam</strong></span> <span class='ocrx_word' id='word_1_40' title='bbox 1690 930 1750 975; x_wconf 92' lang='lat' dir='ltr'><strong>ut</strong></span> <span class='ocrx_word' id='word_1_41' title='bbox 1771 929 2012 974; x_wconf 85' lang='lat' dir='ltr'><strong>amoveat</strong></span> <span class='ocrx_word' id='word_1_42' title='bbox 2033 923 2280 973; x_wconf 90' lang='lat' dir='ltr'><strong>libertum</strong></span> <span class='ocrx_word' id='word_1_43' title='bbox 2302 924 2442 973; x_wconf 84' lang='lat' dir='ltr'><strong>ultra</strong></span> <span class='ocrx_word' id='word_1_44' title='bbox 2464 923 2538 972; x_wconf 85' lang='lat' dir='ltr'><strong>vi·</strong></span> 
     </span>
    </p>
   </div>
   <div class='ocr_carea' id='block_1_6' title="bbox 1260 1051 1616 1074">
    <p class='ocr_par' dir='ltr' id='par_1_6' title="bbox 1260 1051 1616 1074">
     <span class='ocr_line' id='line_1_8' title="bbox 1260 1051 1616 1074; baseline 0.003 -2"><span class='ocrx_word' id='word_1_45' title='bbox 1260 1051 1616 1074; x_wconf 60' lang='lat' dir='ltr'><strong>mO‘OOOO‘OO</strong></span> 
     </span>
    </p>
   </div>
   <div class='ocr_carea' id='block_1_7' title="bbox 320 1160 2548 1683">
    <p class='ocr_par' dir='ltr' id='par_1_7' title="bbox 320 1160 2548 1683">
     <span class='ocr_line' id='line_1_9' title="bbox 324 1160 2543 1227; baseline 0 -15"><span class='ocrx_word' id='word_1_46' title='bbox 324 1166 359 1212; x_wconf 68' lang='grc' dir='ltr'><strong>θ</strong></span> <span class='ocrx_word' id='word_1_47' title='bbox 387 1160 713 1212; x_wconf 77' lang='lat' dir='ltr'><strong>Manifestus</strong></span> <span class='ocrx_word' id='word_1_48' title='bbox 757 1175 901 1211; x_wconf 84' lang='lat' dir='ltr'><strong>error</strong></span> <span class='ocrx_word' id='word_1_49' title='bbox 923 1161 977 1210; x_wconf 88' lang='lat' dir='ltr'><strong>in</strong></span> <span class='ocrx_word' id='word_1_50' title='bbox 1019 1160 1252 1225; x_wconf 84' lang='lat' dir='ltr'><strong>lapidum</strong></span> <span class='ocrx_word' id='word_1_51' title='bbox 1296 1173 1531 1225; x_wconf 86' lang='lat' dir='ltr'><strong>numero,</strong></span> <span class='ocrx_word' id='word_1_52' title='bbox 1555 1169 1610 1212; x_wconf 91' lang='lat' dir='ltr'><strong>et</strong></span> <span class='ocrx_word' id='word_1_53' title='bbox 1632 1177 1724 1227; x_wconf 89' lang='lat' dir='ltr'><strong>pro</strong></span> <span class='ocrx_word' id='word_1_54' title='bbox 1743 1163 2018 1213; x_wconf 72' lang='grc' dir='ltr'><strong>οὸσισίπιιηι</strong></span> <span class='ocrx_word' id='word_1_55' title='bbox 2039 1161 2321 1226; x_wconf 81' lang='lat' dir='ltr'><strong>legendum</strong></span> <span class='ocrx_word' id='word_1_56' title='bbox 2343 1162 2543 1212; x_wconf 53' lang='lat' dir='ltr'><strong>senessi*</strong></span> 
     </span>
     <span class='ocr_line' id='line_1_10' title="bbox 324 1227 2542 1291; baseline -0 -14"><span class='ocrx_word' id='word_1_57' title='bbox 324 1243 468 1290; x_wconf 64' lang='lat' dir='ltr'><strong>mma,</strong></span> <span class='ocrx_word' id='word_1_58' title='bbox 491 1227 573 1277; x_wconf 90' lang='lat' dir='ltr'><strong>uti</strong></span> <span class='ocrx_word' id='word_1_59' title='bbox 614 1227 960 1288; x_wconf 63' lang='lat' dir='ltr'><strong>subindicavit</strong></span> <span class='ocrx_word' id='word_1_60' title='bbox 974 1227 1086 1291; x_wconf 89' lang='lat' dir='ltr'><strong>jam</strong></span> <span class='ocrx_word' id='word_1_61' title='bbox 1108 1228 1231 1276; x_wconf 91' lang='lat' dir='ltr'><strong>olim</strong></span> <span class='ocrx_word' id='word_1_62' title='bbox 1254 1227 1477 1290; x_wconf 75' lang='lat' dir='ltr'><strong>Lipsius,</strong></span> <span class='ocrx_word' id='word_1_63' title='bbox 1499 1242 1770 1278; x_wconf 73' lang='lat' dir='ltr'><strong>asseruere</strong></span> <span class='ocrx_word' id='word_1_64' title='bbox 1794 1228 2070 1278; x_wconf 70' lang='lat' dir='ltr'><strong>Salmasius</strong></span> <span class='ocrx_word' id='word_1_65' title='bbox 2091 1237 2147 1279; x_wconf 88' lang='lat' dir='ltr'><strong>et</strong></span> <span class='ocrx_word' id='word_1_66' title='bbox 2170 1227 2417 1278; x_wconf 74' lang='lat' dir='ltr'><strong>Camillus</strong></span> <span class='ocrx_word' id='word_1_67' title='bbox 2437 1227 2542 1277; x_wconf 87' lang='lat' dir='ltr'><strong>Pe-</strong></span> 
     </span>
     <span class='ocr_line' id='line_1_11' title="bbox 324 1291 2543 1359; baseline -0.001 -15"><span class='ocrx_word' id='word_1_68' title='bbox 324 1296 581 1355; x_wconf 80' lang='lat' dir='ltr'><strong>regrinus.</strong></span> <span class='ocrx_word' id='word_1_69' title='bbox 651 1294 824 1354; x_wconf 82' lang='lat' dir='ltr'><strong>Ratio,</strong></span> <span class='ocrx_word' id='word_1_70' title='bbox 846 1293 969 1357; x_wconf 89' lang='lat' dir='ltr'><strong>quia</strong></span> <span class='ocrx_word' id='word_1_71' title='bbox 991 1291 1273 1355; x_wconf 81' lang='lat' dir='ltr'><strong>praefectus</strong></span> <span class='ocrx_word' id='word_1_72' title='bbox 1291 1292 1444 1353; x_wconf 90' lang='lat' dir='ltr'><strong>Urbi,</strong></span> <span class='ocrx_word' id='word_1_73' title='bbox 1467 1292 1531 1341; x_wconf 90' lang='lat' dir='ltr'><strong>ad</strong></span> <span class='ocrx_word' id='word_1_74' title='bbox 1553 1295 1701 1357; x_wconf 87' lang='lat' dir='ltr'><strong>cnjus</strong></span> <span class='ocrx_word' id='word_1_75' title='bbox 1726 1293 2147 1357; x_wconf 82' lang='lat' dir='ltr'><strong>jurisdictionem</strong></span> <span class='ocrx_word' id='word_1_76' title='bbox 2174 1292 2411 1359; x_wconf 74' lang='lat' dir='ltr'><strong>querelas</strong></span> <span class='ocrx_word' id='word_1_77' title='bbox 2453 1307 2543 1357; x_wconf 88' lang='lat' dir='ltr'><strong>pa-</strong></span> 
     </span>
     <span class='ocr_line' id='line_1_12' title="bbox 323 1356 2542 1426; baseline 0 -18"><span class='ocrx_word' id='word_1_78' title='bbox 323 1365 596 1426; x_wconf 78' lang='lat' dir='ltr'><strong>tronorum</strong></span> <span class='ocrx_word' id='word_1_79' title='bbox 621 1358 687 1407; x_wconf 90' lang='lat' dir='ltr'><strong>de</strong></span> <span class='ocrx_word' id='word_1_80' title='bbox 727 1357 924 1408; x_wconf 83' lang='lat' dir='ltr'><strong>libertis</strong></span> <span class='ocrx_word' id='word_1_81' title='bbox 963 1358 1276 1421; x_wconf 74' lang='lat' dir='ltr'><strong>pertinuisse</strong></span> <span class='ocrx_word' id='word_1_82' title='bbox 1296 1357 1361 1406; x_wconf 91' lang='lat' dir='ltr'><strong>Ul</strong></span> <span class='ocrx_word' id='word_1_83' title='bbox 1405 1358 1549 1408; x_wconf 86' lang='lat' dir='ltr'><strong>ianus</strong></span> <span class='ocrx_word' id='word_1_84' title='bbox 1587 1358 1746 1409; x_wconf 90' lang='lat' dir='ltr'><strong>docet</strong></span> <span class='ocrx_word' id='word_1_85' title='bbox 1785 1361 1820 1408; x_wconf 90' lang='lat' dir='ltr'><strong>l.</strong></span> <span class='ocrx_word' id='word_1_86' title='bbox 1843 1373 1881 1409; x_wconf 85' lang='lat'><strong>1.</strong></span> <span class='ocrx_word' id='word_1_87' title='bbox 1901 1359 1976 1409; x_wconf 88' lang='lat' dir='ltr'><strong>D.</strong></span> <span class='ocrx_word' id='word_1_88' title='bbox 2001 1359 2068 1408; x_wconf 90' lang='lat' dir='ltr'><strong>de</strong></span> <span class='ocrx_word' id='word_1_89' title='bbox 2093 1356 2199 1409; x_wconf 83' lang='lat' dir='ltr'><strong>off.</strong></span> <span class='ocrx_word' id='word_1_90' title='bbox 2223 1358 2385 1409; x_wconf 68' lang='lat' dir='ltr'><strong>Praef.</strong></span> <span class='ocrx_word' id='word_1_91' title='bbox 2408 1357 2542 1409; x_wconf 79' lang='lat' dir='ltr'><strong>Urb.</strong></span> 
     </span>
     <span class='ocr_line' id='line_1_13' title="bbox 324 1422 2548 1488; baseline 0.001 -17"><span class='ocrx_word' id='word_1_92' title='bbox 324 1423 465 1473; x_wconf 90' lang='lat' dir='ltr'><strong>intra</strong></span> <span class='ocrx_word' id='word_1_93' title='bbox 506 1423 810 1472; x_wconf 76' lang='lat' dir='ltr'><strong>centesimum</strong></span> <span class='ocrx_word' id='word_1_94' title='bbox 842 1422 1070 1486; x_wconf 79' lang='lat' dir='ltr'><strong>lapidem</strong></span> <span class='ocrx_word' id='word_1_95' title='bbox 1106 1436 1363 1486; x_wconf 79' lang='lat' dir='ltr'><strong>cognosce</strong></span> <span class='ocrx_word' id='word_1_96' title='bbox 1404 1430 1475 1485; x_wconf 91' lang='lat' dir='ltr'><strong>at,</strong></span> <span class='ocrx_word' id='word_1_97' title='bbox 1497 1430 1558 1473; x_wconf 87' lang='lat' dir='ltr'><strong>ut</strong></span> <span class='ocrx_word' id='word_1_98' title='bbox 1594 1426 1732 1473; x_wconf 88' lang='lat' dir='ltr'><strong>ultra</strong></span> <span class='ocrx_word' id='word_1_99' title='bbox 1769 1423 1905 1474; x_wconf 86' lang='lat' dir='ltr'><strong>hunc</strong></span> <span class='ocrx_word' id='word_1_100' title='bbox 1928 1422 2222 1474; x_wconf 67' lang='lat' dir='ltr'><strong>Praefectus</strong></span> <span class='ocrx_word' id='word_1_101' title='bbox 2245 1423 2503 1473; x_wconf 79' lang='lat' dir='ltr'><strong>Praetorio</strong></span> <span class='ocrx_word' id='word_1_102' title='bbox 2523 1440 2548 1488; x_wconf 64' lang='lat'>3</span> 
     </span>
     <span class='ocr_line' id='line_1_14' title="bbox 323 1483 2543 1553; baseline 0 -16"><span class='ocrx_word' id='word_1_103' title='bbox 323 1489 397 1537; x_wconf 89' lang='lat' dir='ltr'><strong>uti</strong></span> <span class='ocrx_word' id='word_1_104' title='bbox 421 1490 627 1538; x_wconf 87' lang='lat' dir='ltr'><strong>dicitur</strong></span> <span class='ocrx_word' id='word_1_105' title='bbox 649 1489 700 1537; x_wconf 89' lang='lat' dir='ltr'><strong>in</strong></span> <span class='ocrx_word' id='word_1_106' title='bbox 725 1487 903 1536; x_wconf 85' lang='lat' dir='ltr'><strong>eadem</strong></span> <span class='ocrx_word' id='word_1_107' title='bbox 927 1489 1062 1552; x_wconf 86' lang='lat' dir='ltr'><strong>lege,</strong></span> <span class='ocrx_word' id='word_1_108' title='bbox 1079 1488 1203 1537; x_wconf 89' lang='lat' dir='ltr'><strong>item</strong></span> <span class='ocrx_word' id='word_1_109' title='bbox 1229 1488 1263 1537; x_wconf 90' lang='grc'><strong>1.</strong></span> <span class='ocrx_word' id='word_1_110' title='bbox 1287 1500 1366 1538; x_wconf 78' lang='lat' dir='ltr'><strong>tx.</strong></span> <span class='ocrx_word' id='word_1_111' title='bbox 1390 1483 1457 1537; x_wconf 82' lang='lat' dir='ltr'><strong>D.</strong></span> <span class='ocrx_word' id='word_1_112' title='bbox 1483 1488 1552 1536; x_wconf 92' lang='lat' dir='ltr'><strong>de</strong></span> <span class='ocrx_word' id='word_1_113' title='bbox 1573 1486 1686 1538; x_wconf 84' lang='lat' dir='ltr'><strong>off.</strong></span> <span class='ocrx_word' id='word_1_114' title='bbox 1710 1489 1960 1539; x_wconf 85' lang='lat' dir='ltr'><strong>Procons.</strong></span> <span class='ocrx_word' id='word_1_115' title='bbox 2031 1489 2172 1538; x_wconf 88' lang='lat' dir='ltr'><strong>Dein</strong></span> <span class='ocrx_word' id='word_1_116' title='bbox 2190 1491 2313 1553; x_wconf 87' lang='lat' dir='ltr'><strong>qnia</strong></span> <span class='ocrx_word' id='word_1_117' title='bbox 2339 1491 2543 1551; x_wconf 76' lang='lat' dir='ltr'><strong>Campa·</strong></span> 
     </span>
     <span class='ocr_line' id='line_1_15' title="bbox 320 1551 2543 1619; baseline 0 -17"><span class='ocrx_word' id='word_1_118' title='bbox 320 1554 422 1616; x_wconf 77' lang='lat' dir='ltr'><strong>nia,</strong></span> <span class='ocrx_word' id='word_1_119' title='bbox 447 1569 571 1618; x_wconf 78' lang='lat' dir='ltr'><strong>quae</strong></span> <span class='ocrx_word' id='word_1_120' title='bbox 596 1559 741 1603; x_wconf 89' lang='lat' dir='ltr'><strong>trans</strong></span> <span class='ocrx_word' id='word_1_121' title='bbox 762 1554 918 1604; x_wconf 84' lang='lat' dir='ltr'><strong>Lirim</strong></span> <span class='ocrx_word' id='word_1_122' title='bbox 941 1560 997 1602; x_wconf 89' lang='lat' dir='ltr'><strong>et</strong></span> <span class='ocrx_word' id='word_1_123' title='bbox 1020 1551 1335 1617; x_wconf 84' lang='lat' dir='ltr'><strong>Minturnas,</strong></span> <span class='ocrx_word' id='word_1_124' title='bbox 1370 1555 1436 1602; x_wconf 84' lang='lat' dir='ltr'><strong>ab</strong></span> <span class='ocrx_word' id='word_1_125' title='bbox 1470 1553 1618 1603; x_wconf 86' lang='lat' dir='ltr'><strong>Urbe</strong></span> <span class='ocrx_word' id='word_1_126' title='bbox 1643 1553 1804 1605; x_wconf 82' lang='lat' dir='ltr'><strong>distat</strong></span> <span class='ocrx_word' id='word_1_127' title='bbox 1824 1562 2034 1605; x_wconf 88' lang='lat' dir='ltr'><strong>centum</strong></span> <span class='ocrx_word' id='word_1_128' title='bbox 2057 1562 2114 1605; x_wconf 91' lang='lat' dir='ltr'><strong>et</strong></span> <span class='ocrx_word' id='word_1_129' title='bbox 2135 1559 2337 1619; x_wconf 86' lang='lat' dir='ltr'><strong>septem</strong></span> <span class='ocrx_word' id='word_1_130' title='bbox 2361 1553 2543 1603; x_wconf 87' lang='lat' dir='ltr'><strong>millia-</strong></span> 
     </span>
     <span class='ocr_line' id='line_1_16' title="bbox 321 1616 1615 1683; baseline -0.002 -12"><span class='ocrx_word' id='word_1_131' title='bbox 321 1619 489 1682; x_wconf 80' lang='lat' dir='ltr'><strong>ribus,</strong></span> <span class='ocrx_word' id='word_1_132' title='bbox 504 1619 670 1682; x_wconf 77' lang='lat' dir='ltr'><strong>jnxta</strong></span> <span class='ocrx_word' id='word_1_133' title='bbox 688 1616 943 1669; x_wconf 87' lang='lat' dir='ltr'><strong>Antonini</strong></span> <span class='ocrx_word' id='word_1_134' title='bbox 964 1618 1313 1668; x_wconf 86' lang='lat' dir='ltr'><strong>Itinerarinm.</strong></span> <span class='ocrx_word' id='word_1_135' title='bbox 1381 1619 1615 1683; x_wconf 74' lang='lat' dir='ltr'><strong>Ryckitts.</strong></span> 
     </span>
    </p>
   </div>
   <div class='ocr_carea' id='block_1_8' title="bbox 1328 1751 1550 1802">
    <p class='ocr_par' dir='ltr' id='par_1_8' title="bbox 1328 1751 1550 1802">
     <span class='ocr_line' id='line_1_17' title="bbox 1328 1751 1550 1802; baseline 0 0"><span class='ocrx_word' id='word_1_136' title='bbox 1328 1751 1550 1802; x_wconf 79' lang='lat' dir='ltr'>NOTAE</span> 
     </span>
    </p>
   </div>
   <div class='ocr_carea' id='block_1_9' title="bbox 317 1846 1400 2295">
    <p class='ocr_par' dir='ltr' id='par_1_9' title="bbox 317 1846 1400 2142">
     <span class='ocr_line' id='line_1_18' title="bbox 321 1846 1394 1913; baseline 0.001 -15"><span class='ocrx_word' id='word_1_137' title='bbox 321 1852 557 1912; x_wconf 63' lang='lat' dir='ltr'><strong>nmque,-</strong></span> <span class='ocrx_word' id='word_1_138' title='bbox 586 1861 653 1896; x_wconf 71' lang='grc' dir='ltr'><strong>απ</strong></span> <span class='ocrx_word' id='word_1_139' title='bbox 671 1862 778 1896; x_wconf 77' lang='lat' dir='ltr'><strong>vero</strong></span> <span class='ocrx_word' id='word_1_140' title='bbox 813 1846 1070 1897; x_wconf 64' lang='lat' dir='ltr'><strong>obturent</strong></span> <span class='ocrx_word' id='word_1_141' title='bbox 1093 1849 1394 1913; x_wconf 74' lang='lat' dir='ltr'><strong>repellerent·</strong></span> 
     </span>
     <span class='ocr_line' id='line_1_19' title="bbox 317 1925 1396 1990; baseline 0.002 -16"><span class='ocrx_word' id='word_1_142' title='bbox 317 1925 556 1990; x_wconf 69' lang='lat' dir='ltr'><strong>qoekaenc</strong></span> <span class='ocrx_word' id='word_1_143' title='bbox 589 1925 887 1988; x_wconf 67' lang='lat' dir='ltr'><strong>poennvasibi</strong></span> <span class='ocrx_word' id='word_1_144' title='bbox 919 1925 1080 1990; x_wconf 67' lang='lat' dir='ltr'><strong>infligi</strong></span> <span class='ocrx_word' id='word_1_145' title='bbox 1109 1926 1321 1989; x_wconf 73' lang='lat' dir='ltr'><strong>solitam,</strong></span> <span class='ocrx_word' id='word_1_146' title='bbox 1347 1931 1396 1976; x_wconf 76' lang='lat' dir='ltr'><strong>et</strong></span> 
     </span>
     <span class='ocr_line' id='line_1_20' title="bbox 320 2000 1400 2066; baseline 0.001 -15"><span class='ocrx_word' id='word_1_147' title='bbox 320 2016 384 2051; x_wconf 65' lang='lat' dir='ltr'><strong>aa</strong></span> <span class='ocrx_word' id='word_1_148' title='bbox 414 2001 526 2051; x_wconf 72' lang='lat' dir='ltr'><strong>sine</strong></span> <span class='ocrx_word' id='word_1_149' title='bbox 540 2000 823 2051; x_wconf 55' lang='lat' dir='ltr'><strong>coercitione</strong></span> <span class='ocrx_word' id='word_1_150' title='bbox 838 2001 1064 2061; x_wconf 78' lang='lat' dir='ltr'><strong>idsacere</strong></span> <span class='ocrx_word' id='word_1_151' title='bbox 1077 2002 1196 2066; x_wconf 77' lang='lat' dir='ltr'><strong>ipsis</strong></span> <span class='ocrx_word' id='word_1_152' title='bbox 1211 2002 1400 2053; x_wconf 67' lang='lat' dir='ltr'><strong>libertis</strong></span> 
     </span>
     <span class='ocr_line' id='line_1_21' title="bbox 320 2077 1052 2142; baseline 0.003 -16"><span class='ocrx_word' id='word_1_153' title='bbox 320 2078 512 2128; x_wconf 74' lang='lat' dir='ltr'><strong>liceret.</strong></span> <span class='ocrx_word' id='word_1_154' title='bbox 581 2077 687 2126; x_wconf 88' lang='lat' dir='ltr'><strong>Sed</strong></span> <span class='ocrx_word' id='word_1_155' title='bbox 708 2092 888 2142; x_wconf 90' lang='lat' dir='ltr'><strong>parum</strong></span> <span class='ocrx_word' id='word_1_156' title='bbox 914 2085 1052 2142; x_wconf 87' lang='lat' dir='ltr'><strong>apte.</strong></span> 
     </span>
    </p>

    <p class='ocr_par' dir='ltr' id='par_1_10' title="bbox 319 2152 1400 2295">
     <span class='ocr_line' id='line_1_22' title="bbox 338 2152 1400 2218; baseline -0.001 -13"><span class='ocrx_word' id='word_1_157' title='bbox 338 2187 345 2192; x_wconf 85' lang='lat'><em>-</em></span> <span class='ocrx_word' id='word_1_158' title='bbox 388 2152 833 2216; x_wconf 65' lang='lat' dir='ltr'><strong>Nem-‚verberibus</strong></span> <span class='ocrx_word' id='word_1_159' title='bbox 851 2168 1016 2203; x_wconf 68' lang='lat' dir='ltr'><strong>manas</strong></span> <span class='ocrx_word' id='word_1_160' title='bbox 1035 2155 1297 2218; x_wconf 66' lang='lat' dir='ltr'><strong>intendere,</strong></span> <span class='ocrx_word' id='word_1_161' title='bbox 1311 2155 1400 2204; x_wconf 85' lang='lat' dir='ltr'><strong>hic</strong></span> 
     </span>
     <span class='ocr_line' id='line_1_23' title="bbox 319 2230 1398 2295; baseline 0.001 -14"><span class='ocrx_word' id='word_1_162' title='bbox 319 2231 556 2295; x_wconf 82' lang='lat' dir='ltr'><strong>intelligi</strong></span> <span class='ocrx_word' id='word_1_163' title='bbox 614 2230 776 2280; x_wconf 86' lang='lat' dir='ltr'><strong>debet</strong></span> <span class='ocrx_word' id='word_1_164' title='bbox 828 2230 896 2281; x_wconf 88' lang='lat' dir='ltr'><strong>de</strong></span> <span class='ocrx_word' id='word_1_165' title='bbox 941 2232 1247 2282; x_wconf 78' lang='lat' dir='ltr'><strong>verberibus</strong></span> <span class='ocrx_word' id='word_1_166' title='bbox 1305 2246 1398 2282; x_wconf 86' lang='lat' dir='ltr'><strong>seu</strong></span> 
     </span>
    </p>
   </div>
   <div class='ocr_carea' id='block_1_10' title="bbox 321 2308 1409 2379">
    <p class='ocr_par' dir='ltr' id='par_1_11' title="bbox 321 2308 1409 2379">
     <span class='ocr_line' id='line_1_24' title="bbox 321 2308 1409 2379; baseline 0.002 -20"><span class='ocrx_word' id='word_1_167' title='bbox 321 2309 631 2379; x_wconf 78' lang='lat' dir='ltr'><strong>vulneribus</strong></span> <span class='ocrx_word' id='word_1_168' title='bbox 654 2308 839 2360; x_wconf 85' lang='lat' dir='ltr'><strong>dandis</strong></span> <span class='ocrx_word' id='word_1_169' title='bbox 861 2309 1272 2376; x_wconf 82' lang='lat' dir='ltr'><strong>infligendisqne,</strong></span> <span class='ocrx_word' id='word_1_170' title='bbox 1297 2325 1409 2361; x_wconf 33' lang='lat' dir='ltr'><strong>non*</strong></span> 
     </span>
    </p>
   </div>
   <div class='ocr_carea' id='block_1_11' title="bbox 319 2387 1404 4310">
    <p class='ocr_par' dir='ltr' id='par_1_12' title="bbox 319 2387 1396 2527">
     <span class='ocr_line' id='line_1_25' title="bbox 319 2387 1396 2453; baseline 0 -15"><span class='ocrx_word' id='word_1_171' title='bbox 319 2387 667 2452; x_wconf 73' lang='lat' dir='ltr'><strong>accipiendis.</strong></span> <span class='ocrx_word' id='word_1_172' title='bbox 738 2387 900 2451; x_wconf 78' lang='lat' dir='ltr'><strong>Ultro,</strong></span> <span class='ocrx_word' id='word_1_173' title='bbox 921 2388 974 2437; x_wconf 87' lang='lat' dir='ltr'><strong>id</strong></span> <span class='ocrx_word' id='word_1_174' title='bbox 1010 2394 1110 2450; x_wconf 89' lang='lat' dir='ltr'><strong>est,</strong></span> <span class='ocrx_word' id='word_1_175' title='bbox 1141 2403 1206 2438; x_wconf 89' lang='lat' dir='ltr'><strong>an</strong></span> <span class='ocrx_word' id='word_1_176' title='bbox 1242 2388 1396 2453; x_wconf 87' lang='lat' dir='ltr'><strong>primi</strong></span> 
     </span>
     <span class='ocr_line' id='line_1_26' title="bbox 319 2464 1116 2527; baseline 0.004 -13"><span class='ocrx_word' id='word_1_177' title='bbox 319 2464 569 2515; x_wconf 86' lang='lat' dir='ltr'><strong>dominos</strong></span> <span class='ocrx_word' id='word_1_178' title='bbox 592 2466 908 2527; x_wconf 82' lang='lat' dir='ltr'><strong>lacesserent</strong></span> <span class='ocrx_word' id='word_1_179' title='bbox 924 2465 1116 2517; x_wconf 88' lang='lat' dir='ltr'><strong>liberti.</strong></span> 
     </span>
    </p>

    <p class='ocr_par' dir='ltr' id='par_1_13' title="bbox 319 2541 1400 2997">
     <span class='ocr_line' id='line_1_27' title="bbox 387 2541 1399 2606; baseline 0.001 -14"><span class='ocrx_word' id='word_1_180' title='bbox 387 2548 414 2576; x_wconf 81' lang='lat'>⁸</span> <span class='ocrx_word' id='word_1_181' title='bbox 454 2541 765 2606; x_wconf 68' lang='lat' dir='ltr'><strong>Verberibus]</strong></span> <span class='ocrx_word' id='word_1_182' title='bbox 805 2542 992 2592; x_wconf 86' lang='lat' dir='ltr'><strong>Potest</strong></span> <span class='ocrx_word' id='word_1_183' title='bbox 1032 2543 1315 2606; x_wconf 83' lang='lat' dir='ltr'><strong>dupliciter</strong></span> <span class='ocrx_word' id='word_1_184' title='bbox 1343 2545 1399 2593; x_wconf 89' lang='lat' dir='ltr'><strong>id</strong></span> 
     </span>
     <span class='ocr_line' id='line_1_28' title="bbox 319 2620 1400 2685; baseline 0.004 -17"><span class='ocrx_word' id='word_1_185' title='bbox 319 2620 575 2684; x_wconf 79' lang='lat' dir='ltr'><strong>intelligi,</strong></span> <span class='ocrx_word' id='word_1_186' title='bbox 596 2620 682 2670; x_wconf 85' lang='lat' dir='ltr'><strong>vel</strong></span> <span class='ocrx_word' id='word_1_187' title='bbox 704 2620 830 2685; x_wconf 85' lang='lat' dir='ltr'><strong>qnia</strong></span> <span class='ocrx_word' id='word_1_188' title='bbox 866 2621 1040 2670; x_wconf 89' lang='lat' dir='ltr'><strong>liberti</strong></span> <span class='ocrx_word' id='word_1_189' title='bbox 1079 2628 1263 2672; x_wconf 85' lang='lat' dir='ltr'><strong>contra</strong></span> <span class='ocrx_word' id='word_1_190' title='bbox 1285 2634 1400 2672; x_wconf 82' lang='lat' dir='ltr'><strong>ver·</strong></span> 
     </span>
     <span class='ocr_line' id='line_1_29' title="bbox 320 2697 1399 2762; baseline 0.003 -15"><span class='ocrx_word' id='word_1_191' title='bbox 320 2697 455 2747; x_wconf 86' lang='lat' dir='ltr'><strong>bera</strong></span> <span class='ocrx_word' id='word_1_192' title='bbox 478 2704 822 2762; x_wconf 88' lang='lat' dir='ltr'><strong>patronorum</strong></span> <span class='ocrx_word' id='word_1_193' title='bbox 856 2699 996 2749; x_wconf 85' lang='lat' dir='ltr'><strong>ultro</strong></span> <span class='ocrx_word' id='word_1_194' title='bbox 1019 2712 1199 2749; x_wconf 86' lang='lat' dir='ltr'><strong>manus</strong></span> <span class='ocrx_word' id='word_1_195' title='bbox 1229 2700 1399 2751; x_wconf 88' lang='lat' dir='ltr'><strong>inten-</strong></span> 
     </span>
     <span class='ocr_line' id='line_1_30' title="bbox 323 2774 1400 2840; baseline 0.003 -16"><span class='ocrx_word' id='word_1_196' title='bbox 323 2774 551 2836; x_wconf 72' lang='lat' dir='ltr'><strong>dereut3</strong></span> <span class='ocrx_word' id='word_1_197' title='bbox 580 2776 672 2824; x_wconf 77' lang='lat' dir='ltr'><strong>‘vel</strong></span> <span class='ocrx_word' id='word_1_198' title='bbox 695 2776 816 2840; x_wconf 83' lang='lat' dir='ltr'><strong>quis</strong></span> <span class='ocrx_word' id='word_1_199' title='bbox 856 2776 1033 2826; x_wconf 86' lang='lat' dir='ltr'><strong>liberti</strong></span> <span class='ocrx_word' id='word_1_200' title='bbox 1055 2778 1276 2826; x_wconf 82' lang='lat' dir='ltr'><strong>verbera</strong></span> <span class='ocrx_word' id='word_1_201' title='bbox 1296 2792 1400 2827; x_wconf 86' lang='lat' dir='ltr'><strong>ma-</strong></span> 
     </span>
     <span class='ocr_line' id='line_1_31' title="bbox 326 2855 1399 2920; baseline 0.001 -16"><span class='ocrx_word' id='word_1_202' title='bbox 326 2865 535 2920; x_wconf 81' lang='lat' dir='ltr'><strong>nusque</strong></span> <span class='ocrx_word' id='word_1_203' title='bbox 591 2855 824 2918; x_wconf 84' lang='lat' dir='ltr'><strong>patronis</strong></span> <span class='ocrx_word' id='word_1_204' title='bbox 874 2855 1004 2920; x_wconf 83' lang='lat' dir='ltr'><strong>ipsis</strong></span> <span class='ocrx_word' id='word_1_205' title='bbox 1057 2856 1399 2919; x_wconf 81' lang='lat' dir='ltr'><strong>intentarent,</strong></span> 
     </span>
     <span class='ocr_line' id='line_1_32' title="bbox 328 2929 1108 2997; baseline 0.003 -16"><span class='ocrx_word' id='word_1_206' title='bbox 328 2932 468 2997; x_wconf 79' lang='lat' dir='ltr'><strong>quod</strong></span> <span class='ocrx_word' id='word_1_207' title='bbox 494 2945 711 2982; x_wconf 82' lang='lat' dir='ltr'><strong>summae</strong></span> <span class='ocrx_word' id='word_1_208' title='bbox 730 2929 964 2983; x_wconf 84' lang='lat' dir='ltr'><strong>audaciae</strong></span> <span class='ocrx_word' id='word_1_209' title='bbox 988 2930 1108 2983; x_wconf 84' lang='lat' dir='ltr'><strong>fuit.</strong></span> 
     </span>
    </p>

    <p class='ocr_par' dir='ltr' id='par_1_14' title="bbox 328 3007 1404 3290">
     <span class='ocr_line' id='line_1_33' title="bbox 388 3007 1402 3074; baseline 0.003 -17"><span class='ocrx_word' id='word_1_210' title='bbox 388 3007 414 3043; x_wconf 63' lang='grc' dir='ltr'>δ</span> <span class='ocrx_word' id='word_1_211' title='bbox 463 3008 729 3072; x_wconf 68' lang='lat' dir='ltr'><strong>Inpulere]</strong></span> <span class='ocrx_word' id='word_1_212' title='bbox 807 3010 992 3060; x_wconf 87' lang='lat' dir='ltr'><strong>Lectio</strong></span> <span class='ocrx_word' id='word_1_213' title='bbox 1056 3011 1402 3074; x_wconf 66' lang='lat' dir='ltr'><strong>impello-enm</strong></span> 
     </span>
     <span class='ocr_line' id='line_1_34' title="bbox 330 3085 1402 3150; baseline 0.004 -17"><span class='ocrx_word' id='word_1_214' title='bbox 330 3092 605 3150; x_wconf 71' lang='lat' dir='ltr'><strong>patronos,</strong></span> <span class='ocrx_word' id='word_1_215' title='bbox 627 3086 794 3149; x_wconf 84' lang='lat' dir='ltr'><strong>magis</strong></span> <span class='ocrx_word' id='word_1_216' title='bbox 818 3086 1025 3137; x_wconf 85' lang='lat' dir='ltr'><strong>accedit</strong></span> <span class='ocrx_word' id='word_1_217' title='bbox 1047 3085 1115 3137; x_wconf 86' lang='lat' dir='ltr'><strong>ad</strong></span> <span class='ocrx_word' id='word_1_218' title='bbox 1139 3094 1402 3143; x_wconf 69' lang='lat' dir='ltr'><strong>vetns‘ex-</strong></span> 
     </span>
     <span class='ocr_line' id='line_1_35' title="bbox 328 3160 1404 3229; baseline 0 -16"><span class='ocrx_word' id='word_1_219' title='bbox 328 3164 546 3229; x_wconf 77' lang='lat' dir='ltr'><strong>emptar.</strong></span> <span class='ocrx_word' id='word_1_220' title='bbox 613 3160 679 3211; x_wconf 71' lang='lat' dir='ltr'><strong>&#39;rb</strong></span> <span class='ocrx_word' id='word_1_221' title='bbox 718 3162 909 3227; x_wconf 77' lang='lat' dir='ltr'><strong>impune</strong></span> <span class='ocrx_word' id='word_1_222' title='bbox 928 3178 1034 3213; x_wconf 89' lang='lat' dir='ltr'><strong>non</strong></span> <span class='ocrx_word' id='word_1_223' title='bbox 1070 3164 1226 3213; x_wconf 89' lang='lat' dir='ltr'><strong>etlam</strong></span> <span class='ocrx_word' id='word_1_224' title='bbox 1262 3179 1404 3229; x_wconf 88' lang='lat' dir='ltr'><strong>sper-</strong></span> 
     </span>
     <span class='ocr_line' id='line_1_36' title="bbox 328 3238 578 3290; baseline -0.008 0"><span class='ocrx_word' id='word_1_225' title='bbox 328 3238 578 3290; x_wconf 83' lang='lat' dir='ltr'><strong>nendum.</strong></span> 
     </span>
    </p>

    <p class='ocr_par' dir='ltr' id='par_1_15' title="bbox 321 3315 1403 3691">
     <span class='ocr_line' id='line_1_37' title="bbox 356 3315 1400 3381; baseline 0 -15"><span class='ocrx_word' id='word_1_226' title='bbox 356 3346 369 3351; x_wconf 27' lang='grc' dir='ltr'><strong>μ</strong></span> <span class='ocrx_word' id='word_1_227' title='bbox 390 3315 657 3380; x_wconf 72' lang='lat' dir='ltr'><strong>Imp-aere]</strong></span> <span class='ocrx_word' id='word_1_228' title='bbox 692 3317 852 3380; x_wconf 79' lang='lat' dir='ltr'><strong>Lege,</strong></span> <span class='ocrx_word' id='word_1_229' title='bbox 870 3316 1159 3381; x_wconf 70' lang='lat' dir='ltr'><strong>impellerent</strong></span> <span class='ocrx_word' id='word_1_230' title='bbox 1197 3317 1269 3366; x_wconf 80' lang='lat' dir='ltr'><strong>vel</strong></span> <span class='ocrx_word' id='word_1_231' title='bbox 1304 3333 1400 3381; x_wconf 72' lang='grc' dir='ltr'><strong>ρα-</strong></span> 
     </span>
     <span class='ocr_line' id='line_1_38' title="bbox 328 3393 1403 3457; baseline 0 -14"><span class='ocrx_word' id='word_1_232' title='bbox 328 3408 440 3443; x_wconf 63' lang='lat' dir='ltr'><strong>nm</strong></span> <span class='ocrx_word' id='word_1_233' title='bbox 482 3406 640 3455; x_wconf 61' lang='lat' dir='ltr'><strong>narn,</strong></span> <span class='ocrx_word' id='word_1_234' title='bbox 691 3395 772 3456; x_wconf 56' lang='grc' dir='ltr'><strong>ξε.</strong></span> <span class='ocrx_word' id='word_1_235' title='bbox 836 3393 938 3441; x_wconf 82' lang='lat' dir='ltr'><strong>Vel</strong></span> <span class='ocrx_word' id='word_1_236' title='bbox 983 3393 1080 3456; x_wconf 85' lang='lat' dir='ltr'><strong>sic,</strong></span> <span class='ocrx_word' id='word_1_237' title='bbox 1107 3394 1298 3457; x_wconf 74' lang='lat' dir='ltr'><strong>impune</strong></span> <span class='ocrx_word' id='word_1_238' title='bbox 1328 3395 1403 3443; x_wconf 81' lang='lat' dir='ltr'><strong>oel</strong></span> 
     </span>
     <span class='ocr_line' id='line_1_39' title="bbox 321 3469 1399 3535; baseline 0 -15"><span class='ocrx_word' id='word_1_239' title='bbox 321 3485 514 3535; x_wconf 62' lang='lat' dir='ltr'><strong>pum</strong></span> <span class='ocrx_word' id='word_1_240' title='bbox 527 3485 664 3518; x_wconf 76' lang='lat' dir='ltr'><strong>saum</strong></span> <span class='ocrx_word' id='word_1_241' title='bbox 683 3469 1020 3519; x_wconf 71' lang='lat' dir='ltr'><strong>dismdentes.</strong></span> <span class='ocrx_word' id='word_1_242' title='bbox 1069 3470 1272 3520; x_wconf 83' lang='lat' dir='ltr'><strong>Eximia</strong></span> <span class='ocrx_word' id='word_1_243' title='bbox 1294 3470 1399 3520; x_wconf 85' lang='lat' dir='ltr'><strong>An·</strong></span> 
     </span>
     <span class='ocr_line' id='line_1_40' title="bbox 328 3549 1403 3621; baseline -0.002 -20"><span class='ocrx_word' id='word_1_244' title='bbox 328 3551 512 3601; x_wconf 84' lang='lat' dir='ltr'><strong>titbesi</strong></span> <span class='ocrx_word' id='word_1_245' title='bbox 552 3551 733 3599; x_wconf 87' lang='lat' dir='ltr'><strong>borum</strong></span> <span class='ocrx_word' id='word_1_246' title='bbox 774 3549 1069 3621; x_wconf 68' lang='lat' dir='ltr'><strong>verborum,</strong></span> <span class='ocrx_word' id='word_1_247' title='bbox 1088 3550 1275 3613; x_wconf 76' lang='lat' dir='ltr'><strong>impune</strong></span> <span class='ocrx_word' id='word_1_248' title='bbox 1301 3566 1403 3614; x_wconf 70' lang='lat' dir='ltr'><strong>pe·</strong></span> 
     </span>
     <span class='ocr_line' id='line_1_41' title="bbox 324 3630 827 3691; baseline -0.004 -12"><span class='ocrx_word' id='word_1_249' title='bbox 324 3644 436 3679; x_wconf 68' lang='lat' dir='ltr'><strong>aaa</strong></span> <span class='ocrx_word' id='word_1_250' title='bbox 457 3643 612 3688; x_wconf 71' lang='lat' dir='ltr'><strong>mm,</strong></span> <span class='ocrx_word' id='word_1_251' title='bbox 630 3630 712 3691; x_wconf 58' lang='lat' dir='ltr'><strong>&amp;a</strong></span> <span class='ocrx_word' id='word_1_252' title='bbox 822 3661 827 3667; x_wconf 89' lang='lat'><em>-</em></span> 
     </span>
    </p>

    <p class='ocr_par' dir='ltr' id='par_1_16' title="bbox 324 3704 1402 4078">
     <span class='ocr_line' id='line_1_42' title="bbox 388 3704 1395 3771; baseline -0.003 -14"><span class='ocrx_word' id='word_1_253' title='bbox 388 3707 447 3757; x_wconf 76' lang='lat' dir='ltr'><strong>Si</strong></span> <span class='ocrx_word' id='word_1_254' title='bbox 471 3707 605 3771; x_wconf 82' lang='lat' dir='ltr'><strong>legis</strong></span> <span class='ocrx_word' id='word_1_255' title='bbox 626 3705 937 3768; x_wconf 71' lang='lat' dir='ltr'><strong>impellerent,</strong></span> <span class='ocrx_word' id='word_1_256' title='bbox 957 3704 1044 3754; x_wconf 80' lang='lat' dir='ltr'><strong>hie</strong></span> <span class='ocrx_word' id='word_1_257' title='bbox 1061 3719 1240 3755; x_wconf 88' lang='lat' dir='ltr'><strong>sensns</strong></span> <span class='ocrx_word' id='word_1_258' title='bbox 1260 3704 1361 3754; x_wconf 89' lang='lat' dir='ltr'><strong>erit</strong></span> <span class='ocrx_word' id='word_1_259' title='bbox 1382 3721 1395 3754; x_wconf 74' lang='grc' dir='ltr'><strong><em>ε</em></strong></span> 
     </span>
     <span class='ocr_line' id='line_1_43' title="bbox 326 3780 1400 3846; baseline -0.001 -14"><span class='ocrx_word' id='word_1_260' title='bbox 326 3782 695 3833; x_wconf 70' lang='lat' dir='ltr'><strong>irreverentes</strong></span> <span class='ocrx_word' id='word_1_261' title='bbox 717 3780 896 3832; x_wconf 86' lang='lat' dir='ltr'><strong>liberti</strong></span> <span class='ocrx_word' id='word_1_262' title='bbox 932 3782 1165 3846; x_wconf 81' lang='lat' dir='ltr'><strong>patronis</strong></span> <span class='ocrx_word' id='word_1_263' title='bbox 1190 3782 1400 3832; x_wconf 79' lang='lat' dir='ltr'><strong>insulta·</strong></span> 
     </span>
     <span class='ocr_line' id='line_1_44' title="bbox 325 3859 1402 3924; baseline -0.003 -14"><span class='ocrx_word' id='word_1_264' title='bbox 325 3860 477 3924; x_wconf 72' lang='lat' dir='ltr'><strong>bant,</strong></span> <span class='ocrx_word' id='word_1_265' title='bbox 505 3860 674 3909; x_wconf 81' lang='lat' dir='ltr'><strong>minas</strong></span> <span class='ocrx_word' id='word_1_266' title='bbox 706 3859 1071 3921; x_wconf 74' lang='lat' dir='ltr'><strong>intentabant3</strong></span> <span class='ocrx_word' id='word_1_267' title='bbox 1104 3860 1180 3908; x_wconf 86' lang='lat' dir='ltr'><strong>ita</strong></span> <span class='ocrx_word' id='word_1_268' title='bbox 1217 3865 1278 3909; x_wconf 90' lang='lat' dir='ltr'><strong>ut</strong></span> <span class='ocrx_word' id='word_1_269' title='bbox 1311 3872 1402 3910; x_wconf 90' lang='lat' dir='ltr'><strong>eos</strong></span> 
     </span>
     <span class='ocr_line' id='line_1_45' title="bbox 324 3936 1401 4000; baseline -0.002 -13"><span class='ocrx_word' id='word_1_270' title='bbox 324 3938 376 3987; x_wconf 78' lang='lat' dir='ltr'><strong>vi</strong></span> <span class='ocrx_word' id='word_1_271' title='bbox 410 3937 577 3988; x_wconf 80' lang='lat' dir='ltr'><strong>etiam</strong></span> <span class='ocrx_word' id='word_1_272' title='bbox 622 3937 958 4000; x_wconf 84' lang='lat' dir='ltr'><strong>impellerent</strong></span> <span class='ocrx_word' id='word_1_273' title='bbox 999 3936 1065 3986; x_wconf 90' lang='lat' dir='ltr'><strong>ad</strong></span> <span class='ocrx_word' id='word_1_274' title='bbox 1106 3936 1401 3986; x_wconf 81' lang='lat' dir='ltr'><strong>dissuaden-</strong></span> 
     </span>
     <span class='ocr_line' id='line_1_46' title="bbox 324 4013 1143 4078; baseline 0 -15"><span class='ocrx_word' id='word_1_275' title='bbox 324 4014 449 4063; x_wconf 76' lang='lat' dir='ltr'><strong>dam</strong></span> <span class='ocrx_word' id='word_1_276' title='bbox 471 4027 680 4078; x_wconf 79' lang='lat' dir='ltr'><strong>poenam</strong></span> <span class='ocrx_word' id='word_1_277' title='bbox 704 4027 847 4062; x_wconf 83' lang='lat' dir='ltr'><strong>suam</strong></span> <span class='ocrx_word' id='word_1_278' title='bbox 864 4013 917 4061; x_wconf 90' lang='lat' dir='ltr'><strong>in</strong></span> <span class='ocrx_word' id='word_1_279' title='bbox 939 4020 1143 4063; x_wconf 84' lang='lat' dir='ltr'><strong>senatu.</strong></span> 
     </span>
    </p>

    <p class='ocr_par' dir='ltr' id='par_1_17' title="bbox 323 4090 1403 4310">
     <span class='ocr_line' id='line_1_47' title="bbox 391 4090 1403 4154; baseline -0.001 -13"><span class='ocrx_word' id='word_1_280' title='bbox 391 4091 592 4141; x_wconf 62' lang='lat' dir='ltr'><strong>“laeso</strong></span> <span class='ocrx_word' id='word_1_281' title='bbox 628 4095 833 4154; x_wconf 68' lang='lat' dir='ltr'><strong>patr-om</strong></span> <span class='ocrx_word' id='word_1_282' title='bbox 860 4090 1146 4154; x_wconf 69' lang='lat' dir='ltr'><strong>messam]</strong></span> <span class='ocrx_word' id='word_1_283' title='bbox 1178 4090 1403 4143; x_wconf 78' lang='lat' dir='ltr'><strong>Quando</strong></span> 
     </span>
     <span class='ocr_line' id='line_1_48' title="bbox 324 4166 1401 4233; baseline 0.003 -18"><span class='ocrx_word' id='word_1_284' title='bbox 324 4166 397 4231; x_wconf 71' lang='lat' dir='ltr'><strong>id,</strong></span> <span class='ocrx_word' id='word_1_285' title='bbox 416 4173 523 4217; x_wconf 74' lang='lat' dir='ltr'><strong>ant‘</strong></span> <span class='ocrx_word' id='word_1_286' title='bbox 536 4182 642 4232; x_wconf 82' lang='lat' dir='ltr'><strong>qua</strong></span> <span class='ocrx_word' id='word_1_287' title='bbox 675 4169 812 4232; x_wconf 80' lang='lat' dir='ltr'><strong>lege,</strong></span> <span class='ocrx_word' id='word_1_288' title='bbox 833 4176 1052 4233; x_wconf 83' lang='lat' dir='ltr'><strong>patrono</strong></span> <span class='ocrx_word' id='word_1_289' title='bbox 1066 4183 1401 4232; x_wconf 76' lang='lat' dir='ltr'><strong>concessam,</strong></span> 
     </span>
     <span class='ocr_line' id='line_1_49' title="bbox 323 4244 1400 4310; baseline 0.002 -17"><span class='ocrx_word' id='word_1_290' title='bbox 323 4244 627 4309; x_wconf 60' lang='lat' dir='ltr'><strong>querimus.</strong></span> <span class='ocrx_word' id='word_1_291' title='bbox 691 4245 942 4310; x_wconf 74' lang='lat' dir='ltr'><strong>Suspicor</strong></span> <span class='ocrx_word' id='word_1_292' title='bbox 962 4259 1077 4295; x_wconf 87' lang='lat' dir='ltr'><strong>esse</strong></span> <span class='ocrx_word' id='word_1_293' title='bbox 1104 4244 1177 4295; x_wconf 72' lang='lat' dir='ltr'><strong>ab</strong></span> <span class='ocrx_word' id='word_1_294' title='bbox 1199 4244 1400 4309; x_wconf 75' lang='lat' dir='ltr'><strong>Angus-</strong></span> 
     </span>
    </p>
   </div>
   <div class='ocr_carea' id='block_1_12' title="bbox 323 4320 1411 4394">
    <p class='ocr_par' dir='ltr' id='par_1_18' title="bbox 323 4320 1411 4394">
     <span class='ocr_line' id='line_1_50' title="bbox 323 4320 1411 4394; baseline 0.001 -22"><span class='ocrx_word' id='word_1_295' title='bbox 323 4328 400 4386; x_wconf 86' lang='lat' dir='ltr'><strong>to,</strong></span> <span class='ocrx_word' id='word_1_296' title='bbox 438 4321 551 4390; x_wconf 81' lang='lat' dir='ltr'><strong>qul,</strong></span> <span class='ocrx_word' id='word_1_297' title='bbox 571 4328 635 4373; x_wconf 90' lang='lat' dir='ltr'><strong>nt</strong></span> <span class='ocrx_word' id='word_1_298' title='bbox 671 4320 777 4373; x_wconf 84' lang='lat' dir='ltr'><strong>Dio</strong></span> <span class='ocrx_word' id='word_1_299' title='bbox 819 4322 905 4374; x_wconf 65' lang='lat' dir='ltr'><strong>ait‘</strong></span> <span class='ocrx_word' id='word_1_300' title='bbox 937 4322 974 4375; x_wconf 82' lang='lat' dir='ltr'><strong>l&#39;.</strong></span> <span class='ocrx_word' id='word_1_301' title='bbox 995 4336 1084 4374; x_wconf 68' lang='lat' dir='ltr'><strong>nv.</strong></span> <span class='ocrx_word' id='word_1_302' title='bbox 1125 4321 1411 4394; x_wconf 68' lang='lat' dir='ltr'><strong>constitnit</strong></span> 
     </span>
    </p>
   </div>
   <div class='ocr_carea' id='block_1_13' title="bbox 1472 1847 2558 4393">
    <p class='ocr_par' dir='ltr' id='par_1_19' title="bbox 1472 1847 2558 2606">
     <span class='ocr_line' id='line_1_51' title="bbox 1473 1847 2544 1915; baseline 0 -17"><span class='ocrx_word' id='word_1_303' title='bbox 1473 1849 1490 1877; x_wconf 89' lang='lat'>‘</span> <span class='ocrx_word' id='word_1_304' title='bbox 1505 1849 1650 1914; x_wconf 87' lang='lat' dir='ltr'><strong>jura,</strong></span> <span class='ocrx_word' id='word_1_305' title='bbox 1671 1849 1857 1915; x_wconf 84' lang='lat' dir='ltr'><strong>quibus</strong></span> <span class='ocrx_word' id='word_1_306' title='bbox 1879 1864 2008 1914; x_wconf 86' lang='lat' dir='ltr'><strong>erga</strong></span> <span class='ocrx_word' id='word_1_307' title='bbox 2029 1849 2265 1912; x_wconf 88' lang='lat' dir='ltr'><strong>libertos,</strong></span> <span class='ocrx_word' id='word_1_308' title='bbox 2286 1859 2403 1900; x_wconf 76' lang='lat' dir='ltr'><strong>cum</strong></span> <span class='ocrx_word' id='word_1_309' title='bbox 2435 1847 2544 1913; x_wconf 84' lang='lat' dir='ltr'><strong>alii,</strong></span> 
     </span>
     <span class='ocr_line' id='line_1_52' title="bbox 1476 1925 2546 1991; baseline 0.002 -17"><span class='ocrx_word' id='word_1_310' title='bbox 1476 1932 1588 1975; x_wconf 88' lang='lat' dir='ltr'><strong>tum</strong></span> <span class='ocrx_word' id='word_1_311' title='bbox 1611 1926 1712 1990; x_wconf 88' lang='lat' dir='ltr'><strong>ipsi</strong></span> <span class='ocrx_word' id='word_1_312' title='bbox 1736 1927 1946 1991; x_wconf 87' lang='lat' dir='ltr'><strong>patroni</strong></span> <span class='ocrx_word' id='word_1_313' title='bbox 1971 1925 2280 1976; x_wconf 87' lang='lat' dir='ltr'><strong>uterentur.&#39;</strong></span> <span class='ocrx_word' id='word_1_314' title='bbox 2320 1927 2392 1976; x_wconf 75' lang='lat' dir='ltr'><strong>Et</strong></span> <span class='ocrx_word' id='word_1_315' title='bbox 2414 1926 2546 1976; x_wconf 86' lang='lat' dir='ltr'><strong>rele-</strong></span> 
     </span>
     <span class='ocr_line' id='line_1_53' title="bbox 1479 2003 2546 2070; baseline -0.003 -15"><span class='ocrx_word' id='word_1_316' title='bbox 1479 2005 1871 2070; x_wconf 83' lang='lat' dir='ltr'><strong>gatio.quidem</strong></span> <span class='ocrx_word' id='word_1_317' title='bbox 1913 2011 1998 2056; x_wconf 89' lang='lat' dir='ltr'><strong>est</strong></span> <span class='ocrx_word' id='word_1_318' title='bbox 2042 2003 2109 2053; x_wconf 90' lang='lat' dir='ltr'><strong>ab</strong></span> <span class='ocrx_word' id='word_1_319' title='bbox 2154 2003 2407 2067; x_wconf 80' lang='lat' dir='ltr'><strong>exemplis</strong></span> <span class='ocrx_word' id='word_1_320' title='bbox 2446 2003 2546 2053; x_wconf 78' lang='lat' dir='ltr'><strong>aevi</strong></span> 
     </span>
     <span class='ocr_line' id='line_1_54' title="bbox 1478 2076 2544 2144; baseline -0.001 -15"><span class='ocrx_word' id='word_1_321' title='bbox 1478 2079 1658 2144; x_wconf 83' lang='lat' dir='ltr'><strong>prisci.</strong></span> <span class='ocrx_word' id='word_1_322' title='bbox 1723 2081 1798 2130; x_wconf 93' lang='lat' dir='ltr'><strong>Ut</strong></span> <span class='ocrx_word' id='word_1_323' title='bbox 1839 2080 1978 2130; x_wconf 87' lang='lat' dir='ltr'><strong>enim</strong></span> <span class='ocrx_word' id='word_1_324' title='bbox 2020 2085 2199 2144; x_wconf 84' lang='lat' dir='ltr'><strong>patres</strong></span> <span class='ocrx_word' id='word_1_325' title='bbox 2244 2079 2367 2128; x_wconf 87' lang='lat' dir='ltr'><strong>olim</strong></span> <span class='ocrx_word' id='word_1_326' title='bbox 2409 2076 2544 2129; x_wconf 83' lang='lat' dir='ltr'><strong>filios</strong></span> 
     </span>
     <span class='ocr_line' id='line_1_55' title="bbox 1480 2154 2558 2219; baseline 0.002 -16"><span class='ocrx_word' id='word_1_327' title='bbox 1480 2169 1567 2203; x_wconf 87' lang='lat' dir='ltr'><strong>rus</strong></span> <span class='ocrx_word' id='word_1_328' title='bbox 1618 2155 1925 2218; x_wconf 78' lang='lat' dir='ltr'><strong>relegabant</strong></span> <span class='ocrx_word' id='word_1_329' title='bbox 1972 2170 2141 2219; x_wconf 77' lang='lat' dir='ltr'><strong>poenae</strong></span> <span class='ocrx_word' id='word_1_330' title='bbox 2192 2160 2245 2204; x_wconf 87' lang='lat' dir='ltr'><strong>et</strong></span> <span class='ocrx_word' id='word_1_331' title='bbox 2291 2154 2558 2205; x_wconf 70' lang='lat' dir='ltr'><strong>molestias-</strong></span> 
     </span>
     <span class='ocr_line' id='line_1_56' title="bbox 1480 2231 2546 2298; baseline 0.002 -17"><span class='ocrx_word' id='word_1_332' title='bbox 1480 2246 1658 2294; x_wconf 86' lang='lat' dir='ltr'><strong>causa,</strong></span> <span class='ocrx_word' id='word_1_333' title='bbox 1702 2232 1806 2298; x_wconf 90' lang='lat' dir='ltr'><strong>(uti</strong></span> <span class='ocrx_word' id='word_1_334' title='bbox 1872 2233 2092 2282; x_wconf 82' lang='lat' dir='ltr'><strong>Roscius</strong></span> <span class='ocrx_word' id='word_1_335' title='bbox 2136 2232 2432 2294; x_wconf 87' lang='lat' dir='ltr'><strong>Amerinus,</strong></span> <span class='ocrx_word' id='word_1_336' title='bbox 2465 2231 2546 2283; x_wconf 79' lang='lat' dir='ltr'><strong>uti</strong></span> 
     </span>
     <span class='ocr_line' id='line_1_57' title="bbox 1479 2305 2546 2374; baseline 0.001 -17"><span class='ocrx_word' id='word_1_337' title='bbox 1479 2309 1776 2374; x_wconf 83' lang='lat' dir='ltr'><strong>Torquatus</strong></span> <span class='ocrx_word' id='word_1_338' title='bbox 1796 2326 1827 2360; x_wconf 88' lang='lat' dir='ltr'><strong>a</strong></span> <span class='ocrx_word' id='word_1_339' title='bbox 1851 2310 2084 2373; x_wconf 83' lang='lat' dir='ltr'><strong>patribus</strong></span> <span class='ocrx_word' id='word_1_340' title='bbox 2121 2308 2343 2373; x_wconf 82' lang='lat' dir='ltr'><strong>relegari</strong></span> <span class='ocrx_word' id='word_1_341' title='bbox 2364 2305 2546 2373; x_wconf 81' lang='lat' dir='ltr'><strong>legun·</strong></span> 
     </span>
     <span class='ocr_line' id='line_1_58' title="bbox 1480 2384 2545 2450; baseline 0.001 -15"><span class='ocrx_word' id='word_1_342' title='bbox 1480 2392 1566 2435; x_wconf 84' lang='lat' dir='ltr'><strong>tur</strong></span> <span class='ocrx_word' id='word_1_343' title='bbox 1584 2384 1626 2450; x_wconf 90' lang='lat'><strong>;)</strong></span> <span class='ocrx_word' id='word_1_344' title='bbox 1659 2385 1735 2436; x_wconf 85' lang='lat' dir='ltr'><strong>sic</strong></span> <span class='ocrx_word' id='word_1_345' title='bbox 1775 2387 2003 2450; x_wconf 89' lang='lat' dir='ltr'><strong>patronis</strong></span> <span class='ocrx_word' id='word_1_346' title='bbox 2027 2386 2294 2450; x_wconf 85' lang='lat' dir='ltr'><strong>relegandi</strong></span> <span class='ocrx_word' id='word_1_347' title='bbox 2326 2385 2545 2436; x_wconf 83' lang='lat' dir='ltr'><strong>libertos</strong></span> 
     </span>
     <span class='ocr_line' id='line_1_59' title="bbox 1472 2463 2545 2531; baseline 0.001 -17"><span class='ocrx_word' id='word_1_348' title='bbox 1472 2464 1561 2529; x_wconf 84' lang='lat' dir='ltr'><strong>jus</strong></span> <span class='ocrx_word' id='word_1_349' title='bbox 1582 2481 1719 2515; x_wconf 83' lang='lat' dir='ltr'><strong>nune</strong></span> <span class='ocrx_word' id='word_1_350' title='bbox 1742 2464 1943 2529; x_wconf 84' lang='lat' dir='ltr'><strong>tribuit,</strong></span> <span class='ocrx_word' id='word_1_351' title='bbox 1964 2464 2075 2517; x_wconf 87' lang='lat' dir='ltr'><strong>sive</strong></span> <span class='ocrx_word' id='word_1_352' title='bbox 2107 2465 2219 2531; x_wconf 87' lang='lat' dir='ltr'><strong>quis</strong></span> <span class='ocrx_word' id='word_1_353' title='bbox 2256 2463 2410 2529; x_wconf 88' lang='lat' dir='ltr'><strong>alius,</strong></span> <span class='ocrx_word' id='word_1_354' title='bbox 2434 2465 2545 2515; x_wconf 81' lang='lat' dir='ltr'><strong>sive</strong></span> 
     </span>
     <span class='ocr_line' id='line_1_60' title="bbox 1479 2543 1768 2606; baseline 0 -14"><span class='ocrx_word' id='word_1_355' title='bbox 1479 2543 1768 2606; x_wconf 87' lang='lat' dir='ltr'><strong>Augustus.</strong></span> 
     </span>
    </p>

    <p class='ocr_par' dir='ltr' id='par_1_20' title="bbox 1478 2617 2556 3217">
     <span class='ocr_line' id='line_1_61' title="bbox 1546 2617 2556 2684; baseline 0.001 -16"><span class='ocrx_word' id='word_1_356' title='bbox 1546 2618 1650 2669; x_wconf 86' lang='lat' dir='ltr'><strong>Sed</strong></span> <span class='ocrx_word' id='word_1_357' title='bbox 1690 2620 1743 2668; x_wconf 91' lang='lat' dir='ltr'><strong>in</strong></span> <span class='ocrx_word' id='word_1_358' title='bbox 1779 2633 1992 2669; x_wconf 86' lang='lat' dir='ltr'><strong>numero</strong></span> <span class='ocrx_word' id='word_1_359' title='bbox 2015 2634 2137 2668; x_wconf 90' lang='lat' dir='ltr'><strong>num</strong></span> <span class='ocrx_word' id='word_1_360' title='bbox 2159 2632 2261 2684; x_wconf 88' lang='lat' dir='ltr'><strong>qua</strong></span> <span class='ocrx_word' id='word_1_361' title='bbox 2282 2617 2415 2667; x_wconf 91' lang='lat' dir='ltr'><strong>ratio</strong></span> <span class='ocrx_word' id='word_1_362' title='bbox 2437 2618 2458 2667; x_wconf 88' lang='lat'>?</span> <span class='ocrx_word' id='word_1_363' title='bbox 2488 2624 2556 2669; x_wconf 84' lang='lat' dir='ltr'><strong>et.</strong></span> 
     </span>
     <span class='ocr_line' id='line_1_62' title="bbox 1480 2695 2546 2760; baseline -0.003 -13"><span class='ocrx_word' id='word_1_364' title='bbox 1480 2711 1577 2747; x_wconf 86' lang='lat' dir='ltr'><strong>cur</strong></span> <span class='ocrx_word' id='word_1_365' title='bbox 1615 2711 1717 2746; x_wconf 85' lang='lat' dir='ltr'><strong>nen</strong></span> <span class='ocrx_word' id='word_1_366' title='bbox 1759 2697 1900 2746; x_wconf 88' lang='lat' dir='ltr'><strong>ultra</strong></span> <span class='ocrx_word' id='word_1_367' title='bbox 1934 2696 2231 2746; x_wconf 86' lang='lat' dir='ltr'><strong>vicesimum</strong></span> <span class='ocrx_word' id='word_1_368' title='bbox 2279 2695 2546 2760; x_wconf 81' lang='lat' dir='ltr'><strong>lapidem?</strong></span> 
     </span>
     <span class='ocr_line' id='line_1_63' title="bbox 1478 2772 2547 2839; baseline -0.002 -15"><span class='ocrx_word' id='word_1_369' title='bbox 1478 2775 1625 2824; x_wconf 83' lang='lat' dir='ltr'><strong>Nihil</strong></span> <span class='ocrx_word' id='word_1_370' title='bbox 1682 2773 1905 2838; x_wconf 87' lang='lat' dir='ltr'><strong>reperio.</strong></span> <span class='ocrx_word' id='word_1_371' title='bbox 1970 2772 2264 2823; x_wconf 83' lang='lat' dir='ltr'><strong>Praeseetus</strong></span> <span class='ocrx_word' id='word_1_372' title='bbox 2334 2772 2547 2839; x_wconf 88' lang='lat' dir='ltr'><strong>quidem</strong></span> 
     </span>
     <span class='ocr_line' id='line_1_64' title="bbox 1479 2850 2548 2916; baseline 0 -15"><span class='ocrx_word' id='word_1_373' title='bbox 1479 2850 1613 2902; x_wconf 88' lang='lat' dir='ltr'><strong>Urbi</strong></span> <span class='ocrx_word' id='word_1_374' title='bbox 1648 2852 1786 2901; x_wconf 85' lang='lat' dir='ltr'><strong>intra</strong></span> <span class='ocrx_word' id='word_1_375' title='bbox 1804 2852 2146 2902; x_wconf 84' lang='lat' dir='ltr'><strong>centesimum</strong></span> <span class='ocrx_word' id='word_1_376' title='bbox 2177 2850 2405 2915; x_wconf 84' lang='lat' dir='ltr'><strong>lapidem</strong></span> <span class='ocrx_word' id='word_1_377' title='bbox 2425 2865 2548 2916; x_wconf 85' lang='lat' dir='ltr'><strong>eog-</strong></span> 
     </span>
     <span class='ocr_line' id='line_1_65' title="bbox 1478 2927 2550 2992; baseline 0.002 -15"><span class='ocrx_word' id='word_1_378' title='bbox 1478 2929 1765 2980; x_wconf 82' lang='lat' dir='ltr'><strong>noseebat:</strong></span> <span class='ocrx_word' id='word_1_379' title='bbox 1803 2930 1960 2992; x_wconf 83' lang='lat' dir='ltr'><strong>ultra,</strong></span> <span class='ocrx_word' id='word_1_380' title='bbox 2004 2927 2299 2980; x_wconf 80' lang='lat' dir='ltr'><strong>Praefectus</strong></span> <span class='ocrx_word' id='word_1_381' title='bbox 2348 2929 2550 2979; x_wconf 79' lang='lat' dir='ltr'><strong>Praeto-</strong></span> 
     </span>
     <span class='ocr_line' id='line_1_66' title="bbox 1479 3006 2548 3073; baseline 0.001 -17"><span class='ocrx_word' id='word_1_382' title='bbox 1479 3008 1558 3058; x_wconf 89' lang='lat' dir='ltr'><strong>rio</strong></span> <span class='ocrx_word' id='word_1_383' title='bbox 1581 3025 1594 3059; x_wconf 71' lang='grc' dir='ltr'>ι</span> <span class='ocrx_word' id='word_1_384' title='bbox 1629 3015 1689 3058; x_wconf 86' lang='lat' dir='ltr'><strong>nt</strong></span> <span class='ocrx_word' id='word_1_385' title='bbox 1710 3016 1858 3058; x_wconf 87' lang='lat' dir='ltr'><strong>notat</strong></span> <span class='ocrx_word' id='word_1_386' title='bbox 1878 3009 2137 3072; x_wconf 85' lang='lat' dir='ltr'><strong>Ulpianus</strong></span> <span class='ocrx_word' id='word_1_387' title='bbox 2159 3008 2213 3056; x_wconf 89' lang='lat' dir='ltr'><strong>in</strong></span> <span class='ocrx_word' id='word_1_388' title='bbox 2236 3006 2419 3072; x_wconf 80' lang='lat' dir='ltr'><strong>fragm.</strong></span> <span class='ocrx_word' id='word_1_389' title='bbox 2441 3007 2548 3073; x_wconf 75' lang='lat' dir='ltr'><strong>Py-</strong></span> 
     </span>
     <span class='ocr_line' id='line_1_67' title="bbox 1482 3086 2546 3153; baseline 0 -17"><span class='ocrx_word' id='word_1_390' title='bbox 1482 3087 1701 3137; x_wconf 82' lang='lat' dir='ltr'><strong>tboeanis</strong></span> <span class='ocrx_word' id='word_1_391' title='bbox 1735 3088 1817 3138; x_wconf 88' lang='lat' dir='ltr'><strong>tit.</strong></span> <span class='ocrx_word' id='word_1_392' title='bbox 1857 3087 1925 3137; x_wconf 86' lang='lat' dir='ltr'><strong>de</strong></span> <span class='ocrx_word' id='word_1_393' title='bbox 1962 3087 2251 3153; x_wconf 78' lang='lat' dir='ltr'><strong>plagiariis,</strong></span> <span class='ocrx_word' id='word_1_394' title='bbox 2283 3094 2338 3137; x_wconf 92' lang='lat' dir='ltr'><strong>et</strong></span> <span class='ocrx_word' id='word_1_395' title='bbox 2360 3087 2397 3137; x_wconf 83' lang='lat'><strong>1.</strong></span> <span class='ocrx_word' id='word_1_396' title='bbox 2421 3100 2461 3138; x_wconf 82' lang='lat'><strong>1.</strong></span> <span class='ocrx_word' id='word_1_397' title='bbox 2477 3086 2546 3136; x_wconf 89' lang='lat' dir='ltr'><strong>de</strong></span> 
     </span>
     <span class='ocr_line' id='line_1_68' title="bbox 1482 3161 2547 3217; baseline 0.001 -2"><span class='ocrx_word' id='word_1_398' title='bbox 1482 3161 1590 3215; x_wconf 79' lang='lat' dir='ltr'><strong>Off.</strong></span> <span class='ocrx_word' id='word_1_399' title='bbox 1617 3163 1776 3215; x_wconf 77' lang='lat' dir='ltr'><strong>Praef.</strong></span> <span class='ocrx_word' id='word_1_400' title='bbox 1796 3165 1955 3215; x_wconf 86' lang='lat' dir='ltr'><strong>Urbis</strong></span> <span class='ocrx_word' id='word_1_401' title='bbox 1974 3168 2008 3214; x_wconf 92' lang='lat' dir='ltr'><strong>l.</strong></span> <span class='ocrx_word' id='word_1_402' title='bbox 2025 3178 2101 3217; x_wconf 84' lang='lat' dir='ltr'><strong>ix.</strong></span> <span class='ocrx_word' id='word_1_403' title='bbox 2121 3164 2278 3216; x_wconf 85' lang='lat' dir='ltr'><strong>Offic.</strong></span> <span class='ocrx_word' id='word_1_404' title='bbox 2299 3166 2547 3216; x_wconf 84' lang='lat' dir='ltr'><strong>Procons.</strong></span> 
     </span>
    </p>

    <p class='ocr_par' dir='ltr' id='par_1_21' title="bbox 1478 3242 2549 4004">
     <span class='ocr_line' id='line_1_69' title="bbox 1547 3242 2548 3307; baseline -0.001 -15"><span class='ocrx_word' id='word_1_405' title='bbox 1547 3243 1732 3307; x_wconf 84' lang='lat' dir='ltr'><strong>quue</strong></span> <span class='ocrx_word' id='word_1_406' title='bbox 1749 3243 2236 3307; x_wconf 80' lang='lat' dir='ltr'><strong>exemplo,8everus</strong></span> <span class='ocrx_word' id='word_1_407' title='bbox 2253 3242 2390 3306; x_wconf 87' lang='lat' dir='ltr'><strong>Imp.</strong></span> <span class='ocrx_word' id='word_1_408' title='bbox 2401 3242 2548 3291; x_wconf 75' lang='lat' dir='ltr'><strong>Pm-</strong></span> 
     </span>
     <span class='ocr_line' id='line_1_70' title="bbox 1480 3320 2549 3373; baseline -0.001 -4"><span class='ocrx_word' id='word_1_409' title='bbox 1480 3320 1713 3373; x_wconf 83' lang='lat' dir='ltr'><strong>torianos</strong></span> <span class='ocrx_word' id='word_1_410' title='bbox 1733 3320 1926 3369; x_wconf 89' lang='lat' dir='ltr'><strong>milites</strong></span> <span class='ocrx_word' id='word_1_411' title='bbox 1944 3321 2083 3369; x_wconf 82' lang='lat' dir='ltr'><strong>ultra</strong></span> <span class='ocrx_word' id='word_1_412' title='bbox 2104 3320 2443 3370; x_wconf 87' lang='lat' dir='ltr'><strong>centesimum</strong></span> <span class='ocrx_word' id='word_1_413' title='bbox 2473 3320 2549 3369; x_wconf 84' lang='lat' dir='ltr'><strong>la-</strong></span> 
     </span>
     <span class='ocr_line' id='line_1_71' title="bbox 1479 3394 2548 3461; baseline 0.004 -18"><span class='ocrx_word' id='word_1_414' title='bbox 1479 3394 1656 3459; x_wconf 90' lang='lat' dir='ltr'><strong>pidem</strong></span> <span class='ocrx_word' id='word_1_415' title='bbox 1698 3396 1880 3445; x_wconf 88' lang='lat' dir='ltr'><strong>abesse</strong></span> <span class='ocrx_word' id='word_1_416' title='bbox 1919 3396 1987 3445; x_wconf 87' lang='lat' dir='ltr'><strong>ab</strong></span> <span class='ocrx_word' id='word_1_417' title='bbox 2021 3396 2165 3446; x_wconf 87' lang='lat' dir='ltr'><strong>Urbe</strong></span> <span class='ocrx_word' id='word_1_418' title='bbox 2202 3397 2375 3461; x_wconf 79' lang='lat' dir='ltr'><strong>jussit,</strong></span> <span class='ocrx_word' id='word_1_419' title='bbox 2405 3395 2548 3461; x_wconf 78' lang='lat' dir='ltr'><strong>apud</strong></span> 
     </span>
     <span class='ocr_line' id='line_1_72' title="bbox 1481 3472 2548 3539; baseline 0.001 -17"><span class='ocrx_word' id='word_1_420' title='bbox 1481 3473 1838 3523; x_wconf 87' lang='lat' dir='ltr'><strong>Herodianum</strong></span> <span class='ocrx_word' id='word_1_421' title='bbox 1861 3473 1896 3524; x_wconf 92' lang='lat' dir='ltr'><strong>l.</strong></span> <span class='ocrx_word' id='word_1_422' title='bbox 1917 3486 1984 3522; x_wconf 79' lang='grc' dir='ltr'><strong>ιι.</strong></span> <span class='ocrx_word' id='word_1_423' title='bbox 2042 3474 2111 3523; x_wconf 88' lang='lat' dir='ltr'><strong>Et</strong></span> <span class='ocrx_word' id='word_1_424' title='bbox 2135 3474 2367 3538; x_wconf 84' lang='lat' dir='ltr'><strong>Prosper</strong></span> <span class='ocrx_word' id='word_1_425' title='bbox 2382 3472 2548 3539; x_wconf 82' lang='lat' dir='ltr'><strong>Aqui-</strong></span> 
     </span>
     <span class='ocr_line' id='line_1_73' title="bbox 1480 3549 2547 3616; baseline 0.004 -18"><span class='ocrx_word' id='word_1_426' title='bbox 1480 3556 1634 3599; x_wconf 88' lang='lat' dir='ltr'><strong>tanus</strong></span> <span class='ocrx_word' id='word_1_427' title='bbox 1671 3549 1738 3599; x_wconf 90' lang='lat' dir='ltr'><strong>de</strong></span> <span class='ocrx_word' id='word_1_428' title='bbox 1758 3549 2104 3614; x_wconf 82' lang='lat' dir='ltr'><strong>Symmacho:</strong></span> <span class='ocrx_word' id='word_1_429' title='bbox 2141 3565 2294 3616; x_wconf 84' lang='lat' dir='ltr'><strong>quem</strong></span> <span class='ocrx_word' id='word_1_430' title='bbox 2333 3566 2452 3601; x_wconf 88' lang='lat' dir='ltr'><strong>cnm</strong></span> <span class='ocrx_word' id='word_1_431' title='bbox 2474 3550 2547 3602; x_wconf 83' lang='lat' dir='ltr'><strong>A·</strong></span> 
     </span>
     <span class='ocr_line' id='line_1_74' title="bbox 1480 3626 2547 3695; baseline 0.005 -19"><span class='ocrx_word' id='word_1_432' title='bbox 1480 3641 1590 3677; x_wconf 84' lang='lat' dir='ltr'><strong>ram</strong></span> <span class='ocrx_word' id='word_1_433' title='bbox 1641 3626 1890 3678; x_wconf 79' lang='lat' dir='ltr'><strong>Victoriae</strong></span> <span class='ocrx_word' id='word_1_434' title='bbox 1948 3629 2159 3678; x_wconf 82' lang='lat' dir='ltr'><strong>restitui</strong></span> <span class='ocrx_word' id='word_1_435' title='bbox 2210 3629 2547 3695; x_wconf 82' lang='lat' dir='ltr'><strong>postulasset,</strong></span> 
     </span>
     <span class='ocr_line' id='line_1_75' title="bbox 1478 3704 2547 3771; baseline 0.006 -19"><span class='ocrx_word' id='word_1_436' title='bbox 1478 3705 1493 3732; x_wconf 89' lang='lat'>‘</span> <span class='ocrx_word' id='word_1_437' title='bbox 1518 3704 1683 3754; x_wconf 87' lang='lat' dir='ltr'><strong>iratus</strong></span> <span class='ocrx_word' id='word_1_438' title='bbox 1705 3704 1971 3769; x_wconf 75' lang='lat' dir='ltr'><strong>princeps,</strong></span> <span class='ocrx_word' id='word_1_439' title='bbox 1990 3705 2167 3756; x_wconf 85' lang='lat' dir='ltr'><strong>statim</strong></span> <span class='ocrx_word' id='word_1_440' title='bbox 2190 3721 2224 3755; x_wconf 87' lang='lat' dir='ltr'><strong>a</strong></span> <span class='ocrx_word' id='word_1_441' title='bbox 2245 3705 2350 3756; x_wconf 88' lang='lat' dir='ltr'><strong>suis</strong></span> <span class='ocrx_word' id='word_1_442' title='bbox 2367 3720 2547 3771; x_wconf 80' lang='lat' dir='ltr'><strong>aspec-</strong></span> 
     </span>
     <span class='ocr_line' id='line_1_76' title="bbox 1482 3782 2548 3850; baseline 0.004 -19"><span class='ocrx_word' id='word_1_443' title='bbox 1482 3782 1622 3832; x_wconf 85' lang='lat' dir='ltr'><strong>tibus</strong></span> <span class='ocrx_word' id='word_1_444' title='bbox 1674 3783 1874 3846; x_wconf 82' lang='lat' dir='ltr'><strong>pnlsum</strong></span> <span class='ocrx_word' id='word_1_445' title='bbox 1920 3783 1973 3833; x_wconf 91' lang='lat' dir='ltr'><strong>in</strong></span> <span class='ocrx_word' id='word_1_446' title='bbox 2015 3785 2300 3835; x_wconf 85' lang='lat' dir='ltr'><strong>centesimo</strong></span> <span class='ocrx_word' id='word_1_447' title='bbox 2353 3784 2548 3850; x_wconf 86' lang='lat' dir='ltr'><strong>lapide,</strong></span> 
     </span>
     <span class='ocr_line' id='line_1_77' title="bbox 1483 3862 2547 3929; baseline 0.004 -18"><span class='ocrx_word' id='word_1_448' title='bbox 1483 3862 1659 3912; x_wconf 78' lang='lat' dir='ltr'><strong>rliedoe</strong></span> <span class='ocrx_word' id='word_1_449' title='bbox 1694 3877 1798 3912; x_wconf 90' lang='lat' dir='ltr'><strong>non</strong></span> <span class='ocrx_word' id='word_1_450' title='bbox 1836 3869 2017 3913; x_wconf 79' lang='lat' dir='ltr'><strong>stratae</strong></span> <span class='ocrx_word' id='word_1_451' title='bbox 2044 3864 2359 3929; x_wconf 83' lang='lat' dir='ltr'><strong>impositum,</strong></span> <span class='ocrx_word' id='word_1_452' title='bbox 2375 3878 2438 3914; x_wconf 84' lang='lat' dir='ltr'><strong>ea</strong></span> <span class='ocrx_word' id='word_1_453' title='bbox 2458 3864 2547 3915; x_wconf 88' lang='lat' dir='ltr'><strong>die</strong></span> 
     </span>
     <span class='ocr_line' id='line_1_78' title="bbox 1480 3939 2000 4004; baseline 0.006 -17"><span class='ocrx_word' id='word_1_454' title='bbox 1480 3954 1688 3988; x_wconf 82' lang='lat' dir='ltr'><strong>manere</strong></span> <span class='ocrx_word' id='word_1_455' title='bbox 1713 3939 2000 4004; x_wconf 83' lang='lat' dir='ltr'><strong>praecepit.’</strong></span> 
     </span>
    </p>

    <p class='ocr_par' dir='ltr' id='par_1_22' title="bbox 1476 4014 2549 4393">
     <span class='ocr_line' id='line_1_79' title="bbox 1544 4014 2545 4068; baseline 0.002 -2"><span class='ocrx_word' id='word_1_456' title='bbox 1544 4017 1652 4066; x_wconf 88' lang='lat' dir='ltr'><strong>Dio</strong></span> <span class='ocrx_word' id='word_1_457' title='bbox 1691 4025 1864 4067; x_wconf 81' lang='lat' dir='ltr'><strong>temen</strong></span> <span class='ocrx_word' id='word_1_458' title='bbox 1899 4017 1933 4067; x_wconf 91' lang='lat' dir='ltr'><strong>l.</strong></span> <span class='ocrx_word' id='word_1_459' title='bbox 1957 4030 2056 4067; x_wconf 77' lang='lat' dir='ltr'><strong>nn.</strong></span> <span class='ocrx_word' id='word_1_460' title='bbox 2082 4016 2165 4067; x_wconf 87' lang='lat' dir='ltr'><strong>nbi</strong></span> <span class='ocrx_word' id='word_1_461' title='bbox 2190 4017 2257 4067; x_wconf 85' lang='lat' dir='ltr'><strong>de</strong></span> <span class='ocrx_word' id='word_1_462' title='bbox 2276 4014 2545 4068; x_wconf 70' lang='lat' dir='ltr'><strong>Pmsecto</strong></span> 
     </span>
     <span class='ocr_line' id='line_1_80' title="bbox 1483 4094 2549 4158; baseline 0.002 -15"><span class='ocrx_word' id='word_1_463' title='bbox 1483 4094 1662 4157; x_wconf 85' lang='lat' dir='ltr'><strong>Urbis,</strong></span> <span class='ocrx_word' id='word_1_464' title='bbox 1688 4094 2107 4158; x_wconf 76' lang='lat' dir='ltr'><strong>jurisdictionem</strong></span> <span class='ocrx_word' id='word_1_465' title='bbox 2141 4094 2251 4158; x_wconf 85' lang='lat' dir='ltr'><strong>ejus</strong></span> <span class='ocrx_word' id='word_1_466' title='bbox 2283 4094 2549 4156; x_wconf 76' lang='lat' dir='ltr'><strong>angustius</strong></span> 
     </span>
     <span class='ocr_line' id='line_1_81' title="bbox 1483 4167 2546 4234; baseline 0.001 -15"><span class='ocrx_word' id='word_1_467' title='bbox 1483 4171 1749 4230; x_wconf 86' lang='lat' dir='ltr'><strong>terminat,</strong></span> <span class='ocrx_word' id='word_1_468' title='bbox 1770 4168 1857 4233; x_wconf 64' lang='grc' dir='ltr'><strong>ἔξω</strong></span> <span class='ocrx_word' id='word_1_469' title='bbox 1881 4173 1969 4229; x_wconf 73' lang='grc' dir='ltr'><strong>τῆς</strong></span> <span class='ocrx_word' id='word_1_470' title='bbox 2006 4169 2189 4220; x_wconf 66' lang='grc' dir='ltr'><strong>πόλεως</strong></span> <span class='ocrx_word' id='word_1_471' title='bbox 2210 4167 2354 4234; x_wconf 68' lang='grc' dir='ltr'>μέχρι</span> <span class='ocrx_word' id='word_1_472' title='bbox 2374 4170 2546 4232; x_wconf 57' lang='grc' dir='ltr'><strong>«ιη-ᾕ-</strong></span> 
     </span>
     <span class='ocr_line' id='line_1_82' title="bbox 1479 4246 2546 4312; baseline 0.002 -15"><span class='ocrx_word' id='word_1_473' title='bbox 1479 4250 1628 4297; x_wconf 76' lang='grc' dir='ltr'><strong>κόηα</strong></span> <span class='ocrx_word' id='word_1_474' title='bbox 1643 4248 1724 4299; x_wconf 71' lang='lat' dir='ltr'><strong>nel</strong></span> <span class='ocrx_word' id='word_1_475' title='bbox 1745 4247 1996 4312; x_wconf 68' lang='grc' dir='ltr'><strong>ὃεωωσίον</strong></span> <span class='ocrx_word' id='word_1_476' title='bbox 2011 4246 2215 4299; x_wconf 65' lang='grc' dir='ltr'><strong>σταδίαν</strong></span> <span class='ocrx_word' id='word_1_477' title='bbox 2232 4265 2248 4298; x_wconf 82' lang='lat'>=</span> <span class='ocrx_word' id='word_1_478' title='bbox 2284 4249 2452 4299; x_wconf 67' lang='lat' dir='ltr'><strong>&amp;tm</strong></span> <span class='ocrx_word' id='word_1_479' title='bbox 2463 4265 2546 4299; x_wconf 68' lang='lat' dir='ltr'><strong>ur-</strong></span> 
     </span>
     <span class='ocr_line' id='line_1_83' title="bbox 1476 4327 2549 4393; baseline 0.001 -15"><span class='ocrx_word' id='word_1_480' title='bbox 1476 4328 1582 4378; x_wconf 64' lang='lat' dir='ltr'><strong>bem</strong></span> <span class='ocrx_word' id='word_1_481' title='bbox 1609 4342 1755 4393; x_wconf 66' lang='lat' dir='ltr'><strong>usque</strong></span> <span class='ocrx_word' id='word_1_482' title='bbox 1785 4328 2104 4379; x_wconf 64' lang='lat' dir='ltr'><strong>odaeaeentn</strong></span> <span class='ocrx_word' id='word_1_483' title='bbox 2132 4327 2549 4393; x_wconf 57' lang='lat' dir='ltr'><strong>etonem-aginta</strong></span> 
     </span>
    </p>
   </div>
  </div>
 </body>
</html>
