3063 4952
333 422 426 490 [Α.
445 421 513 474 U.
536 423 649 473 819.
667 416 722 472 J.
748 416 811 468 e.
830 410 940 477 ea]
2377 361 2554 448 1975

418 560 529 627 48.
579 560 817 625 Ineunt
844 553 1078 621 deinde
1122 549 1557 617 Consulatum
1599 544 1827 613 Silius¹
1880 540 2157 610 Nervam·
2186 547 2253 607 et
2281 539 2552 607 Atticus

335 663 683 741 Vestinus,
716 667 948 744 coepta
989 655 1206 722 simul.
1228 659 1295 718 et
1342 657 1538 717 aucta
1582 647 2051 734 conjuratione,
2083 646 2149 710 in
2178 665 2378 730 quam
2408 663 2552 709 cer-

337 767 527 835 tatim
570 767 840 831 nom-ina
885 761 1222 836 dederant,
1266 755 1642 833 SenatoreS,
1677 752 1923 836 Eques,
1971 749 2216 828 miles‚¹²
2258 748 2552 814 foeminae

335 872 590 949 etiam‚⁰
630 890 782 935 cum
813 867 967 933 odio
999 862 1312 940 NeroniS,
1362 866 1502 925 tum
1548 858 1776 923 favore
1821 857 1891 920 in
1941 853 2021 921 C.
2053 854 2391 928 Pisonem.
2482 850 2555 915 Is

338 972 735 1060 Calpurnio?
772 989 1004 1055 genere
1033 973 1238 1046 ortua,
1269 985 1348 1030 ac
1377 963 1624 1029 multas
1654 962 2084 1043 insignesque
2114 955 2403 1022 familias
2430 973 2554 1039 pa·

337 1084 553 1152 ternaq
610 1077 955 1143 nobilitate
1016 1071 1433 1157 complexus,
1495 1067 1680 1132 claro
1735 1064 1919 1148 apud
1973 1063 2244 1144 vulgum
2302 1075 2559 1123 rumore

344 1185 507 1259 erat,
540 1201 659 1266 per
685 1180 1042 1257 virtutem,¹
1095 1181 1209 1240 aut
1237 1172 1520 1257 species⁸
1560 1167 1944 1235 virtutibus²
1987 1164 2258 1230 similes,
2349 1162 2558 1227 Nam·

1103 401 1516 480 Ani-tamnu
1566 400 1712 452 ma.
1759 398 1890 450 ιν.

407 1371 543 1421 Exin
564 1369 715 1419 Silius
737 1369 900 1420 Nerva
921 1374 967 1418 et
990 1367 1183 1417 Atticus
1213 1367 1429 1417 Vestinus
1448 1365 1739 1414 consulatum
1761 1360 1991 1422 obtinent,
2011 1364 2120 1407 orta
2149 1353 2290 1406 simul
2327 1357 2374 1403 et
2395 1353 2563 1402 adulta

340 1436 701 1500 conspiratione,
737 1435 790 1483 in
828 1450 972 1498 quam
1008 1434 1224 1482 certatim
1259 1432 1458 1495 ascripti
1497 1434 1635 1480 erant
1673 1433 1853 1491 patres,
1895 1425 2090 1489 equites,
2121 1421 2314 1484 milites,
2343 1419 2562 1469 mulieres

338 1504 503 1565 etiam,
522 1501 662 1549 simut
692 1505 739 1549 et
760 1501 865 1548 odio
891 1500 1116 1559 Neronis,
1134 1503 1182 1547 et
1204 1498 1358 1546 studio
1390 1497 1442 1547 in
1467 1496 1524 1544 C.
1551 1496 1783 1544 Pisonem.
1849 1492 1903 1541 Is
1929 1488 2187 1553 Calpurnia
2215 1490 2360 1548 gente
2396 1484 2564 1533 oriun-

340 1570 448 1629 dus,
468 1583 525 1616 ac
554 1568 714 1631 plures
734 1564 995 1629 nobilesque
1024 1562 1243 1624 familias
1257 1567 1457 1626 paterna
1488 1560 1637 1624 stirpe
1674 1558 1972 1622 amplectens,
1995 1552 2164 1604 celebri
2191 1552 2314 1615 apud
2342 1550 2563 1615 populum

326 1632 470 1692 sama
508 1636 632 1695 erat,
662 1646 749 1696 per
791 1632 1015 1680 virtutem
1054 1636 1109 1680 et
1148 1628 1307 1679 bonas
1343 1633 1505 1689 arteS,
1542 1630 1627 1676 aut
1665 1639 1753 1689 per
1787 1626 2054 1687 proetextus
2094 1619 2326 1669 virtutum
2365 1615 2561 1665 similes.

1276 1766 1631 1788 ‘PONOOOO‘OO

410 1864 437 1911 1
477 1859 582 1922 Hic
615 1859 796 1911 consul
835 1858 1175 1925 appellandus
1211 1862 1290 1907 est
1329 1854 1396 1904 Α.
1421 1853 1649 1905 Licinius
1671 1853 1851 1904 Nerva
1884 1851 2121 1914 Silianus,
2160 1854 2220 1898 ut
2252 1837 2460 1897 viiletur
2493 1858 2562 1892 ex

341 1926 745 1990 veteri-lapide,
782 1926 1093 1989 Phlegonte,
1128 1928 1183 1972 et
1216 1921 1440 1986 epistola
1478 1920 1737 1970 consulari
1775 1920 1892 1969 Em.
1932 1917 2106 1978 Nuria,
2149 1917 2324 1978 Opera,
2358 1909 2475 1960 Vol.
2496 1921 2563 1958 11.

341 1991 448 2040 col.
470 1995 585 2043 893.
609 1997 664 2040 et
686 2005 797 2056 seq.
865 1990 1131 2040 Laudatur
1171 1994 1346 2037 tamen
1381 2001 1413 2035 a
1451 1986 1534 2037 Cl.
1569 1984 1842 2049 Muratori,
1880 1983 2108 2034 Thesaur.
2132 1979 2357 2043 Inscript.
2380 1975 2499 2026 Vol.
2521 1987 2562 2023 ι.

343 2070 402 2120 p.
426 2060 541 2107 305.
575 2058 838 2107 vasculum
862 2056 1194 2121 inscriptum:

1214 2147 1351 2184 Asels
1386 2144 1583 2183 sunno
1618 2146 1686 2183 m·

1292 2228 1489 2265 Africo
1524 2226 1615 2263 COS

348 2306 437 2357 Ob
461 2320 573 2357 eam
596 2307 953 2357 diversitatem
993 2312 1048 2356 et
1084 2268 1390 2355 coiisensum
1425 2304 1734 2368 scriptorum
1756 2306 1815 2352 et
1836 2299 2093 2351 editorum
2116 2294 2293 2347 Taciti
2317 2292 2563 2342 librorum

346 2373 472 2421 nihil
510 2374 721 2423 mutavi.
785 2372 964 2422 Silium
1006 2373 1251 2436 Nervam,
1286 2369 1421 2419 forte
1459 2370 1569 2433 ejus
1604 2376 1824 2433 patrem,
1855 2365 2118 2417 consulem
2151 2360 2368 2412 vidimus
2407 2371 2567 2422 supra

348 2437 541 2489 Annal.
568 2453 642 2490 ιν.
668 2442 749 2490 68.
813 2438 1124 2490 Brotier.-2
1159 2437 1261 2487 Ms.
1286 2435 1443 2487 Corb.
1465 2435 1679 2488 virtutis.

1357 2601 1573 2654 NOTAE

350 2717 671 2784 etimperi13
703 2719 796 2769 sed
833 2735 1001 2786 neque
1024 2721 1253 2783 validum,
1274 2736 1420 2786 neque
1497 2721 1611 2770 luta
1644 2724 1736 2768 aut
1772 2715 2018 2766 damnata
2040 2707 2223 2771 Atina,
2246 2701 2571 2755 dissimulata

349 2798 595 2846 occultum.
654 2797 788 2848 Nam
814 2800 990 2849 statim
1010 2800 1284 2865 propalata
1298 2815 1419 2850 con·
1498 2805 1615 2859 est3
1651 2803 1705 2846 et
1745 2795 1790 2844 si
1829 2790 2083 2842 rescierat
2116 2787 2250 2850 ipsa,
2286 2782 2410 2848 quia
2442 2779 2572 2830 nihil

344 2873 544 2935 juratio
583 2875 671 2925 illa
710 2875 1009 2941 Pisoniana,
1045 2877 1196 2927 simul
1236 2883 1291 2928 et
1332 2892 1421 2942 op·

356 2965 538 3021 pressa
561 2960 657 3002 est.

417 3033 452 3060 ¹²¹
486 3028 643 3078 Silius
663 3028 849 3092 Nerva]
885 3032 930 3081 E
967 3029 1116 3081 fastis
1151 3037 1208 3082 et
1241 3030 1424 3096 lapidi·

355 3103 475 3168 bus,
491 3106 683 3155 Silanus
706 3107 886 3158 Nerva.
953 3108 1177 3172 Lipsiae.

418 3188 443 3215 ¹²
493 3183 663 3248 Miles]
721 3184 866 3234 Nulli
910 3186 1276 3249 manipulares»,
1332 3200 1425 3235 seu

355 3258 580 3322 gregarii
612 3260 693 3308 vel
735 3261 936 3324 caligae,
983 3262 1207 3311 scientes
1242 3262 1423 3325 eonju-

355 3336 606 3398 rationis3
654 3338 741 3387 vix
783 3339 970 3388 talibus
1009 3337 1139 3389 fides
1180 3345 1270 3390 aut
1307 3353 1425 3389 cou-

354 3423 469 3464 stan
477 3415 576 3476 tia;
594 3415 684 3465 sed
701 3416 967 3480 praepositi
984 3417 1426 3480 praetorianorum,

355 3493 706 3556 centurioneS,
728 3493 940 3556 tribuni,
962 3499 1018 3543 et
1050 3494 1184 3543 alter
1207 3492 1426 3558 praefec-

357 3569 528 3620 torum
570 3570 759 3621 Fenius
804 3569 994 3633 Rufus,
1039 3571 1266 3620 illustres
1318 3585 1423 3620 om-

356 3662 465 3698 nes.

422 3732 446 3759 ⁰
485 3725 715 3775 Foeminoe
747 3725 914 3789 etiam]
965 3727 1035 3776 Et
1075 3730 1246 3775 tamen
1283 3725 1426 3775 nulla

357 3801 566 3853 foemina
605 3810 825 3867 apparet
870 3805 1080 3854 conscia
1116 3804 1428 3868 conjuratio·

359 3880 457 3943 uis,
482 3887 672 3944 praeter
708 3880 1006 3945 Epicharim
1031 3880 1349 3945 libertinam,
1372 3887 1430 3930 et

360 3957 579 4008 Atinam
618 3966 834 4006 matrem
874 3958 1090 4021 Lucani,
1126 3974 1277 4023 quam
1316 3958 1429 4023 ipse

362 4034 619 4100 prodidit,
659 4035 830 4098 potius
862 4036 1091 4084 ostentui
1125 4034 1269 4098 fidei,
1293 4034 1347 4084 et
1369 4042 1431 4086 ut

360 4104 578 4176 pararet
598 4112 697 4161 sibi
721 4113 1095 4176 impunitatem,
1119 4128 1268 4178 quam
1294 4116 1430 4179 quod

360 4203 543 4253 revera
581 4189 791 4240 conscia
834 4196 1004 4241 esset:
1055 4205 1171 4239 nam
1216 4191 1282 4240 ab
1318 4192 1430 4256 ipso

362 4267 473 4316 solo
492 4265 597 4316 filio
616 4267 900 4320 nominata.

428 4344 501 4397 Et
522 4351 582 4395 ut
604 4346 654 4397 in
677 4344 894 4396 crimine
912 4344 1135 4411 incerto,
1154 4360 1258 4396 non
1281 4347 1427 4399 abso-

1501 2873 1740 2936 contulit,
1783 2871 1919 2920 inter
1963 2864 2253 2932 principem
2298 2867 2355 2911 et
2406 2857 2572 2907 filium

1501 2950 1756 3000 distracta
1776 2946 1913 2998 curis
1942 2949 2126 3005 mater,
2157 2939 2274 2990 ideo
2308 2934 2446 2987 forte
2469 2933 2571 2982 dis-

1503 3027 1742 3078 simulata
1773 3030 1872 3088 est,
1904 3028 1960 3071 et
1995 3016 2305 3085 praesertim,
2327 3012 2448 3079 quia
2468 3023 2572 3060 non

1503 3104 1780 3155 constabat
1800 3100 1867 3151 de
1890 3100 2046 3162 culpa
2068 3102 2158 3145 aut
2181 3088 2520 3144 conscientia.

1573 3181 1772 3230 codicia
1793 3184 1915 3228 uxor
1933 3173 2123 3224 Scevini
2156 3170 2313 3221 Italia
2330 3166 2572 3234 prohibe-

1504 3265 1612 3320 tur,
1655 3257 1747 3306 sed
1800 3253 1920 3303 odio
1965 3252 2138 3316 potius
2181 3244 2575 3304 dominantium,

1504 3351 1661 3401 quam
1686 3334 1809 3399 quia
1828 3331 1999 3395 culpae
2018 3328 2258 3380 convicta
2280 3330 2436 3374 esset.
2469 3321 2576 3373 Ne-

1503 3429 1589 3463 mo
1623 3428 1737 3463 eam
1771 3407 2075 3470 nominavit,
2103 3419 2199 3454 nec
2232 3416 2374 3452 ream
2410 3397 2573 3450 fuisse

1504 3507 1580 3556 se,
1600 3491 1698 3542 nisi
1716 3503 1887 3556 poena,
1903 3489 2125 3550 experta
2151 3481 2268 3532 est?

1570 3577 1596 3612 Ρ
1652 3565 1932 3633 Calpurnio]
2007 3559 2304 3626 Calpurnio,
2385 3557 2575 3613 Numae

1506 3648 1666 3712 Regis
1688 3645 1814 3709 filio,
1835 3652 1974 3693 ortos
1996 3655 2052 3691 se
2069 3639 2311 3690 ferebant
2335 3636 2575 3686 Pisones.

1506 3726 1635 3776 Ideo
1657 3723 1792 3774 forte
1827 3720 2080 3773 Plancina
2110 3716 2314 3768 Pisonis
2347 3727 2495 3776 uxor,
2516 3712 2577 3761 fi-

1505 3803 1604 3854 lios
1639 3799 1842 3852 Tiberii
1874 3795 2261 3854 contemnebat,
2294 3797 2354 3840 ut
2394 3789 2580 3853 stirpe,

1509 3881 1727 3945 origine,
1747 3884 1804 3927 et
1823 3875 2095 3933 nobilitate
2120 3872 2361 3934 impares,
2571 3916 2575 3920 s

1574 3966 1600 4000 ‘1
1633 3954 1870 4017 Paterna]
1902 3953 1990 4002 Sic
2013 3951 2227 3999 inuuere
2249 3943 2472 4006 videtur,
2488 3955 2577 4006 ge-

1510 4049 1638 4085 nere
1658 4038 1894 4082 materno
1915 4029 2164 4092 imparem
2201 4022 2360 4073 fuisse
2396 4018 2581 4071 nobili-

1513 4120 1676 4165 tatem
1697 4111 1849 4161 illius.

1576 4198 1596 4224 ¹·
1636 4187 1896 4251 Virtutem]
1928 4182 2133 4234 Habuit
2171 4192 2318 4230 veras
2338 4176 2579 4235 virtutes,

1439 4265 1449 4275 ”
1512 4274 1604 4318 aut
1627 4281 1741 4331 quae
1765 4277 1902 4312 verae
1928 4261 2230 4311 viderentur
2259 4256 2313 4305 in
2334 4253 2580 4319 speciem.

1575 4353 1593 4379 ⁸
1625 4343 1726 4396 Aut
1746 4339 1944 4408 species]
1977 4338 2044 4389 Id
2066 4336 2219 4409 uicit,
2248 4334 2369 4401 quia
2397 4329 2578 4399 procul
