3063 4952
479 387 658 489 3⁵22

482 675 497 710 ff
556 687 559 696 k

1202 408 1271 458 C.
1317 406 1679 462 CORNELII
1715 399 1983 462 ‘TAclTl

2382 413 2476 481 [A.
2489 416 2568 472 υ.
2589 419 2708 466 810.

485 511 604 616 aut
625 533 875 633 vocare,
892 572 981 619 ex
1009 517 1236 633 Italia,
1267 573 1423 628 cum
1448 555 1692 638 quibus
1718 556 1863 639 lege
1891 554 2027 640 agi⁰
2056 556 2329 640 posset?
2409 527 2712 658 Addidit

483 699 712 785 experiri
730 718 811 772 fas
833 726 991 771 esset.
1058 695 1251 784 Adiecit
1280 697 1342 772 L.
1375 722 1492 772 Piso
1523 695 1786 773 destinatus
1822 724 1998 788 consul,
2029 736 2096 774 ne
2130 690 2259 789 quid
2290 722 2431 775 intra
2464 687 2707 789 priuatas

1412 873 1771 895 OOOOOOOOOO'OO

485 973 754 1052 intelligas
787 974 1092 1037 Vibullium,
1119 975 1333 1040 eJnsque
1372 974 1723 1024 severitatem.
1778 976 1994 1025 Brotier.
2063 974 2170 1025 Int.
2205 975 2460 1024 Praetoris
2496 973 2720 1040 factum,

486 1053 590 1089 non
609 1039 845 1105 Tribuni,
870 1047 928 1090 ut
950 1041 1189 1090 Muretus
1207 1040 1389 1102 voluit,
1432 1041 1697 1103 corrigens
1722 1048 2005 1105 propterea
2024 1055 2115 1089 nou
2138 1039 2416 1104 probavere,
2438 1040 2581 1106 quod
2606 1041 2718 1105 pla-

488 1110 578 1154 cet
600 1105 862 1155 Broterio.
895 1106 1090 1155 Emest.
1126 1105 1262 1155 Item
1296 1105 1503 1155 Ursino.
1538 1103 1692 1154 Acid.
1715 1105 1924 1155 volebat
1940 1121 2252 1169 composuere,
2269 1105 2410 1170 quod
2430 1121 2535 1155 non
2557 1108 2716 1170 plane

485 1168 732 1233 displicet
766 1170 985 1221 Lallem.
1018 1172 1232 1236 Verum,
1273 1177 1467 1235 puncto
1501 1175 1625 1220 ante
1657 1170 2011 1235 comprobavere
2042 1171 2232 1235 posito,
2267 1171 2339 1220 nil
2382 1172 2716 1223 mutandum.

493 1234 709 1308 phet-lin.

1497 1340 1710 1392 No'rAE

508 1473 514 1479 ·
553 1457 692 1507 Nam
730 1463 843 1507 tum
876 1458 1070 1507 nullam
1111 1456 1212 1506 vim
1255 1455 1437 1505 inferri
1462 1460 1556 1505 ant

487 1533 747 1597 prohiberi
767 1549 896 1599 opus
915 1532 1032 1597 fuit,
1051 1534 1256 1597 quoties
1272 1532 1394 1596 jure
1418 1529 1555 1581 ordi-

487 1613 634 1662 nario
652 1612 735 1678 agi
755 1614 945 1677 potuit.
1012 1612 1149 1661 Nam
1190 1626 1293 1676 qua
1328 1611 1380 1659 vi
1422 1624 1554 1673 opus

486 1690 735 1741 adversus
767 1706 876 1753 eos,
900 1690 989 1756 qui
1025 1691 1125 1739 vim
1165 1704 1268 1739 non
1304 1687 1555 1751 inferunt,

489 1772 547 1816 et
571 1768 875 1832 quibuscum
909 1768 1025 1831 lege
1064 1766 1256 1831 agitur,
1278 1763 1445 1813 forma
1474 1778 1556 1813 or-

492 1842 712 1906 dinaria,
735 1849 791 1894 et
815 1844 1059 1892 adversus
1080 1843 1365 1907 quos'actio
1387 1847 1466 1891 est
1490 1856 1557 1891 ex

488 1933 638 1981 more
678 1927 733 1970 et
769 1920 924 1984 lege?
950 1919 1303 1969 -Tribuuorum
1335 1919 1424 1981 jus
1467 1933 1557 1967 ex-

490 1996 687 2063 pressit
704 2010 807 2045 uno
824 1995 982 2045 verbo
999 1994 1176 2044 Livius
1194 2008 1281 2044 ιιι.
1300 1998 1382 2046 53.
1403 1993 1556 2044 ‘Scu-

492 2078 551 2120 to
571 2070 715 2120 vobis
753 2070 916 2134 magis
940 2083 1092 2134 quam
1115 2069 1288 2133 gladio
1311 2083 1440 2132 opus
1459 2075 1555 2118 est.

491 2146 629 2204 Satis
668 2161 922 2212 superque
965 2145 1167 2196 humilis
1207 2153 1306 2207 est,
1330 2147 1416 2211 qui
1435 2146 1557 2209 jure

494 2238 648 2288 aequo
670 2225 724 2274 in
746 2224 956 2276 civitate
991 2223 1139 2287 vivit,
1170 2238 1269 2273 nec
1290 2221 1557 2274 inferendo

491 2303 750 2367 injuriam,
771 2318 870 2354 nec
897 2301 1180 2366 patiendo!
1559 2345 1566 2350 .

510 2397 525 2449 5
557 2378 650 2427 Jus
664 2378 947 2445 pratorum]
988 2378 1270 2429 Constituti
1293 2377 1484 2428 tribuni
1505 2378 1564 2433 in,

488 2454 725 2515 favorem
740 2463 795 2508 et
808 2456 1047 2507 auxilium
1068 2456 1264 2520 plebis;
1279 2470 1383 2506 non
1397 2462 1561 2520 certe,

492 2539 555 2585 ut
592 2535 947 2599 praeriperent
989 2540 1080 2583 aut
1119 2533 1436 2598 impedirent
1466 2534 1557 2598 jus

492 2620 796 2676 praetorum,
819 2613 899 2662 vel
935 2613 1218 2674 consulum,
1254 2611 1344 2661 sed
1383 2619 1557 2661 tamen

490 2696 554 2753 ut
572 2689 698 2754 ipsis
730 2704 784 2738 se
819 2696 1164 2753 opponerent,
1202 2689 1246 2737 si
1279 2690 1556 2753 potestatis

493 2781 602 2817 suae
624 2766 815 2816 limites
839 2766 1228 2828 egrederentur.
1284 2768 1346 2814 ln
1370 2767 1558 2831 quibus

494 2842 968 2906 finib,us,potentiae
1008 2857 1100 2893 seu
1137 2843 1275 2905 juris
1310 2843 1558 2893 limitibus

494 2917 876 2973 constituendis
915 2919 1138 2973 maxima
1169 2909 1421 2982 agebatur
1442 2918 1560 2972 conf

488 2994 767 3053 troversia.
892 3012 895 3015 ’
1050 3028 1053 3029 ⁷
1494 3035 1497 3038 Α
1551 3044 1554 3047 ,

563 3071 636 3120 Et
673 3073 812 3134 saepe
855 3085 997 3120 suam
1043 3076 1356 3136 potestatem
1397 3078 1560 3122 trans·

497 3139 662 3212 gressi
692 3154 812 3198 sunt
855 3147 952 3211 ipsi
997 3147 1208 3210 tribuni,
1240 3156 1297 3196 ut
1337 3146 1560 3210 fit,.dum

493 3224 821 3288 impediunt,-
854 3239 921 3274 ne
955 3225 1190 3279 consules
1229 3240 1372 3274 suam
1397 3233 1561 3276 trans-

496 3302 832 3371 grediantur3
867 3301 941 3351 sic
973 3308 1028 3351 et
1065 3301 1294 3351 vicissim
1328 3303 1560 3351 consules

498 3387 814 3446 patresque:
900 3382 1018 3432 binc
1081 3383 1248 3433 turbae
1299 3397 1415 3447 quae
1475 3383 1563 3432 diu

496 3456 756 3518 Rempub.
778 3456 1064 3519 agitavere.
1106 3468 1131 3509 ε’
1166 3506 1167 3509 ,
1360 3480 1379 3501 ν

567 3538 590 3564 ⁶
631 3532 896 3581 Vocareex
931 3533 1097 3594 Italia,
1130 3549 1236 3583 cum
1267 3533 1431 3596 quibus
1462 3537 1566 3595 lege

499 3606 610 3669 agi]
642 3607 777 3656 Erat
791 3607 926 3671 enim
949 3608 1045 3657 hoc
1069 3609 1315 3660 auxilium
1339 3616 1566 3661 extraor-

499 3683 792 3732 dinarium:
868 3697 1035 3746 neque
1078 3682 1273 3732 licebat
1309 3699 1379 3733 ex·
1408 3685 1567 3734 Italia

503 3772 798 3824 quenquam
835 3757 901 3807 ad
935 3759 1197 3807 tribunum
1230 3760 1427 3821 vocari,
1449 3775 1565 3809 cum

502 3849 607 3900 quo
630 3834 940 3899 legealiqua
976 3834 1175 3885 institui
1213 3841 1389 3900 posset
1412 3838 1566 3889 actio.

506 3910 778 3965 Terrenus.
1188 3958 1191 3959 γ
1376 3968 1379 3971 ¹

546 3988 790 4039 Varronis
808 3989 844 4037 l.
864 4001 986 4036 xxr.
1001 3987 1196 4037 Rerum
1210 3989 1567 4054 humanarum,

496 4066 665 4116 ‘verba
685 4074 802 4116 sunt
823 4083 837 4116 ε
863 4067 879 4093 ‘
905 4066 1126 4115 Tribuni
1149 4067 1316 4129 plebis
1338 4068 1565 4116 vocatio·

498 4159 620 4194 nem
666 4143 865 4195 habent
899 4144 1110 4193 nullam.
1176 4142 1563 4209 -Antistiusque

503 4219 680 4270 Labeo
696 4219 1008 4284 =(lollianum
1046 4220 1294 4269 viatorem
1336 4219 1566 4270 tribuno-

503 4304 619 4351 rum
655 4296 817 4367 Jussit
860 4296 1037 4347 dicere
1073 4295 1299 4349 tribunis
1346 4297 1570 4348 vocandi·

1634 1453 1901 1504 absentem
1917 1454 2009 1518 jus
2032 1468 2136 1504 non
2156 1454 2383 1508 babere!
2581 1473 2588 1474 ’

1700 1529 1854 1579 Unde
1879 1531 1967 1595 qui
1999 1545 2065 1579 ex
2088 1531 2205 1595 ipsa
2226 1532 2357 1581 urbe
2378 1546 2574 1583 vocare
2607 1547 2720 1584 non

1635 1614 1867 1671 possent,
1910 1622 2012 1657 non
2052 1609 2161 1658 sine
2206 1610 2410 1660 ratione
2455 1611 2720 1674 prohibiti

1636 1692 1757 1734 sunt
1778 1685 1971 1735 tribuni
1996 1701 2289 1751 quenquam
2324 1703 2393 1737 ex
2430 1688 2613 1757 Italia,
2631 1705 2721 1741 vo·-

1638 1776 1777 1825 care,
1799 1777 1915 1812 cum
1940 1778 2042 1827 quo
2064 1764 2183 1827 lege
2202 1764 2288 1829 agi
2313 1772 2514 1828 posset.
2588 1799 2598 1810 =
2691 1776 2700 1795 “

1633 1873 1655 1892 -.
1699 1840 1965 1905 Siquidem
2011 1840 2222 1891 fuerunt
2265 1842 2615 1905 praefectura
2662 1845 2720 1895 in

1637 1915 1813 1979 Italia,
1850 1918 1941 1965 ‘in
1986 1917 2173 1982 quibus
2199 1918 2288 1982 jus
2328 1919 2626 1982 dicebatur,
2664 1927 2724 1971 et

1638 1993 1880 2053 nundinae
1904 1993 2215 2059 agebantur,
2236 2002 2294 2045 et
2332 2003 2447 2048 erat
2471 1998 2722 2063 quiedam

1638 2083 1818 2119 earum
1843 2069 2170 2133 respublica:
2205 2084 2376 2137 neque
2411 2079 2590 2122 tamen
2612 2088 2724 2123 ina-²

1640 2145 1883 2208 gistratus
1900 2161 2019 2196 suos
2042 2147 2337 2199 habebant:
2364 2150 2414 2197 in
2438 2166 2567 2215 quas
2591 2152 2738 2217 legi„

1640 2221 1735 2271 bus
1771 2221 2008 2286 praefecti
2046 2224 2399 2277 mittebantur·
2420 2227 2729 2292 quotannis,

1639 2300 1729 2364 qui
1740 2301 1829 2364 jus
1850 2302 2105 2353 dicerent.
2172 2304 2404 2356 Quarum
2430 2306 2538 2356 duo
2564 2320 2729 2371 gene-

1641 2392 1701 2425 ra
1736 2375 1917 2428 fuere:
1953 2380 2173 2430 alterum
2217 2381 2273 2430 in
2311 2366 2441 2448 quas
2476 2384 2731 2433 solebant

1640 2452 1715 2511 ire
1740 2452 1976 2516 praefecti
1991 2462 2222 2521 quatuor
2242 2457 2481 2509 Sevirum
2508 2470 2609 2525 pro
2624 2476 2731 2526 φο-

1641 2529 1752 2593 puli
1785 2528 2029 2594 suffragio
2052 2534 2239 2595 creati,
2273 2535 2479 2586 scilicet
2513 2538 2565 2587 in
2593 2540 2731 2589 ·haec

1639 2606 1863 2669 oppida;
1903 2607 2157 2672 Capuam,
2174 2611 2386 2676 Cumas,
2407 2614 2727 2679 Casilinum,

1636 2683 1966 2748 Vulturnum,
1978 2685 2266 2752 Liternum,
2275 2689 2548 2752 Puteolos,
2559 2691 2738 2743 Acer·

1639 2775 1743 2822 ras,
1786 2761 2097 2825 Suessulam,
2142 2764 2395 2829 Atellam,
2439 2767 2731 2822 Calatiam.

1640 2836 1898 2904 Alterum,
1942 2841 1996 2889 in
2040 2843 2424 2906 quas-Praetor
2471 2845 2730 2899 Urbaeuus

1641 2916 1918 2979 quotannis
1952 2917 2264 2983 imperabat,
2298 2922 2386 2984 qui
2414 2923 2735 2986 judicarent

1548 3022 1558 3040 .
1640 3005 1708 3041 ex
1724 2991 1940 3056 legibus,
1953 3001 2012 3042 ut
2027 2995 2254 3057 Fundos,
2270 2998 2530 3058 Formias,
2548 3000 2736 3065 Caere,

1637 3066 1941 3132 Venafrum,
1958 3069 2169 3133 Allifas,
2189 3074 2525 3135 Privernum,
2549 3075 2737 3144 Anag-

1640 3145 1798 3208 niam,
1823 3146 2147 3208 Frusionem,
2173 3151 2378 3213 Reate,
2398 3152 2734 3218 Saturniam,

1641 3223 1903 3286 Nursiam,
1935 3224 2211 3291 Arpinum,
2248 3229 2740 3298 aliaquekcomplu-

1643 3298 1736 3361 ra,'
1758 3299 1932 3364 inquit
1949 3303 2157 3353 Festus.
2613 3349 2622 3357 .
2753 3352 2756 3357 ,

1709 3376 1885 3429 Quare
1939 3393 2055 3428 cum
2101 3379 2154 3428 in
2196 3380 2560 3449 praefecturis,
2595 3389 2738 3440 ,sine

1547 3488 1550 3503 2
1644 3456 1750 3504 ulla
1780 3453 1881 3505 fori
1923 3459 2343 3526 praescriptione,
2365 3463 2446 3512 rei
2486 3479 2557 3514 ex
2598 3468 2738 3532 legi-

1645 3531 1742 3581 bus
1774 3533 1857 3595 agi
1878 3542 2112 3598 possent,
2133 3537 2372 3602 iniquum
2395 3538 2589 3593 fuisset
2612 3545 2739 3595 illos

1647 3607 1710 3656 ad
1725 3608 1816 3671 jus
1839 3609 1892 3658 in
1914 3610 2096 3660 urbem
2120 3613 2255 3676 rapi.
2332 3616 2643 3681 Vertrauius.

1669 3712 1675 3735 :
1708 3684 1809 3734 Aut
1841 3701 2005 3736 vocure
2038 3703 2099 3737 ex
2123 3691 2273 3739 Italia
2293 3707 2414 3743 eum:
2434 3696 2610 3758 quibus
2629 3700 2743 3763 lege

1645 3762 1729 3822 ogi
1764 3764 1942 3828 posset]
1977 3810 1982 3813 .
2017 3768 2346 3820 Potestatem
2398 3771 2743 3831 externebant

1647 3843 1845 3891 tribuni
1865 3852 2067 3896 tantum
2091 3848 2232 3897 intra
2255 3852 2457 3916 urbem,
2476 3861 2531 3904 et
2556 3864 2745 3923 extra,

1547 3936 1562 3962 s
1645 3916 1779 3978 forte
1813 3921 1879 3969 ad
1912 3923 2108 3987 aliquot
2148 3934 2367 3989 passus:
2404 3936 2464 3980 et
2500 3932 2581 3982 sie
2625 3950 2743 3987 non

1646 3994 1796 4044 licuit
1817 3997 1939 4059 ipsis
1966 4014 2156 4050 vocare
2188 4003 2424 4055 homines
2457 4023 2523 4057 ex
2557 4013 2746 4080 Italia,

1647 4076 1703 4118 et
1723 4074 1990 4136 praecipue
2013 4075 2148 4141 illos,
2168 4093 2287 4139 cum
2305 4083 2506 4145 quibus
2522 4086 2749 4142 ordina-

1644 4145 1720 4194 rio
1734 4147 1857 4210 jure
1882 4150 1967 4212 agi
1991 4159 2169 4214 posset
2205 4154 2260 4203 in
2300 4157 2416 4220 ipsa
2452 4164 2749 4223 provincia

1645 4237 1737 4272 seu
1763 4227 2061 4292 municipio,
2103 4228 2202 4282 aut'
2232 4233 2290 4282 in
2313 4234 2430 4299 ips'u
2453 4239 2646 4292 Urbe‘:
2685 4253 2750 4296 et

1641 4298 1890 4352 adversus
1909 4317 2037 4369 quos
2048 4307 2382 4362 nullavisex
2406 4319 2748 4373 necessitate
