3063 4952
366 398 523 469 Luc.
544 414 659 482 aa]
700 456 707 465 .

1091 406 1514 461 ANNALIUM
1567 408 1718 458 Lm.
1766 406 1934 460 xw.

2422 388 2600 462 1733

380 575 511 642 que
554 555 847 640 speciem
891 554 961 620 in
1009 554 1357 621 aestuarion
1411 554 1749 622 Tamesae³
1765 565 1792 592 ⁰
1850 557 2190 624 subversae
2246 558 2594 642 coloniae31‘

375 739 526 792 eversi
544 739 705 804 oppidi
724 737 779 788 in
792 737 1030 788 saectuario
1059 738 1266 788 Tamesoe
1281 755 1303 799 ‚-
1335 744 1391 789 et
1409 739 1519 800 jam
1540 755 1669 817 mare
1689 742 1947 805 anguinea
1969 743 2120 793 colore
2127 758 2148 804 ,⁶
2178 742 2452 795 abscedente
2472 749 2593 811 cestu

1335 886 1420 906 OOC
1426 887 1661 908 00000000

376 984 518 1034 Flor.
543 987 805 1050 Coi-rupte
828 986 881 1036 in
905 987 1034 1036 Mss.
1075 986 1229 1038 Harl.
1267 988 1417 1038 Bodl.
1456 991 1567 1041 Jes.
1606 991 1735 1054 Reg.
1774 997 1830 1039 et
1866 989 2175 1041 editionibus
2211 990 2499 1054 veteribus,
2537 992 2590 1041 in

377 1051 601 1105 αππιαν-ἕο
643 1057 804 1102 notam
840 1067 935 1102 esse
977 1052 1209 1104 subversa
1248 1055 1457 1118 colonia»,
1494 1056 1575 1105 vel
1615 1056 1669 1104 in
1707 1061 2012 1106 estumootam
2050 1072 2124 1106 ese
2166 1057 2249 1106 aab
2273 1072 2358 1107 ver
2376 1058 2588 1109 colonio.

1372 1187 1585 1240 NOTAE

440 1289 465 1315 ¹¹
537 1283 790 1347 Vtcumque
841 1285 1041 1348 speciem
1092 1286 1145 1334 in
1197 1287 1443 1352 oestuario]

376 1359 545 1411 Quam
587 1362 849 1423 speciem?
906 1362 1102 1427 aliquid
1147 1363 1313 1426 deest,
1351 1372 1442 1413 aut

375 1437 537 1485 latet:
591 1438 642 1485 in
687 1438 858 1487 Dione
897 1439 993 1487 hoc
1029 1440 1229 1500 editum
1265 1441 1442 1490 statim

375 1516 600 1579 postilla
625 1516 794 1565 dicta:
819 1517 835 1544 ‘
857 1519 1055 1567 Domus
1075 1520 1232 1568 etiam
1253 1519 1439 1584 aliquae

374 1594 428 1642 in
471 1592 682 1642 Tamesi
727 1595 821 1642 sub
877 1596 1020 1659 aquis
1075 1604 1225 1646 erant
1282 1595 1440 1645 visae.’

372 1669 514 1734 Ergo
556 1669 794 1730 legebam
832 1670 883 1718 in
921 1671 1132 1720 Tacito:
1195 1673 1441 1737 Visamque

370 1748 546 1795 <edium
566 1748 779 1808 speciem.
846 1748 948 1797 Sed
974 1750 1233 1798 enimvero
1260 1750 1442 1801 Piche·

371 1839 441 1873 na
476 1825 528 1874 in
554 1825 853 1874 Florentino
887 1842 1001 1876 esse
1032 1828 1243 1877 asserit:
1279 1829 1331 1877 in
1353 1843 1438 1877 ωε·

369 1902 529 1950 ὴιαήο
554 1902 761 1950 Tamesoe
781 1901 1014 1951 subversoe
1035 1905 1242 1953 colonioe.

397 1982 401 1986 ’
436 1979 626 2043 Itaque
649 1980 771 2028 nihil
794 1981 985 2041 verius,
1006 1996 1156 2045 quam
1175 1981 1309 2045 quod
1331 1995 1439 2030 sen·

370 2056 455 2117 tit,
502 2056 709 2105 Tamesae
749 2057 1094 2108 scribendum.
1178 2058 1435 2108 Nimirum

369 2132 569 2196 species
591 2133 848 2184 subversae
873 2135 1108 2197 coloniae,
1133 2150 1248 2200 quae
1275 2151 1435 2200 appa·

369 2218 565 2271 ruerat,
603 2211 802 2272 signum
843 2219 960 2261 erat
999 2213 1328 2263 evertendae:
1379 2222 1435 2262 et

367 2287 448 2335 hae
470 2282 591 2335 sunt
627 2287 738 2337 istae
783 2288 965 2337 Dionis
1005 2288 1163 2349 πάθε,
1195 2288 1286 2338 sed
1311 2288 1430 2338 sub-

371 2378 551 2423 versoe,
575 2364 781 2426 dirutae,
802 2364 1044 2415 iucensae.
1110 2366 1322 2429 Lipsius.

429 2439 667 2505 Speciem]
703 2441 925 2492 Vertunt
951 2443 1180 2493 umbram:
1237 2452 1432 2508 posset-

368 2533 470 2584 que
492 2518 718 2568 dubitari
757 2535 876 2569 num
914 2528 1055 2570 esset
1095 2521 1262 2585 imago
1298 2525 1433 2574 colo·

366 2598 493 2648 niae:
543 2606 602 2647 ut
626 2599 828 2661 species
863 2600 950 2648 illa
983 2598 1216 2649 Africam
1258 2602 1433 2652 adum·

365 2676 542 2738 brans,
593 2692 708 2741 quae
765 2677 1005 2743 apparuit
1055 2677 1237 2726 Curtio
1293 2679 1432 2729 Rufo

366 2754 508 2817 apud
545 2752 907 2815 Adi-nmmum,
944 2760 1035 2803 aut
1072 2756 1214 2804 velut
1236 2757 1434 2819 species

363 2830 451 2880 illa
485 2831 707 2880 humana
743 2833 929 2895 major,
950 2846 1068 2896 quae
1107 2832 1217 2882 visa
1240 2835 1435 2900 Druso,

366 2908 513 2972 quasi
563 2907 855 2956 Germaniae
901 2914 1039 2956 esset
1083 2909 1292 2970 phasma
1341 2925 1432 2959 seu

364 2986 555 3049 imago,
601 3001 717 3051 quae
769 2984 1033 3049 prohibuit
1088 2986 1302 3036 ulterius
1355 2988 1432 3039 ire

365 3066 628 3126 Drusum3
664 3071 721 3113 et
758 3065 804 3112 ei
827 3064 979 3112 finem
1013 3063 1136 3112 vitae
1178 3065 1430 3115 victoriae-

364 3154 464 3204 que
505 3139 899 3190 demonstravit.
976 3139 1077 3189 Sed
1115 3155 1231 3189 cum
1268 3142 1429 3192 hocce

364 3216 577 3280 phasma
621 3217 689 3266 sit
729 3216 960 3266 subversa?
993 3217 1184 3266 colonioe
1224 3217 1429 3268 simula·

363 3306 529 3353 crum,
552 3291 690 3341 forte
720 3293 863 3341 aliud·
881 3294 1230 3358 cogitandum.

426 3376 449 3401 ⁰
472 3369 700 3431 Tamesoe]
734 3369 986 3431 TamesiS,
1008 3368 1197 3419 fluvius
1221 3371 1430 3421 Britan·

360 3446 463 3496 niae
508 3446 688 3509 primae
733 3452 789 3495 et
843 3447 1037 3496 ‘Flaviae
1099 3447 1429 3499 Coesariensis

360 3522 765 3586 provinciarum,
806 3521 1045 3571 Albionis
1097 3523 1280 3572 insuloe
1335 3538 1427 3573 seu

359 3598 649 3648 Britanniae
672 3599 920 3663 Majoris;
943 3600 996 3649 in
1016 3600 1281 3649 Oceanum
1302 3601 1426 3651 Gal·

358 3675 513 3723 licum
547 3675 771 3724 labitur:
808 3675 958 3723 hodie
986 3676 1183 3725 Thames
1221 3676 1424 3741 Anglis,

360 3758 416 3803 et
453 3752 637 3800 Tamis-e
682 3751 910 3811 Francis,
949 3752 1001 3800 in
1038 3767 1198 3817 regno
1224 3753 1425 3818 Angliae

356 3840 539 3878 versus
559 3828 846 3877 meridiem.
918 3829 1237 3879 Tillemonius.

422 3910 448 3944 Ρ
483 3905 662 3954 Natam
685 3920 782 3955 esse
798 3905 1033 3955 subcersoe
1053 3907 1268 3972 colonioe]
1301 3908 1426 3957 Cor·

361 3982 493 4044 rexi,
524 3982 771 4046 Visumque
786 3985 988 4047 speciem
1018 3984 1071 4032 in
1091 3986 1312 4035 ‹estuat-io
1335 3987 1427 4035 Τα-

358 4072 498 4107 αιοεω
533 4059 767 4109 subt-ersa»
802 4060 1017 4110 coloniae.
1100 4062 1290 4111 Facem
1331 4062 1426 4112 mi·

357 4135 421 4187 hix
465 4135 533 4184 ad
582 4137 958 4186 correctionem
1009 4137 1140 4186 hanc
1188 4138 1426 4201 praetulit

357 4210 498 4262 Flor.
522 4212 609 4276 qui
630 4212 810 4273 habet,
827 4213 879 4262 in
899 4214 1121 4262 «θάνω-ἑο
1144 4216 1368 4265 Tamesae.

423 4288 594 4339 Notus
616 4288 757 4339 enim
776 4289 1014 4341 Tamesis
1050 4288 1255 4356 fluvius,
1284 4290 1424 4358 apud

1958 1252 1968 1274 Ι

1520 1289 1803 1338 Britannos
1858 1287 2011 1338 hodie
2067 1302 2273 1354 quoque
2325 1287 2585 1352 inclytus:

1521 1372 1679 1429 atque
1703 1366 1769 1414 ab
1807 1366 1920 1429 ejus
1942 1380 2032 1414 ore
2066 1366 2175 1414 sive
2201 1364 2462 1427 aestuario,
2483 1378 2586 1414 non

1521 1424 1676 1505 longe
1695 1443 1874 1492 aberat
1896 1442 2099 1493 colonia
2116 1442 2540 1492 Camulodunum.

1588 1520 1753 1569 Recte
1793 1534 1921 1583 ergo
1954 1520 2048 1581 ait,
2090 1521 2251 1569 visam
2287 1518 2444 1569 fuisse
2472 1534 2589 1582 spe·

1522 1595 1653 1644 ciem
1678 1596 1942 1646 subversae
1983 1597 2221 1658 coloniae,
2243 1595 2389 1662 quasi
2412 1595 2586 1660 prodi-

1522 1675 1660 1736 gium
1686 1673 2071 1725 subvertendae.
2138 1673 2365 1722 Pichena.

1585 1749 1834 1799 Subversae
1871 1749 2089 1812 coloniae]
2144 1749 2365 1800 Vei-tunt
2397 1748 2588 1799 subver-

1517 1842 1680 1878 sarum
1716 1829 1971 1876 domn-um.
2026 1827 2205 1877 Nimia
2234 1827 2588 1891 simplicitate,

1518 1912 1577 1954 ut
1598 1914 1754 1968 put03
1789 1906 1909 1954 'nam
1934 1906 2045 1970 quis
2069 1910 2127 1954 ut
2150 1910 2412 1954 ostentum
2434 1904 2589 1952 mire·

1519 1989 1625 2043 tur,
1652 1981 1926 2031 subversas
1967 1981 2134 2031 videri
2172 1981 2365 2039 domos,
2390 1994 2505 2029 cum
2531 1980 2586 2029 in

1517 2073 1699 2123 aquam
1739 2059 2086 2122 inspiciuntur
2110 2058 2250 2107 aedes
2288 2056 2429 2106 litori
2461 2056 2584 2105 inae·

1515 2133 1775 2185 dificatae?
1825 2136 1915 2185 sed
1954 2136 2141 2184 mirum
2181 2133 2285 2184 fuit
2323 2133 2487 2182 videri
2531 2133 2585 2185 in

1515 2212 1662 2276 aquis
1683 2213 1911 2276 speciem
1932 2228 2024 2262 seu
2057 2212 2330 2277 imaginem
2354 2211 2586 2261 civitatis

1510 2287 1620 2336 solo
1645 2296 1881 2352 aequatae.
2487 2320 2496 2325 -

1582 2364 1740 2415 Certe
1772 2366 1877 2415 Dio
1911 2365 2075 2415 habet
2111 2361 2250 2414 οἰκίαι
2283 2364 2343 2414 τέ
2369 2382 2493 2414 τινες
2531 2365 2584 2413 ἐν

1511 2444 1582 2505 τῷ
1616 2441 1808 2509 Ταμέσᾳ
1856 2445 2053 2505 ποταμῷ
2108 2441 2294 2508 ἔφυδροι
2343 2443 2550 2507 ἑωρῶντο
2566 2458 2584 2494 z

1517 2522 1747 2578 Quoedam
1800 2523 1960 2571 domus
2003 2521 2286 2570 videbantur
2331 2521 2383 2570 in
2421 2520 2582 2585 stutnb

1518 2600 1713 2648 Tamesa
1751 2600 1836 2649 sub
1872 2600 2041 2663 oquin
2075 2598 2218 2664 quasi
2239 2598 2459 2660 diceret,
2476 2596 2584 2646 sub-

1511 2692 1679 2725 mersoe
1717 2677 1869 2741 aquia.
1940 2679 2060 2727 Non
2109 2675 2242 2725 dicit
2285 2675 2583 2724 subversas.

1515 2754 1586 2802 Et
1608 2751 1747 2803 forte
1772 2753 1825 2802 id
1851 2753 2013 2802 visum
2054 2752 2237 2817 procul
2259 2750 2325 2801 ab
2348 2749 2582 2801 aedificiis

1511 2830 1692 2879 littore
1716 2828 2151 2892 superstantibus.
2652 2882 2664 2887 ,

1577 2905 1812 2970 Speciem]
1864 2906 2108 2971 Explicat
2150 2904 2286 2955 Clar.
2324 2904 2586 2966 Harlaeus,

1513 2984 1660 3047 quasi
1731 2984 1896 3033 visum
1950 2982 2209 3047 quoddam
2259 2982 2474 3047 phasma
2529 2975 2582 3028 in

1511 3060 1755 3109 aestuario
1772 3065 1927 3122 esset,
1939 3058 2075 3124 quod
2095 3058 2297 3108 cladem
2315 3057 2581 3110 imminen-

1511 3142 1618 3185 tem
1640 3137 1858 3186 coloniae
1882 3135 2208 3199 praesagiret.

1576 3214 1824 3263 Subversae
1858 3213 2075 3276 colonica]
2111 3214 2266 3262 Forte
2302 3210 2583 3266 submersa.-

1512 3297 1742 3353 vertunt,
1764 3289 2090 3339 subversarum
2120 3288 2451 3350 domorum‚·in
2476 3302 2579 3352 quo

1508 3365 1645 3415 forte
1681 3367 1806 3417 nihil
1843 3367 2048 3427 mirum,
2087 3380 2203 3416 cum
2245 3365 2321 3414 sic
2354 3365 2405 3414 in
2429 3363 2582 3429 aquis

1509 3443 1897 3506 perspiciantur
1919 3441 2059 3491 aedes
2082 3440 2146 3490 ad
2173 3441 2321 3492 littus
2346 3441 2488 3504 sitae3
2523 3448 2580 3493 et

1511 3525 1657 3583 puto,
1682 3518 1917 3582 praecise,
1942 3517 2079 3567 aliud
2103 3524 2187 3567 est
2206 3518 2439 3569 subversoe
2459 3520 2578 3568 colo·

1507 3594 1622 3656 nite,
1644 3594 1783 3644 aliud
1806 3595 2037 3645 subversae
2052 3596 2233 3646 donnus.

1574 3672 1679 3721 Hic
1702 3672 1870 3737 imago
1895 3670 1997 3722 fuit
2033 3671 2247 3721 coloniae
2290 3670 2498 3722 afflictae
2524 3678 2579 3723 et

1508 3751 1717 3817 penitus
1752 3752 1984 3800 subrutae
2009 3764 2070 3799 ac
2106 3752 2214 3799 solo
2252 3751 2576 3816 adaequatae:

1434 3834 1444 3842 ‘
1508 3829 1647 3894 quod
1670 3829 1820 3891 longe
1844 3827 2020 3878 differt
2061 3828 2125 3877 ab
2150 3828 2369 3891 imagine
2390 3827 2577 3877 subuer-

1505 3921 1666 3956 sarum
1686 3909 1943 3969 domorum,
1974 3920 2094 3971 quae
2114 3905 2422 3954 intuentium
2456 3918 2576 3954 ocu-

1506 3985 1586 4034 los
1609 3984 1662 4033 in
1684 3986 1829 4047 aquis
1853 3983 2076 4033 deludit.

1575 4062 1691 4110 Nec
1718 4059 2050 4111 tribuendum
2087 4058 2237 4107 nimis
2271 4055 2575 4107 auctoritati

1507 4138 1716 4200 Dionis,
1744 4138 1832 4201 qui
1867 4151 2008 4200 saepe
2044 4150 2129 4184 sus
2161 4135 2327 4198 deque
2359 4132 2578 4185 invertit

1503 4216 1760 4277 Tacitum,
1784 4214 1933 4278 cujus
1964 4227 2069 4262 uon
2092 4210 2215 4259 satis
2243 4224 2447 4259 sensum
2488 4224 2573 4257 ca-

1505 4292 1603 4357 pit,
1667 4290 1931 4357 Quicquid
1968 4290 2055 4358 sit,
2091 4283 2339 4346 habemus
2363 4300 2428 4336 ex
2466 4285 2570 4352 Ta·
