3063 4952
489 3014 494 3018 ’
561 3020 659 3065 est.
725 3015 1143 3067 Godeschalchus

568 365 744 485 1966

1268 437 1327 485 c.
1375 420 1743 484 connum
1791 400 2046 484 ‘mm-ri

2447 442 2553 508 [Α.-
2566 441 2635 499 U.
2654 435 2772 496 sir.

568 579 803 646 Medio
821 589 849 633 P
874 579 1167 646 tribunal
1193 577 1430 646 sedem·
1450 580 1768 660 curulem,
1801 587 1867 646 et
1893 580 2087 646 sedes
2109 580 2390 665 effigiem
2408 581 2738 664 Neronis}
2753 594 2777 633 ⁹

563 762 726 826 medio‘
738 736 994 825 structum
1015 773 1246 841 tribunat,
1275 787 1365 838 quo
1380 773 1539 838 positu
1560 778 1664 824 erat
1685 775 1799 823 sella
1832 775 2028 839 curulis,
2061 780 2111 824 et
2131 774 2185 824 in
2206 788 2271 825 ea
2290 776 2407 826 sellu
2431 777 2599 827 curuli
2613 777 2778 841 -ἰπισςο

1567 964 1787 1017 ΝΟΤΕ

579 1088 698 1147 ide'o
718 1093 793 1146 sic
814 1094 1063 1160 disposita
1084 1100 1140 1146 et
1172 1100 1347 1146 erecta
1368 1104 1638 1161 comparat

578 1184 697 1225 cum
731 1173 886 1223 Deam
916 1174 1104 1236 templo.
1171 1174 1258 1222 Ita
1288 1175 1422 1223 enim
1452 1175 1637 1225 distin-

566 1249 828 1315 guendum
841 1248 1048 1301 videtur
1069 1267 1082 1299 ε
1118 1251 1237 1315 quia
1254 1251 1542 1316 simulacra,
1556 1259 1633 1303 ot-

555 1330 607 1379 ti
629 1329 864 1378 Deorum
898 1326 971 1377 ibi
1002 1325 1241 1387 fortasse,
1274 1328 1523 1393 pleraque
1559 1334 1634 1377 ta-

563 1419 686 1455 men
719 1403 1010 1468 principum
1045 1408 1216 1468 erant,
1244 1410 1302 1454 et
1334 1404 1421 1469 qui
1458 1418 1631 1454 rerum

564 1489 694 1534 tunc
715 1480 1069 1546 potiebantur.
1439 1502 1442 1505 ·

621 1561 752 1612 -Nisi
790 1561 906 1626 quis
947 1565 1147 1624 censet,
1185 1560 1251 1610 ad
1288 1565 1543 1625 ornatum,
1575 1561 1629 1611 in

567 1638 772 1689 solenni
810 1639 900 1687 illa
935 1637 1077 1688 velut
1105 1650 1314 1703 pompa,
1346 1636 1502 1687 etiam
1526 1644 1630 1687 sta-

566 1722 685 1764 tuas
695 1714 935 1764 Deorum
960 1713 1214 1765 adhibitas
1237 1720 1292 1763 et
1314 1713 1591 1777 dispositas
1612 1732 1626 1764 ε

565 1789 705 1854 quod
725 1789 777 1838 in
796 1790 1012 1839 aliorum
1030 1789 1242 1840 arbitrio
1260 1796 1315 1840 et
1332 1790 1631 1855 opinatione

564 1868 821 1931 relinquo.
891 1867 1103 1931 Lipsius.

630 1946 700 1994 Et
715 1943 979 1994 simulacris
998 1945 1158 1993 Deum
1173 1943 1226 1993 in
1241 1944 1425 1993 modum
1442 1943 1630 2008 templi]

561 2022 726 2073 Nulla
746 2022 830 2071 hie
862 2036 929 2070 ex
964 2022 1105 2072 Flor.
1134 2020 1243 2084 lux,
1275 2021 1375 2069 nisi
1414 2022 1555 2086 quod
1578 2022 1629 2071 iu

563 2113 631 2148 eo
653 2098 861 2162 legitur,
881 2103 929 2148 et
948 2098 1214 2149 malueris
1232 2093 1330 2152 ἀηῖ.
1398 2098 1478 2149 Ac
1501 2098 1545 2149 si
1568 2114 1630 2153 ea

562 2189 673 2225 vox
714 2174 869 2224 aliter
916 2174 1258 2237 interpretari
1303 2190 1408 2227 non
1465 2174 1631 2238 possit

564 2264 717 2315 quiam
753 2250 928 2313 Deum,
960 2248 1186 2301 fortasse
1221 2251 1498 2305 absurdum
1537 2252 1628 2301 mi-

564 2327 702 2376 nime
747 2325 1029 2391 videbitur,
1088 2342 1208 2378 cum
1261 2330 1494 2380 solennis
1538 2329 1628 2379 illa

562 2404 856 2462 caerimonia
872 2404 1125 2457 incastris
1139 2406 1460 2457 celebranda.
1471 2412 1629 2471 esset,

561 2483 735 2547 aliqua
770 2483 930 2532 etiam
964 2483 1242 2534 simulacra
1275 2484 1502 2534 Deorum
1534 2484 1630 2534 cir·

562 2558 852 2622 cumposita
887 2557 1069 2624 fuisse,
1107 2560 1174 2610 ad
1207 2561 1455 2624 majorem
1479 2573 1630 2611 orna—

547 2623 670 2683 ¹tum
692 2649 752 2683 ac
775 2634 1183 2698 venerationem,
1206 2650 1310 2685 non
1331 2636 1551 2701 quidem.
1570 2638 1623 2687 in

558 2711 736 2774 signis,
748 2711 841 2761 sed
854 2712 1049 2763 circum
1062 2712 1287 2763 tribunal
1301 2713 1629 2777 imperatoris

558 2787 616 2836 in
636 2786 841 2840 modum
866 2781 1067 2852 templi.
1105 2843 1108 2844 ⁷
1400 2839 1408 2850 ,

625 2861 762 2914 Nam
797 2870 856 2911 ut
889 2877 993 2913 arae
1029 2863 1080 2913 in
1119 2864 1323 2928 castris,
1356 2865 1433 2914 ita
1467 2865 1626 2916 etiam

558 2940 791 2991 Deorum
827 2941 1077 3006 imagines
1110 2941 1272 2994 fuisse
1306 2942 1624 2998 credendum

1212 3019 1277 3068 ad
1343 3020 1623 3083 vegetium

537 3104 629 3147 -11,
664 3095 713 3142 6.
754 3091 866 3144 haec
907 3093 1116 3143 Deorum
1149 3096 1430 3146 simulachra
1468 3099 1625 3147 inter-

561 3175 820 3233 pretatur,
878 3178 1200 3221 mortuorum
1255 3173 1624 3237 imperatorum

555 3245 825 3311 imagines,
862 3247 951 3311 qui
982 3248 1096 3298 scil.
1129 3250 1265 3300 inter
1293 3251 1436 3301 Deos
1471 3242 1624 3302 relati

557 3330 749 3378 essent.
817 3324 1048 3379 Pieliena.

556 3447 560 3452 .
619 3400 902 3451 Βὶπιωαστίε
915 3400 1095 3466 Deum]
1117 3401 1197 3453 lbi
1215 3404 1468 3454 collocata
1483 3405 1621 3455 Deo-

554 3481 670 3526 rum
709 3478 1001 3541 simuiacra,
1037 3481 1159 3544 quia
1191 3480 1262 3530 ibi
1299 3480 1465 3530 foedus
1500 3481 1620 3530 iniri

554 3551 757 3616 debuit,
794 3562 848 3603 et
871 3555 1012 3619 ipsos
1038 3557 1182 3606 Deos
1205 3562 1367 3605 testes
1388 3555 1510 3605 fidei
1533 3570 1618 3606 vo·

554 3628 771 3686 cabant:
820 3630 918 3680 boc
957 3630 1215 3686 vinculum
1252 3631 1485 3695 foederis,
1518 3633 1616 3682 boc

552 3712 941 3757 sacramentum.
986 3707 1055 3761 Et
1074 3708 1379 3762 sacrificium
1392 3708 1464 3776 ibi
1485 3722 1619 3772 prae·

552 3780 739 3830 cedere
759 3780 923 3830 foedus
947 3783 1149 3846 debuit,
1174 3787 1255 3840 vei
1277 3784 1537 3850 subsequi.

615 3856 897 3920 Simulat-ris
911 3859 1090 3923 Deam]
1118 3862 1283 3914 Erant
1314 3862 1453 3925 apud
1479 3862 1615 3926 prin·

551 3933 703 4002 cipia·
729 3936 981 3999 imagines
1017 3937 1269 3987 Divorum
1307 3952 1399 3988 seu
1435 3951 1616 3992 conse-

548 4015 804 4067 cratorum
830 4012 1140 4075 principum,
1173 4019 1230 4061 et
1262 4014 1383 4077 quia
1411 4013 1486 4068 ibi.
1511 4014 1615 4063 Aa·

543 4089 716 4148 furate
738 4096 790 4136 et
814 4104 918 4151 nra,
954 4089 1087 4139 haud
1112 4091 1268 4141 dubie
1291 4100 1438 4141 erant
1458 4093 1616 4146 etiam

549 4160 623 4220 ibi
645 4162 897 4227 imagines
920 4168 1172 4228 Deorum,
1204 4183 1319 4232 quae
1354 4182 1453 4217 nou
1477 4168 1615 4220 forte

548 4235 716 4301 tigna,
732 4246 822 4289 aut
836 4241 994 4304 signis
1008 4242 1238 4308 depicta,
1249 4253 1340 4294 aut
1355 4259 1450 4310 pro
1459 4244 1616 4308 signis

535 4310 857 4372 *militaribus
879 4324 1077 4385 essent,
1110 4320 1205 4376 sed
1226 4320 1368 4372 inter
1388 4319 1538 4387 signa
1558 4326 1619 4376 et

1718 1099 1915 1164 aquilas
1938 1104 2117 1160 erant3
2152 1097 2207 1148 id
2223 1104 2326 1162 est,
2347 1098 2534 1149 eodem
2554 1100 2677 1149 loco*
2694 1114 2779 1166 po·

1716 1177 1861 1227 sitae:
1896 1185 1952 1227 et
1973 1184 2125 1227 erant
2154 1191 2257 1226 non
2291 1177 2449 1239 pictae
2483 1176 2578 1226 sed
2601 1177 2779 1227 solidae

1715 1253 1964 1317 imagines
1998 1268 2180 1303 aureoe
2230 1253 2443 1316 spiculis
2496 1253 2675 1304 infixae
2729 1261 2784 1305 et

1712 1331 1902 1379 sacello
1918 1329 2128 1379 sublimi
2151 1328 2425 1392 impositae,
2448 1335 2508 1379 nt
2526 1327 2644 1379 fere
2664 1330 2785 1381 sunt

1715 1408 1903 1456 bacula
1923 1421 2015 1455 seu
2053 1405 2203 1469 signa
2230 1412 2529 1455 nostrarum
2564 1408 2784 1458 societa-

1713 1490 1842 1545 tum,
1883 1498 2010 1546 quas
2045 1470 2461 1542 confraternitates
2498 1484 2659 1546 vulgo
2690 1500 2783 1545 yp-

1700 1568 1836 1611 ,cant
1851 1556 1874 1613 ε’
1899 1560 2119 1624 ideoque
2142 1565 2293 1608 erant
2311 1558 2365 1607 in
2388 1560 2576 1608 castris
2599 1561 2780 1624 Imagi-

1709 1637 1873 1696 afferi.

1779 1711 2042 1762 Astabant
2070 1711 2228 1761 etiam
2259 1711 2508 1774 imagines
2531 1712 2786 1778 principis

1712 1787 2034 1852 imperantis,
2055 1793 2202 1851 puto,
2238 1787 2458 1838 totidem
2483 1796 2612 1852 quot
2635 1795 2788 1840 erant

1710 1865 1968 1928 legionen
2024 1863 2331 1929 quandoque
2380 1864 2445 1914 et'
2484 1864 2647 1927 ipsius
2693 1866 2789 1915 mi·

1711 1942 2003 2008 nistri,·qui
2037 1941 2090 1989 in
2123 1938 2366 2004 flagranti
2406 1940 2580 2003 gratia
2622 1940 2791 1992 domi.

1710 2018 1902 2080 nantiS,
1920 2024 1980 2067 ut
2001 2017 2120 2066 olim
2143 2018 2340 2080 Sejaui,
2359 2017 2454 2066 sub
2476 2017 2719 2070 Tiberio.

1772 2094 1960 2159 Itaque
1983 2094 2035 2142 in
2054 2093 2262 2155 castris,
2285 2099 2341 2144 et
2358 2092 2500 2157 apud
2522 2094 2788 2160 principia

1708 2172 1970 2234 legionum
1984 2170 2226 2239 astabant
2243 2170 2491 2234 imagines
2506 2170 2787 2234 Divomm,

1709 2251 2021 2314 principum,
2065 2257 2122 2300 et
2160 2251 2318 2301 etiam
2358 2256 2482 2299 actu
2524 2249 2785 2313 imperan-

1710 2328 1858 2388 tium,
1871 2328 2016 2390 signa
2031 2334 2086 2376 et
2098 2326 2305 2391 aquilae,
2320 2340 2436 2391 quae
2453 2325 2786 2385 sanctissima

1708 2402 1916 2451 numina
1940 2401 2213 2466 legionum.
2686 2436 2691 2439 -

1774 2478 1914 2529 Quid
1937 2478 2116 2527 mirum
2141 2492 2291 2541 ergo,
2320 2475 2364 2526 si
2394 2483 2637 2527 astarent
2669 2476 2805 2543 ips&

1709 2556 1984 2606 simulacra
2002 2557 2194 2619 Deum,
2214 2554 2302 2604 ubi
2325 2554 2573 2617 augurale
2595 2561 2652 2603 et
2674 2570 2782 2614 ara,

1708 2633 1798 2684 ubi
1822 2633 2053 2687 solennia
2075 2633 2209 2681 tanti
2231 2630 2460 2692 foederis‚
2485 2631 2579 2680 uhi
2607 2632 2783 2683 omnia

1709 2718 2014 2764 ornamenta
2033 2710 2308 2773 sanctiora,
2329 2723 2444 2774 quae
2467 2709 2634 2759 veluti
2656 2715 2785 2761 tem·

1709 2790 1850 2853 plum
1873 2789 2098 2842 militare
2122 2792 2463 2854 exornarent,
2477 2793 2643 2852 atque
2664 2787 2783 2838 illn-

1707 2875 1952 2921 strarent.
2010 2883 2013 2888 ·

1770 2954 1797 2987 P
1833 2945 2017 3009 Medio]
2053 2945 2231 2995 Medio
2270 2944 2479 3009 templi,
2510 2958 2604 2994 seu
2645 2945 2786 3009 prin-

1705 3019 1958 3087 cipiorum
2000 3022 2142 3086 apud
2195 3028 2372 3071 castra
2414 3021 2674 3081 Romana,
2727 3021 2784 3071 in

1704 3098 1890 3162 quibus
1930 3105 2186 3147 scructum
2221 3098 2471 3161 tribunal,
2502 3098 2593 3147 illa
2627 3097 2781 3158 caerii

1703 3175 1877 3225 monia
1894 3174 2158 3224 celebrata
2175 3182 2272 3225 est.
2306 3174 2368 3224 In
2383 3174 2570 3224 castris
2584 3174 2782 3240 princi-

1665 3267 1670 3272 ·
1703 3250 1811 3314 pia,
1829 3265 1939 3311 ara,
1961 3258 2017 3300 et
2040 3251 2302 3315 augurale,
2319 3250 2374 3298 in
2394 3250 2674 3313 principiis
2694 3251 2781 3308 tri-

1704 3328 1878 3388 bunal,
1893 3327 1946 3375 in
1959 3327 2206 3376 tribunali
2223 3327 2349 3375 sella
2362 3327 2573 3389 curulis,
2584 3327 2781 3379 intelle

1701 3404 1869 3452 curuli
1895 3404 2063 3466 imago
2088 3402 2356 3468 principis,
2374 3402 2670 3467 principem
2700 3403 2777 3467 ip·

1699 3494 1810 3527 sum
1836 3488 2239 3544 repraesentaus:
2275 3494 2393 3544 quae
2412 3479 2585 3541 imago
2606 3478 2779 3544 major

1699 3562 1755 3604 et
1778 3554 1986 3605 diversa
2007 3555 2075 3604 ab
2100 3555 2190 3604 ilia
2211 3554 2465 3618 imagine„
2489 3569 2612 3618 quae
2633 3555 2778 3606 inter

1697 3633 1914 3696 aquilas.
1975 3664 1978 3667 ·
2724 3685 2731 3694 ⁶

1770 3708 1900 3760 Haec
1923 3716 2094 3758 statua
2116 3723 2278 3761 aurea
2298 3707 2421 3771 fuit,
2441 3723 2534 3758 seu
2556 3722 2625 3759 ex
2643 3724 2775 3764 auro

1700 3783 1891 3844 solido,
1952 3793 2004 3834 et
2051 3800 2168 3850 quae
2212 3800 2306 3849 par
2365 3785 2651 3850 similisque
2697 3785 2776 3835 illi

1698 3866 1886 3910 statuae
1912 3875 2103 3923 auteoe,
2137 3876 2250 3926 quae
2274 3859 2415 3924 apud
2438 3862 2696 3925 principia
2718 3862 2775 3912 in

1697 3938 1883 3986 castris
1928 3938 2141 3987 urbanis
2185 3936 2287 3986 fuit
2329 3938 2510 3987 Romae
2557 3936 2624 3986 de
2658 3953 2774 4006 ⁴qua

1694 4013 1816 4063 Tac.
1850 4014 1992 4064 Hist.
2031 4009 2177 4065 1436.
2209 4015 2224 4040 ‘
2249 4013 2552 4077 'ramusque
2597 4012 2778 4076 ardor,

1696 4099 1871 4158 utnon
1890 4091 2123 4140 contenti
2145 4090 2348 4154 agmine
2369 4098 2423 4139 et
2442 4088 2771 4152 corporibus,

1695 4165 1749 4219 in
1773 4175 2040 4231 suggestu,
2074 4166 2128 4216 in
2151 4180 2254 4231 qno
2285 4166 2441 4230 paulo
2465 4172 2588 4214 ante
2603 4178 2770 4215 aurea

1696 4242 1881 4297 Galhae
1915 4250 2091 4294 statua
2125 4241 2320 4306 fuerat,
2359 4241 2585 4307 medium
2622 4241 2769 4294 inter

1697 4318 1844 4387 sigua
1853 4320 1902 4372 Ο
1909 4319 2118 4372 thouem
2126 4318 2330 4373 vexillis
2341 4305 2766 4390 circumdarenw
