3063 4952
464 371 642 439 1⁵80

1171 388 1241 436 G.
1289 387 1656 439 GORNELn
1705 378 1996 436 TAcr‘rl-

2285 398 2288 402 ⁴
2348 392 2444 460 [Α.
2468 391 2537 444 υ.
2562 377 2677 444 sis.

475 596 482 603 .
553 535 663 601 45.
711 535 868 600 Nou
895 535 1115 632 rninus
1144 534 1439 618 insignis,
1470 554 1551 598 eo
1583 554 1776 614 anne,
1806 534 2230 619 impudicitia
2255 541 2675 619 magnorum¹

469 639 671 722 Reip.
699 640 1017 702 malorum
1043 636 1305 702 initium
1336 638 1513 702 fecit.

1605 637 1768 701 Erat
1797 639 1866 701 in
1912 638 2176 702 civitate
2203 638 2458 701 Sabina
2490 637 2678 719 Pop·
2762 689 2773 702 .

470 760 648 826 paea,
663 742 745 806 T.
764 741 968 807 Ollio²
992 748 1178 825 patre
1198 740 1439 822 genita,
1465 738 1580 803 sed
1606 760 1839 804 nomen
1869 740 1979 805 ‘avi
2007 742 2279 804 materni
2314 745 2679 831 sumserat3

467 845 707 910 illustri
780 847 1100 909 memoria
1154 844 1446 927 Poppaei
1500 843 1746 929 Sabini
1785 842 2132 908 Consulari
2185 849 2251 908 et
2296 841 2682 926 triumphali

469 947 712 1012 decore
771 948 1250 1032 praefulgentis,

1364 943 1546 1011 Nam
1606 947 1874 1025 Ollium,
1962 947 2319 1013 honoribus
2374 946 2679 1010 nondum

468 1046 811 1129 functum,f
853 1052 1150 1116 amicitia
1199 1050 1423 1135 Sejani
1471 1053 1806 1134 pervertit.

1898 1051 2084 1115 Huic
2107 1042 2387 1114 'mulieri
2436 1052 2684 1113 cuncta

470 1152 605 1216 alia
632 1153 838 1232 suere,
869 1165 1109 1237 praeter
1137 1152 1480 1217 honestum
1513 1154 1855 1217 animum.g
1941 1152 2209 1238 Quippe
2239 1159 2449 1216 mater
2477 1147 2685 1235 ejuS,*¹

469 1257 691 1320 aetatis
722 1276 863 1320 suae
893 1256 1205 1321 foeminas
1236 1252 1730 1341 pulchritudinei
1758 1276 2205 1339 supergressa,
2230 1252 2532 1340 gloriamj
2562 1269 2684 1341 pa-

536 1438 648 1487 Non
670 1439 1033 1499 minnsfamosae
1055 1441 1286 1504 libidines,
1303 1457 1355 1490 eo
1375 1457 1512 1505 anno,
1528 1455 1803 1503 magnarum
1828 1441 2029 1504 Reipub.
2049 1440 2375 1491 calamitatum
2388 1437 2685 1503 principium

464 1505 653 1553 dedere.
722 1505 883 1553 Erat
865 1521 916 1554 ιη
936 1508 1048 1554 urbe
1070 1507 1248 1556 Sabina
1272 1480 1494 1571 ’Pomm-a,
1520 1508 1575 1556 T.
1601 1506 1855 1572 Olliifilia,
1885 1507 2004 1554 sed
1991 1521 2105 1570 ipsa
2126 1511 2369 1570 acceperat
2404 1504 2685 1553 vocabulum

466 1569 544 1617 avi
566 1571 784 1629 materni,
805 1572 1064 1620 clarissima
1087 1573 1307 1621 memoria
1330 1573 1526 1635 Poppoei
1549 1570 1715 1620 Sabini
1737 1572 1968 1621 consulari
1990 1577 2036 1619 et
2058 1571 2336 1635 triumphali
2365 1570 2529 1632 gloria
2560 1582 2687 1634 prce·

465 1634 694 1692 nitenti-35
725 1636 893 1698 quippe
925 1637 1088 1697 gratia
1127 1637 1290 1696 Seiani
1329 1638 1527 1699 perculit
1569 1637 1749 1685 Ollium
1786 1644 2007 1700 patrem,
2028 1653 2134 1686 eum
2169 1638 2376 1685 nondum
2416 1624 2687 1696 dignitates

464 1701 662 1761 adeptus
683 1705 816 1751 esset.
858 1701 1016 1748 Huic
1025 1700 1242 1760 foeminoe
1263 1706 1417 1750 cetera
1437 1702 1535 1749 alia
1567 1700 1767 1766 affuere,
1805 1707 1983 1764 prceter
2021 1703 2262 1751 honestam
2295 1705 2541 1757 mentem,
2572 1713 2684 1752 nam

469 1769 620 1813 mater
641 1765 786 1829 illius,
808 1765 1042 1814 omnibus
1081 1767 1173 1814 aevi
1209 1768 1284 1816 eui
1323 1765 1593 1815 mulieribus
1618 1765 1782 1826 forma
1799 1768 2086 1833 praecellens,
2107 1766 2437 1817 claritudinem
2461 1763 2606 1813 simul
2638 1767 2686 1812 et

1401 1909 1579 1928 OOOOOO

1580 1909 1756 1929 OOOOO

478 2002 481 2021 ²=
540 1995 567 2041 1
592 1991 676 2040 Ita
689 1993 819 2042 Mss.
842 1993 977 2042 flor.
991 1993 1140 2042 Corb.
1158 1992 1315 2042 editio
1331 1991 1595 2057 princeps,
1612 1993 1845 2044 Pichena
1863 2000 1917 2043 et
1931 1994 2266 2044 recentiores.
2300 1992 2363 2041 In
2379 1993 2511 2042 Mss.
2536 1991 2687 2040 Harl.

474 2055 833 2109 Bod1.Jes.et
857 2059 1196 2121 Puteolanus,
1218 2059 1462 2120 majorum.
1495 2058 1719 2109 Brotier.
1723 2063 1818 2108 —2
1854 2061 2034 2109 Codex
2054 2059 2267 2125 Ryckii‚
2292 2059 2452 2117 Ellio;
2486 2064 2543 2108 et
2569 2071 2687 2105 mox

474 2121 682 2186 iterum,
709 2123 902 2174 Ellium.

1476 2256 1689 2308 NOTAE

472 2351 701 2402 Tribuno
756 2353 918 2417 pleb.·
950 2353 1085 2403 diem
1142 2354 1354 2419 dixisse,
1401 2354 1536 2419 quod

473 2427 636 2479 filium
679 2444 825 2480 suum
870 2431 934 2480 de
974 2439 1173 2496 stupro
1198 2432 1537 2497 appellasset3

474 2520 640 2570 eoque
673 2515 1005 2559 asseverante
1028 2525 1084 2559 se
1107 2510 1221 2574 cogi
1243 2523 1346 2558 non
1370 2523 1538 2572 posse,

474 2587 592 2651 quia
629 2596 1004 2638 sacrosanctam
1043 2595 1346 2652 potestatem
1387 2588 1541 2638 habe·

473 2670 574 2723 ret,
594 2669 763 2712 totum
784 2665 1061 2729 collegium
1084 2665 1427 2716 Tribunorum
1451 2680 1541 2715 ne-

474 2740 616 2801 gavit
634 2755 690 2789 se
708 2741 1057 2803 intercedere,
1075 2755 1175 2807 quo
1194 2743 1360 2792 minus
1379 2757 1541 2808 quaes—

475 2814 552 2863 tio
572 2815 837 2877 pudicitiae
861 2818 1232 2881 perageretur!

481 2909 489 2934 ε
536 2891 803 2954 Postquam
825 2894 1092 2957 tribunatu]
1142 2895 1205 2944 In
1230 2896 1343 2959 ipso
1366 2902 1539 2946 tamen

477 2968 670 3017 honore
711 2984 773 3018 ac
812 2963 1039 3031 munere,
1076 2986 1146 3020 aes
1186 2973 1407 3021 alienum
1441 2973 1539 3021 sol-

476 3057 602 3092 vere
626 3044 960 3107 cogebantur.
1026 3047 1198 3096 Etiam
1233 3055 1287 3097 et
1321 3048 1542 3113 quando-

477 3122 580 3184 que
625 3118 868 3169 abdicare
913 3122 1266 3185 magistratum
1310 3123 1477 3173 coacti
1510 3138 1543 3173 a

478 3195 710 3260 collegis,
732 3204 791 3247 ut
813 3199 984 3249 vocari
1017 3199 1068 3248 iu
1097 3200 1188 3263 jus
1211 3198 1539 3266 damnarique

481 3279 713 3336 possent.

545 3356 568 3382 θ
599 3350 751 3414 Lege]
796 3353 949 3416 Legis
969 3354 1225 3403 Corneliae
1249 3353 1315 3403 de
1337 3354 1543 3404 sicariis

481 3434 538 3478 et
558 3428 822 3478 veneficiis
848 3444 1017 3493 poena,
1048 3431 1228 3481 insulae
1254 3431 1544 3494 deportatio

481 3511 582 3565 est,
602 3512 658 3553 et
681 3505 913 3555 omnium.
927 3504 1169 3557 bonorum
1194 3508 1450 3557 ademtio:
1477 3508 1543 3556 ab

403 3578 407 3583 ’
481 3585 738 3628 eutamen
770 3594 888 3629 cum
922 3587 1152 3645 tempore
1188 3583 1441 3647 paulatim
1465 3599 1543 3632 re-

483 3655 768 3716 cesserunt,
801 3655 887 3718 qui
930 3656 982 3704 in
1027 3656 1218 3708 honore
1260 3659 1456 3721 positos
1489 3660 1543 3707 in

480 3730 696 3782 insulam
717 3729 1016 3794 deportare,
1036 3734 1329 3785 humiliores
1363 3736 1542 3799 capite

482 3807 686 3870 punite,
719 3806 971 3857 bestiisve
984 3809 1210 3872 objicere
1233 3812 1369 3861 soliti
1405 3817 1544 3874 sunt,

482 3882 781 3933 Modestiae
816 3891 873 3933 et
908 3885 1188 3949 Martiano,
1221 3886 1390 3952 Jctis,
1423 3902 1544 3937 auc-

483 3958 701 4009 toribus.
744 3960 1038 4012 Vertranius.

549 4033 573 4067 f
601 4036 795 4099 Ollium,
811 4037 1060 4087 honoribus
1076 4041 1279 4089 nondum
1297 4040 1545 4105 fimum]

485 4108 649 4175 Atqui
677 4112 992 4167 Quoestorium
1023 4129 1140 4164 eum
1173 4114 1332 4165 fuisse
1362 4119 1546 4168 Sueto-

484 4186 600 4235 nius
634 4193 880 4249 autumat,
917 4204 962 4239 e.
997 4194 1079 4240 35.
1143 4191 1246 4240 Sed
1289 4193 1546 4247 Quaeseura

486 4258 709 4332 foetasse
727 4275 831 4312 non
852 4267 960 4313 tam
978 4264 1162 4329 honos,
1193 4279 1347 4330 quam
1368 4268 1544 4320 aditus

1596 4362 1626 4382 a

1620 2354 1685 2404 ad
1727 2344 1991 2406 honorem.
2085 2354 2211 2419 Ipse
2258 2359 2432 2402 tamen
2474 2349 2691 2400 Tacitus

1618 2433 1652 2481 1.
1675 2445 1775 2483 xn.
1842 2433 2144 2489 Quoesturam
2179 2432 2317 2481 inter
2352 2429 2690 2494 magistratus

1621 2509 1909 2560 recensuit:
1947 2506 2183 2573 Ageiiius'
2203 2513 2259 2557 et
2283 2507 2390 2556 alii.
2423 2505 2638 2570 Lipsius.

1684 2587 1845 2636 Forte
1866 2586 1920 2635 in
1943 2587 2218 2637 Quaestura
2238 2586 2355 2648 ipsa
2376 2581 2697 2633 interfectus

1623 2662 1792 2713 Ollius
1811 2680 1824 2723 ;
1840 2662 2021 2727 sic'que
2039 2661 2266 2711 nondum
2284 2662 2369 2710 vei
2387 2660 2587 2709 aditum
2606 2656 2702 2708 he)-

1618 2741 1732 2791 buit
1750 2740 1814 2789 ad
1835 2741 2075 2803 honores,
2089 2739 2219 2789 adeo
2238 2754 2340 2789 nou
2355 2738 2589 2789 obtinuit
2607 2739 2701 2787 ho-

1619 2832 1789 2868 nores.
1844 2818 1946 2866 Vei
1981 2832 2077 2881 per
2109 2817 2306 2867 honores
2324 2816 2413 2867 hic
2443 2817 2704 2881 intelligit

1618 2895 1830 2944 Tacitus
1864 2895 2154 2959 praecipuos
2190 2894 2545 2958 magistratus,
2563 2910 2702 2960 prae-

1621 2977 1790 3021 turam
1828 2976 1884 3020 et
1918 2970 2273 3031 consulatum3
2310 2986 2429 3019 nam
2453 2985 2567 3035 prae
2591 2971 2700 3020 illis

1620 3052 1801 3096 cetera
1832 3045 1986 3107 levia,
2021 3051 2076 3095 et
2117 3046 2372 3102 Quaesuaera
2411 3046 2590 3097 aditus
2632 3047 2701 3097 ad

1617 3122 1837 3172 honores
1858 3123 1973 3172 illos
1997 3122 2118 3185 fuit,
2137 3130 2193 3173 et
2210 3124 2287 3173 eis
2310 3125 2446 3174 viam
2468 3126 2700 3189 aperuit.

1687 3207 1714 3242 τ
1750 3201 1945 3250 Proeter
1985 3201 2229 3251 honestum
2272 3204 2508 3269 animum]
2611 3204 2703 3255 Sic

1621 3276 1735 3326 fere
1771 3277 1984 3328 Sallust.
2028 3278 2094 3328 de
2136 3281 2466 3343 Sempronia:
2526 3281 2703 3333 ‘Haec

1623 3353 1807 3402 mulier
1826 3368 2018 3418 genere
2040 3360 2200 3420 atque
2221 3355 2409 3419 forma,
2433 3364 2706 3420 praeterea

1624 3430 1734 3479 viro
1756 3437 1914 3495 atque
1935 3432 2115 3481 liberis
2135 3433 2261 3481 satis
2283 3432 2559 3485 fortunata
2576 3435 2702 3499 fuit,

1624 3509 1724 3556 &a
1813 3508 1986 3557 Multa
2027 3509 2127 3557 alia
2176 3525 2293 3574 quae
2344 3510 2703 3563 instrumenta

1624 3584 1837 3634 luxuriae
1872 3591 2010 3648 sunt,
2030 3585 2132 3635 sed·
2162 3585 2213 3635 ei
2250 3587 2457 3638 cariora
2489 3601 2705 3655 semper

1622 3662 1795 3710 onmia
1814 3676 1966 3726 quam
1985 3662 2183 3714 decus!

1686 3736 1713 3770 ¹²
1745 3739 1907 3787 Μάκι-
1928 3738 2052 3803 eius]
2085 3740 2249 3802 Puto,
2268 3747 2439 3791 mater
2459 3742 2579 3807 ejus
2601 3740 2704 3792 fuit

1590 3832 1592 3834 ’
1622 3815 1855 3879 Poppaea
1875 3815 2084 3878 Sabina,
2117 3817 2183 3865 de
2207 3832 2307 3881 qua
2329 3833 2494 3881 supra
2515 3834 2566 3871 c.
2588 3823 2703 3870 43.·

1621 3897 1696 3941 et
1699 3905 1849 3955 quam
1870 3892 2139 3941 occiderat
2157 3895 2485 3959 Messallina,
2498 3904 2560 3952 ut
2580 3913 2704 3948 con·

1612 3966 1783 4031 jicere‘
1800 3968 1942 4030 licet,
1967 3968 2129 4018 livore
2153 3976 2209 4019 et
2232 3972 2570 4024 aemulatione
2595 3975 2706 4039 pul-

1625 4045 1945 4105 chritudinis,
1966 4060 2067 4111 qua
2096 4048 2415 4111 praenitcbat
2449 4052 2702 4117 Poppaea,

1624 4128 1685 4170 ut
1720 4122 1821 4171 sibi
1864 4122 1959 4172 soli
1996 4124 2319 4175 Mnesterem
2357 4125 2608 4195 haberet,
2639 4143 2700 4177 ac

1625 4213 1800 4248 vacuo
1810 4198 2095 4248 concubino
2117 4202 2397 4263 potiretur.

1679 4271 1706 4308 ¹-
1733 4271 2119 4342 pulchritudine]
2165 4278 2587 4333 Pulchr-{tudinem
2609 4296 2697 4332 vo-
