3063 4952
506 382 680 448 1766
1216 397 1303 444 0.·
1327 392 1692 442 counsmt
1741 391 1996 440 *uerri

2393 380 2483 478 [Α.
2505 384 2576 446 υ.
2602 400 2718 446 816.

509 522 863 606 demnatus
894 561 936 605 a
964 540 1236 616 Senatu,
1265 537 1736 603 intercessione
1779 533 2202 602 Tribuniciah
2242 537 2436 601 morti
2468 537 2723 600 exime-

508 650 730 709 retur.³
822 643 933 721 Et,
963 664 1115 709 cum
1146 637 1499 718 Ostorius}
1543 644 1564 673 ‘
1585 641 1742 704 nihil
1766 638 2150 717 audivisse,’
2193 660 2318 724 pro
2349 639 2723 704 testimonio

511 747 818 826 dixisset,
865 747 1161 812 adversis
1220 742 1535 811 testibusj
1609 744 1971 809 creditum:
2031 743 2422 826 censuitque
2470 741 2723 806 Junius

509 963 836 1013 intercessione
856 959 1125 1019 tribunicia.
1193 964 1262 1013 Et
1282 979 1386 1013 cum
1412 963 1631 1013 Ostorius
1650 964 1788 1013 testis
1806 963 2066 1026 appellatus
2086 963 2379 1028 affirmasset,
2404 975 2460 1008 se
2482 958 2612 1009 nibil
2643 974 2731 1008 au-

513 1029 721 1090 divisse,
743 1028 874 1095 fides
902 1029 1067 1079 habito
1105 1034 1175 1079 est
1210 1029 1406 1079 testibus
1441 1031 1710 1080 contrariis.
1781 1029 2065 1092 Censuitque
2098 1028 2274 1076 Junius
2305 1026 2545 1079 Mai-uum
2571 1025 2732 1074 consul

1440 1188 1795 1208 θθθθθθθθθθθ

515 1294 612 1338 -3
638 1289 741 1338 Hic
761 1289 904 1339 locus
944 1289 994 1338 in
1043 1290 1300 1340 veteribus
1339 1289 1652 1339 editionibus
1699 1289 1903 1338 omnino
1928 1296 2229 1353 corruptus:
2271 1290 2390 1338 Tum
2423 1288 2637 1352 primum
2659 1301 2735 1335 re·

516 1360 680 1404 vocata
702 1370 757 1403 ea
803 1356 882 1403 lex
914 1357 1207 1414 credebatur,
1227 1371 1332 1419 qnae
1369 1356 1495 1406 haud
1529 1355 1728 1418 perinde
1763 1356 1966 1404 esitium
1998 1356 2236 1415 Antistio,
2267 1369 2403 1418 quom
2443 1350 2735 1416 Imperatori

513 1421 719 1482 gloriam
734 1420 969 1484 quaesivit,
1011 1427 1064 1471 ut
1087 1422 1417 1470 condemnatus
1437 1436 1468 1469 a
1503 1424 1689 1481 senatu,
1726 1420 2051 1470 intercessione
2088 1420 2346 1469 tribunicia
2369 1419 2515 1467 morti
2559 1418 2739 1468 exime-

517 1490 666 1534 retur.
738 1485 895 1549 Pejus
929 1487 1094 1534 adhuc
1127 1487 1289 1535 editio
1315 1485 1573 1549 princeps,
1598 1491 1653 1535 et
1673 1487 1778 1534 Ms.
1804 1487 1931 1548 Reg.
1958 1500 2051 1549 pro
2073 1486 2357 1535 eximeretur
2377 1484 2572 1532 liabent
2592 1498 2733 1546 expo-

516 1555 664 1600 neret.
731 1550 792 1600 In
816 1551 940 1601 Mss.
966 1551 1113 1600 Harl.
1137 1551 1289 1600 Bodl.
1315 1550 1424 1602 Jes.
1449 1556 1503 1600 et
1529 1551 1871 1611 PuteolanuS,
1893 1566 1950 1599 ne
1973 1553 2302 1600 condemnatus
2326 1564 2418 1613 pro
2442 1552 2495 1597 ut
2518 1549 2735 1596 condem·

514 1620 673 1665 notus.
747 1616 813 1665 Ut
836 1624 976 1666 recte
1000 1615 1231 1666 additum
1255 1615 1476 1681 margini
1498 1617 1602 1666 Ms.
1625 1615 1777 1665 Harl.
1816 1615 2008 1682 Sicqne
2032 1616 2188 1665 habet
2214 1616 2317 1664 Ms.
2341 1613 2498 1664 (ἔοι-1).
2534 1614 2735 1663 Locum

1523 1761 1736 1813 NOTAE

521 1920 657 1954 mum
681 1905 824 1955 illum
843 1921 1154 1971 scenamque
1179 1915 1582 1972 purpuratorum
1667 1914 1817 1972 gusto
1838 1924 1853 1970 ;
1888 1914 1942 1958 et
1971 1878 2037 1958 eo
2051 1908 2171 1973 jure
2195 1905 2367 1972 potuit
2403 1903 2738 1955 intercedere

518 1983 936 2047 praepollentium
961 1984 1324 2036 disturbasset.

588 2061 660 2125 Et
683 2065 852 2110 tamen
877 2059 1200 2110 nihilominus
1225 2060 1456 2112 Antistio
1498 2075 1587 2126 pe-

524 2136 698 2200 percit
721 2137 885 2197 Nero,
909 2138 1138 2201 quamvis
1175 2152 1276 2188 non
1313 2153 1376 2189 eo
1418 2139 1588 2189 animo

528 2219 619 2261 aut
652 2212 883 2276 consilio,
928 2228 1027 2277 quo
1071 2210 1222 2263 initio
1267 2214 1589 2276 destinarat3

526 2304 621 2339 nec
640 2295 788 2339 tauta
800 2290 1087 2340 elementiae
1101 2288 1364 2354 famafuit,
1379 2298 1592 2356 quanta,

527 2368 573 2417 si
610 2369 878 2439 damnatus
911 2385 943 2418 a
982 2376 1182 2433 senatu,
1222 2369 1592 2420 intercessione

529 2445 809 2496 tribunicia
857 2445 1129 2510 principis,
1167 2447 1323 2496 morti
1358 2454 1594 2498 exemtus

529 2521 671 2572 foret
705 2522 987 2573 Antistius.

599 2600 844 2651 Attamen
887 2602 965 2652 illi
1013 2602 1214 2667 ignovit
1258 2603 1451 2666 Caesar,
1507 2602 1596 2667 qni

530 2692 696 2742 neque
721 2680 785 2728 de
812 2680 1064 2728 relatione
1087 2680 1350 2729 consulum
1383 2685 1595 2744 questus

530 2762 630 2815 est,
652 2770 819 2820 neque
844 2757 1345 2806 senatusconsultum
1379 2756 1596 2820 impedi·

530 2833 626 2891 vit,
649 2838 706 2881 ut
752 2833 940 2897 potuit,
987 2835 1069 2883 vel
1116 2834 1162 2882 vi
1210 2833 1595 2897 dominationis,

532 2907 612 2956 vel
640 2907 1012 2959 intercessione
1037 2909 1345 2970 tribunicia3
1380 2910 1519 2974 quod
1540 2910 1594 2958 in

533 2982 645 3044 ipso
667 2982 777 3032 fere
802 2983 937 3033 idem
959 2983 1076 3034 fuit.
1480 3030 1505 3046 ,

598 3059 668 3109 Et
692 3058 826 3108 infra
852 3067 994 3123 patet
1019 3059 1197 3124 fuisse,
1220 3062 1302 3111 vel
1334 3061 1597 3112 simulasse

535 3134 713 3200 fnisse,
733 3153 785 3187 se
809 3139 861 3187 in
888 3153 952 3188 ea
974 3146 1170 3208 mente,
1192 3146 1253 3188 nt
1292 3139 1339 3188 ei
1365 3139 1597 3205 ignosce·

536 3222 636 3276 ret,
683 3217 697 3242 ‘
719 3229 794 3277 se,
818 3216 905 3280 qui
941 3216 1274 3266 severitatem
1316 3216 1599 3273 decernen-

536 3290 663 3340 tium
695 3291 1038 3356 impediturus
1074 3291 1250 3355 fuerit,
1286 3293 1598 3343 moderatio·

538 3384 655 3418 nem
698 3384 802 3420 non
843 3369 1158 3434 prohibere,’
1197 3374 1298 3420 ὅτε.
1366 3372 1599 3420 ‘Datam

535 3445 692 3494 etiam
705 3446 1001 3496 absolvendi
1014 3447 1274 3497 licentiam
1282 3446 1314 3509 ,'
1339 3448 1463 3496 &c.‘
1479 3447 1599 3497 Non

536 3521 657 3572 ideo
688 3531 780 3572 aut
818 3525 1054 3573 consules
1086 3531 1352 3573 mutavere
1398 3524 1603 3574 relatio·

538 3598 689 3663 uem,’
708 3602 836 3650 &c.:
874 3601 945 3649 ita
966 3608 1139 3651 tamen
1157 3602 1203 3650 ei
1219 3601 1438 3666 ignovit,
1459 3616 1600 3652 nem·

539 3690 622 3739 pe,
660 3685 718 3726 ut
751 3693 852 3727 non
888 3687 1165 3729 necaretur
1187 3679 1276 3728 ille
1298 3693 1426 3728 more
1455 3679 1602 3739 mdio-

535 3769 674 3811 rum3
706 3754 797 3804 sed
837 3762 1008 3806 tamen
1047 3757 1216 3806 insula
1248 3756 1601 3817 clauderetur,

537 3839 695 3895 prout
738 3834 950 3884 decreto
995 3835 1224 3895 Patrnmss
1259 3835 1602 3885 constitutum

539 3916 668 3961 erat.
734 3945 737 3950 ‹

606 3984 629 4018 ¹¹
664 3987 1000 4038 Inter-cessione
1020 3988 1299 4050 tribunicia]
1350 3990 1607 4039 Interces-

539 4064 681 4115 sione
721 4067 880 4129 ipsius
935 4067 1190 4127 Caesaris;
1249 4067 1334 4131 qui
1381 4067 1457 4115 ita
1507 4067 1607 4116 cle-

540 4142 749 4192 mentiae
770 4144 979 4205 gloriam
1004 4151 1231 4207 pararet.
1297 4142 1509 4205 Lipsius.

597 4217 930 4274 Intercessione
943 4219 1220 4282 tribunicia]
1243 4220 1450 4283 Nempe
1465 4219 1608 4282 prin·

543 4295 695 4359 cipis,
717 4296 801 4362 qui
818 4297 1142 4348 tribuniciam
1161 4302 1481 4361 potestatem
1493 4310 1610 4359 per-

543 4383 754 4439 petuam
776 4375 848 4426 Ain
887 4389 943 4424 se
979 4380 1227 4438 traxerat,
1249 4373 1356 4438 jam
1391 4372 1457 4421 ab
1498 4369 1605 4421 Au-

1668 1987 2132 2047 senatusconsulto,
2155 2000 2244 2034 seu
2255 1984 2458 2049 judicio
2480 1983 2738 2056 Panum,

1670 2066 1849 2130 sicque
1872 2065 2170 2129 prohibere,
2193 2078 2257 2112 ne
2282 2076 2487 2127 poenam
2512 2060 2565 2109 in
2589 2075 2738 2109 reum

1670 2148 1983 2207 statuerent,
2013 2141 2161 2206 ‘qnod
2204 2141 2412 2204 dignum
2472 2136 2641 2202 gloria
2685 2144 2743 2186 et

1670 2220 1950 2270 clementia
1984 2219 2223 2270 Caesaris.

1738 2298 1803 2348 Id
1859 2297 2143 2347 intendisse
2198 2295 2480 2354 Neronem,
2548 2290 2741 2356 conjici

1673 2375 1833 2441 possit
1870 2391 1935 2423 ex
1968 2375 2065 2436 his,
2105 2388 2222 2438 quae
2262 2370 2409 2420 addit
2443 2367 2603 2419 infra:
2645 2368 2661 2396 ‘
2687 2381 2743 2415 se

1676 2453 1764 2518 qui
1799 2451 2135 2502 severitatem
2167 2447 2556 2499 decernentium
2579 2445 2742 2509 impe·

1676 2529 1878 2578 diturus
1928 2528 2104 2588 fuerit,
2170 2523 2573 2577 moderationem
2639 2536 2742 2571 non

1676 2604 1988 2671 prohibere)

1740 2682 1754 2717 ί
1789 2683 2032 2746 Ostorius]
2068 2683 2148 2731 De
2181 2696 2282 2746 quo
2306 2681 2341 2729 l.
2369 2694 2470 2730 xu.
2494 2682 2577 2729 38.
2597 2673 2746 2726 Ῥω·

1675 2769 1869 2825 praetor
1885 2760 2171 2810 Britanniae
2195 2758 2356 2808 vincit
2378 2758 2748 2814 Caractacum‚

1676 2839 1938 2903 capitque,
1954 2844 2008 2887 et
2029 2836 2276 2899 triumphi
2290 2834 2510 2897 insignia
2528 2831 2746 2895 accipit.

1735 2914 1753 2958 J
1785 2916 2010 2965 Adversis
2025 2912 2241 2975 testibus]
2262 2908 2586 2974 Nempe,qui
2604 2906 2748 2956 aliud

1677 2992 1935 3053 dicerent,
1972 3004 2123 3055 quam
2164 2987 2421 3049 OstoriuS,
2463 2992 2556 3033 aut
2594 2997 2749 3047 quam

1680 3084 1769 3119 reo
1795 3067 2087 3132 expediret,
2112 3065 2201 3129 qui
2235 3078 2323 3113 reo
2346 3076 2447 3111 non
2485 3059 2747 3121 faverent,

1680 3153 1737 3196 ut
1778 3143 2039 3195 Ostorius.
2105 3141 2249 3190 Puto
2283 3141 2449 3203 ipsum
2486 3138 2563 3187 sic
2600 3136 2751 3187 testi-

1680 3223 1904 3273 monium
1946 3220 2157 3281 dixisse,
2183 3220 2269 3268 vel
2300 3216 2368 3266 ob
2400 3230 2537 3265 sacra
2559 3229 2751 3274 mensoe,

1678 3314 1866 3362 nempe
1899 3312 1966 3348 ne
2007 3294 2391 3346 sacr‘osanctum
2423 3290 2640 3354 hospitii
2663 3290 2752 3354 jus

1680 3377 1921 3439 violaret,
1942 3371 2221 3437 affligendo
2250 3370 2473 3419 amicum
2509 3382 2604 3417 suo
2647 3374 2751 3417 tes-

1683 3455 1911 3505 timonio.
1980 3453 2047 3501 Et
2069 3451 2145 3500 sie
2164 3447 2485 3498 dissimulare
2500 3445 2650 3506 talia,
2674 3443 2752 3493 fas

1684 3532 1942 3596 putabant
1978 3529 2097 3578 boni
2120 3526 2241 3577 viri.
2475 3519 2478 3521 ’

1749 3610 1884 3659 Nam
1937 3604 2143 3669 reperio
2199 3602 2451 3665 insignem
2486 3595 2753 3647 foeminam

1673 3687 1806 3749 ,alibi
1828 3687 1903 3736 sic
1917 3699 2081 3744 usam,
2107 3689 2167 3731 ut
2188 3694 2242 3730 et
2257 3680 2337 3728 hie
2354 3676 2631 3729 Ostorium
2656 3674 2753 3723 sub

1680 3764 1921 3814 Tiberio:
1957 3763 2059 3823 vel,
2083 3758 2206 3824 quia
2228 3759 2411 3820 ingens
2448 3768 2641 3819 pompa
2678 3758 2754 3802 ta-

1683 3843 1803 3891 lium
1852 3830 2202 3890 conviviorum
2252 3832 2371 3895 fuit,
2416 3847 2511 3881 nec
2570 3829 2752 3879 andire

1683 3932 1859 3968 omnes
1882 3916 2127 3965 convivas
2159 3914 2298 3962 inter
2319 3927 2374 3961 se
2396 3910 2753 3973 colloquentes

1687 3995 1861 4059 potuit
1896 4000 1986 4042 ant
2022 3991 2225 4052 debuit,
2265 3988 2354 4054 qui
2389 3988 2572 4051 epulas
2618 3985 2758 4035 cele-

1686 4072 1898 4132 braret;
1935 4070 2036 4133 vel,
2069 4069 2189 4133 quia
2228 4064 2370 4116 nefas
2401 4064 2530 4127 talia
2566 4077 2757 4112 arcana

1688 4158 1744 4202 et
1788 4156 2110 4200 sacramenta
2147 4147 2411 4209 evulgare,
2460 4141 2754 4210 praesertim

1687 4244 1801 4278 cum
1829 4227 1986 4277 verba
2010 4231 2210 4274 tantum
2251 4225 2445 4280 essent,
2482 4217 2608 4267 etin
2650 4216 2759 4266 exi-

1687 4307 1815 4356 tium
1837 4302 2165 4355 convivarum
2188 4313 2271 4349 res
2291 4302 2558 4363 ageretur.
