<?xml version="1.0" encoding="UTF-8"?>
<!DOCTYPE html PUBLIC "-//W3C//DTD XHTML 1.0 Transitional//EN"
    "http://www.w3.org/TR/xhtml1/DTD/xhtml1-transitional.dtd">
<html xmlns="http://www.w3.org/1999/xhtml" xml:lang="en" lang="en">
 <head>
  <title>
</title>
<meta http-equiv="Content-Type" content="text/html;charset=utf-8" />
  <meta name='ocr-system' content='tesseract 3.04.00' />
  <meta name='ocr-capabilities' content='ocr_page ocr_carea ocr_par ocr_line ocrx_word'/>
</head>
<body>
  <div class='ocr_page' id='page_1' title='image "./operaomniavolum00tacigoog/operaomniavolum00tacigoog_0361.png"; bbox 0 0 3063 4952; ppageno 0'>
   <div class='ocr_carea' id='block_1_1' title="bbox 2370 380 2640 481">
    <p class='ocr_par' dir='ltr' id='par_1_1' title="bbox 2370 380 2640 481">
     <span class='ocr_line' id='line_1_1' title="bbox 2370 380 2640 481; baseline 0 0"><span class='ocrx_word' id='word_1_1' title='bbox 2370 380 2640 481; x_wconf 48' lang='grc' dir='ltr'><strong>ιη’</strong></span> 
     </span>
    </p>
   </div>
   <div class='ocr_carea' id='block_1_2' title="bbox 254 571 2550 1901">
    <p class='ocr_par' dir='ltr' id='par_1_2' title="bbox 329 571 2550 1075">
     <span class='ocr_line' id='line_1_2' title="bbox 338 571 2550 658; baseline 0.002 -19"><span class='ocrx_word' id='word_1_2' title='bbox 338 578 498 658; x_wconf 77' lang='lat' dir='ltr'><strong>gato</strong></span> <span class='ocrx_word' id='word_1_3' title='bbox 522 572 809 658; x_wconf 80' lang='lat' dir='ltr'><strong>legionis</strong></span> <span class='ocrx_word' id='word_1_4' title='bbox 851 589 1070 649; x_wconf 71' lang='lat' dir='ltr'><strong>nouae,</strong></span> <span class='ocrx_word' id='word_1_5' title='bbox 1120 572 1195 635; x_wconf 93' lang='lat' dir='ltr'><strong>in</strong></span> <span class='ocrx_word' id='word_1_6' title='bbox 1239 571 1613 636; x_wconf 81' lang='lat' dir='ltr'>subsidium</span> <span class='ocrx_word' id='word_1_7' title='bbox 1662 572 2043 639; x_wconf 78' lang='lat' dir='ltr'><strong>adventanti</strong></span> <span class='ocrx_word' id='word_1_8' title='bbox 2082 573 2344 655; x_wconf 81' lang='lat' dir='ltr'><strong>obvius,</strong></span> <span class='ocrx_word' id='word_1_9' title='bbox 2370 574 2550 644; x_wconf 79' lang='lat' dir='ltr'><strong>fudit</strong></span> 
     </span>
     <span class='ocr_line' id='line_1_3' title="bbox 335 675 2549 764; baseline 0.002 -22"><span class='ocrx_word' id='word_1_10' title='bbox 335 678 683 761; x_wconf 78' lang='lat' dir='ltr'><strong>legionem,</strong></span> <span class='ocrx_word' id='word_1_11' title='bbox 709 682 798 755; x_wconf 90' lang='lat' dir='ltr'><strong>et,</strong></span> <span class='ocrx_word' id='word_1_12' title='bbox 831 676 1012 760; x_wconf 93' lang='lat' dir='ltr'><strong>quod</strong></span> <span class='ocrx_word' id='word_1_13' title='bbox 1037 675 1401 760; x_wconf 78' lang='lat' dir='ltr'><strong>peditum‚&#39;</strong></span> <span class='ocrx_word' id='word_1_14' title='bbox 1426 676 1776 742; x_wconf 82' lang='lat' dir='ltr'><strong>interfecit.</strong></span> <span class='ocrx_word' id='word_1_15' title='bbox 1867 676 2146 742; x_wconf 86' lang='lat' dir='ltr'><strong>Cerialis</strong></span> <span class='ocrx_word' id='word_1_16' title='bbox 2176 698 2332 743; x_wconf 91' lang='lat' dir='ltr'><strong>cum</strong></span> <span class='ocrx_word' id='word_1_17' title='bbox 2359 680 2549 764; x_wconf 89' lang='lat' dir='ltr'><strong>equi-</strong></span> 
     </span>
     <span class='ocr_line' id='line_1_4' title="bbox 329 779 2548 861; baseline 0.002 -17"><span class='ocrx_word' id='word_1_18' title='bbox 329 779 519 845; x_wconf 80' lang='lat' dir='ltr'><strong>‘tibus</strong></span> <span class='ocrx_word' id='word_1_19' title='bbox 566 782 785 847; x_wconf 87' lang='lat' dir='ltr'><strong>evasit</strong></span> <span class='ocrx_word' id='word_1_20' title='bbox 832 784 903 845; x_wconf 94' lang='lat' dir='ltr'><strong>in</strong></span> <span class='ocrx_word' id='word_1_21' title='bbox 950 787 1196 845; x_wconf 70' lang='lat' dir='ltr'><strong>castra&#39;</strong></span> <span class='ocrx_word' id='word_1_22' title='bbox 1240 787 1305 846; x_wconf 90' lang='lat' dir='ltr'><strong>et</strong></span> <span class='ocrx_word' id='word_1_23' title='bbox 1347 782 1775 845; x_wconf 88' lang='lat' dir='ltr'><strong>munimentis</strong></span> <span class='ocrx_word' id='word_1_24' title='bbox 1814 781 2125 845; x_wconf 85' lang='lat' dir='ltr'><strong>defensus</strong></span> <span class='ocrx_word' id='word_1_25' title='bbox 2172 788 2295 848; x_wconf 88' lang='lat' dir='ltr'><strong>est.</strong></span> <span class='ocrx_word' id='word_1_26' title='bbox 2386 781 2548 861; x_wconf 79' lang='lat' dir='ltr'><strong>Qua</strong></span> 
     </span>
     <span class='ocr_line' id='line_1_5' title="bbox 337 884 2545 970; baseline 0.002 -22"><span class='ocrx_word' id='word_1_27' title='bbox 337 884 535 948; x_wconf 92' lang='lat' dir='ltr'><strong>clade</strong></span> <span class='ocrx_word' id='word_1_28' title='bbox 587 890 658 950; x_wconf 89' lang='lat' dir='ltr'><strong>et</strong></span> <span class='ocrx_word' id='word_1_29' title='bbox 700 884 871 948; x_wconf 85' lang='lat' dir='ltr'><strong>odiis</strong></span> <span class='ocrx_word' id='word_1_30' title='bbox 918 884 1307 966; x_wconf 83' lang='lat' dir='ltr'><strong>provinciae,</strong></span> <span class='ocrx_word' id='word_1_31' title='bbox 1337 902 1542 967; x_wconf 89' lang='lat' dir='ltr'><strong>quam</strong></span> <span class='ocrx_word' id='word_1_32' title='bbox 1569 885 1849 948; x_wconf 82' lang='lat' dir='ltr'><strong>avaritia</strong></span> <span class='ocrx_word' id='word_1_33' title='bbox 1896 885 1966 948; x_wconf 91' lang='lat' dir='ltr'><strong>iu</strong></span> <span class='ocrx_word' id='word_1_34' title='bbox 2011 886 2255 950; x_wconf 91' lang='lat' dir='ltr'><strong>bellum</strong></span> <span class='ocrx_word' id='word_1_35' title='bbox 2300 892 2545 970; x_wconf 84' lang='lat' dir='ltr'><strong>egerat,</strong></span> 
     </span>
     <span class='ocr_line' id='line_1_6' title="bbox 330 985 2083 1075; baseline 0.001 -24"><span class='ocrx_word' id='word_1_36' title='bbox 330 986 634 1070; x_wconf 88' lang='lat' dir='ltr'><strong>trepidus</strong></span> <span class='ocrx_word' id='word_1_37' title='bbox 664 988 1057 1075; x_wconf 75' lang='lat' dir='ltr'><strong>Procurator</strong></span> <span class='ocrx_word' id='word_1_38' title='bbox 1083 986 1291 1051; x_wconf 88' lang='lat' dir='ltr'><strong>Catus</strong></span> <span class='ocrx_word' id='word_1_39' title='bbox 1319 989 1392 1051; x_wconf 93' lang='lat' dir='ltr'><strong>in</strong></span> <span class='ocrx_word' id='word_1_40' title='bbox 1419 985 1712 1052; x_wconf 83' lang='lat' dir='ltr'><strong>Galliam</strong></span> <span class='ocrx_word' id='word_1_41' title='bbox 1740 990 2083 1053; x_wconf 84' lang='lat' dir='ltr'><strong>transiit.¹⁵</strong></span> 
     </span>
    </p>

    <p class='ocr_par' dir='ltr' id='par_1_3' title="bbox 254 1089 2544 1901">
     <span class='ocr_line' id='line_1_7' title="bbox 417 1089 2544 1159; baseline 0.001 -3"><span class='ocrx_word' id='word_1_42' title='bbox 417 1091 532 1156; x_wconf 81' lang='lat'><strong>33.</strong></span> <span class='ocrx_word' id='word_1_43' title='bbox 602 1089 701 1155; x_wconf 91' lang='lat' dir='ltr'><strong>At</strong></span> <span class='ocrx_word' id='word_1_44' title='bbox 745 1091 1102 1156; x_wconf 84' lang='lat' dir='ltr'><strong>Suetonius</strong></span> <span class='ocrx_word' id='word_1_45' title='bbox 1146 1091 1320 1155; x_wconf 88' lang='lat' dir='ltr'><strong>mira</strong></span> <span class='ocrx_word' id='word_1_46' title='bbox 1361 1091 1743 1155; x_wconf 88' lang='lat' dir='ltr'><strong>constantia</strong></span> <span class='ocrx_word' id='word_1_47' title='bbox 1779 1090 2060 1156; x_wconf 86' lang='lat' dir='ltr'><strong>medios¹</strong></span> <span class='ocrx_word' id='word_1_48' title='bbox 2104 1091 2274 1156; x_wconf 88' lang='lat' dir='ltr'><strong>inter</strong></span> <span class='ocrx_word' id='word_1_49' title='bbox 2315 1090 2544 1159; x_wconf 79' lang='lat' dir='ltr'><strong>hostes</strong></span> 
     </span>
     <span class='ocr_line' id='line_1_8' title="bbox 334 1190 2543 1277; baseline 0.001 -19"><span class='ocrx_word' id='word_1_50' title='bbox 334 1190 737 1258; x_wconf 87' lang='lat' dir='ltr'><strong>Londinium</strong></span> <span class='ocrx_word' id='word_1_51' title='bbox 793 1194 1109 1277; x_wconf 84' lang='lat' dir='ltr'><strong>perrexit,</strong></span> <span class='ocrx_word' id='word_1_52' title='bbox 1140 1199 1572 1276; x_wconf 90' lang='lat' dir='ltr'><strong>cognomento</strong></span> <span class='ocrx_word' id='word_1_53' title='bbox 1602 1193 1870 1277; x_wconf 91' lang='lat' dir='ltr'><strong>quidem</strong></span> <span class='ocrx_word' id='word_1_54' title='bbox 1920 1195 2205 1260; x_wconf 82' lang='lat' dir='ltr'><strong>coloniae</strong></span> <span class='ocrx_word' id='word_1_55' title='bbox 2261 1214 2393 1260; x_wconf 92' lang='lat' dir='ltr'><strong>non</strong></span> <span class='ocrx_word' id='word_1_56' title='bbox 2441 1195 2543 1260; x_wconf 90' lang='lat' dir='ltr'><strong>in·</strong></span> 
     </span>
     <span class='ocr_line' id='line_1_9' title="bbox 330 1286 2544 1382; baseline 0.001 -22"><span class='ocrx_word' id='word_1_57' title='bbox 330 1296 547 1379; x_wconf 80' lang='lat' dir='ltr'><strong>signe,</strong></span> <span class='ocrx_word' id='word_1_58' title='bbox 595 1296 721 1364; x_wconf 73' lang='lat' dir='ltr'><strong>sed</strong></span> <span class='ocrx_word' id='word_1_59' title='bbox 768 1299 968 1382; x_wconf 88' lang='lat' dir='ltr'><strong>copia</strong></span> <span class='ocrx_word' id='word_1_60' title='bbox 1010 1299 1523 1380; x_wconf 62' lang='lat' dir='ltr'><strong>negotiatorum!</strong></span> <span class='ocrx_word' id='word_1_61' title='bbox 1574 1304 1642 1361; x_wconf 91' lang='lat' dir='ltr'><strong>et</strong></span> <span class='ocrx_word' id='word_1_62' title='bbox 1685 1303 2203 1362; x_wconf 86' lang='lat' dir='ltr'><strong>commeatuum²</strong></span> <span class='ocrx_word' id='word_1_63' title='bbox 2247 1286 2544 1363; x_wconf 78' lang='lat' dir='ltr'><strong>maxime</strong></span> 
     </span>
     <span class='ocr_line' id='line_1_10' title="bbox 331 1399 2542 1484; baseline 0.001 -21"><span class='ocrx_word' id='word_1_64' title='bbox 331 1399 623 1465; x_wconf 85' lang='lat' dir='ltr'><strong>celebre:</strong></span> <span class='ocrx_word' id='word_1_65' title='bbox 669 1400 764 1463; x_wconf 91' lang='lat' dir='ltr'><strong>ibi</strong></span> <span class='ocrx_word' id='word_1_66' title='bbox 794 1402 1166 1484; x_wconf 81' lang='lat' dir='ltr'><strong>ambiguuS,</strong></span> <span class='ocrx_word' id='word_1_67' title='bbox 1209 1421 1297 1465; x_wconf 88' lang='lat' dir='ltr'><strong>an</strong></span> <span class='ocrx_word' id='word_1_68' title='bbox 1341 1400 1524 1466; x_wconf 92' lang='lat' dir='ltr'><strong>illam</strong></span> <span class='ocrx_word' id='word_1_69' title='bbox 1569 1400 1798 1466; x_wconf 90' lang='lat' dir='ltr'><strong>sedem</strong></span> <span class='ocrx_word' id='word_1_70' title='bbox 1845 1402 2021 1467; x_wconf 91' lang='lat' dir='ltr'><strong>bello</strong></span> <span class='ocrx_word' id='word_1_71' title='bbox 2050 1401 2384 1483; x_wconf 87' lang='lat' dir='ltr'><strong>deligeret,</strong></span> <span class='ocrx_word' id='word_1_72' title='bbox 2415 1401 2542 1467; x_wconf 65' lang='lat' dir='ltr'><strong>cir-2</strong></span> 
     </span>
     <span class='ocr_line' id='line_1_11' title="bbox 331 1504 2544 1589; baseline 0 -23"><span class='ocrx_word' id='word_1_73' title='bbox 331 1508 721 1587; x_wconf 87' lang='lat' dir='ltr'><strong>cumspecta</strong></span> <span class='ocrx_word' id='word_1_74' title='bbox 749 1505 1177 1588; x_wconf 85' lang='lat' dir='ltr'><strong>infrequentia</strong></span> <span class='ocrx_word' id='word_1_75' title='bbox 1204 1505 1457 1583; x_wconf 78' lang='lat' dir='ltr'><strong>militis,</strong></span> <span class='ocrx_word' id='word_1_76' title='bbox 1489 1506 1788 1589; x_wconf 88' lang='lat' dir='ltr'><strong>satisque</strong></span> <span class='ocrx_word' id='word_1_77' title='bbox 1834 1506 2085 1587; x_wconf 84' lang='lat' dir='ltr'><strong>magnis</strong></span> <span class='ocrx_word' id='word_1_78' title='bbox 2130 1504 2544 1569; x_wconf 75' lang='lat' dir='ltr'><strong>documentis</strong></span> 
     </span>
     <span class='ocr_line' id='line_1_12' title="bbox 254 1596 2542 1693; baseline 0.001 -24"><span class='ocrx_word' id='word_1_79' title='bbox 254 1632 259 1635; x_wconf 90' lang='lat'><em>·</em></span> <span class='ocrx_word' id='word_1_80' title='bbox 327 1596 760 1672; x_wconf 84' lang='lat' dir='ltr'><strong>temeritatem</strong></span> <span class='ocrx_word' id='word_1_81' title='bbox 789 1606 1013 1672; x_wconf 90' lang='lat' dir='ltr'><strong>Petilii</strong></span> <span class='ocrx_word' id='word_1_82' title='bbox 1044 1606 1425 1685; x_wconf 70' lang='lat' dir='ltr'><strong>coercitam,</strong></span> <span class='ocrx_word' id='word_1_83' title='bbox 1473 1609 1675 1672; x_wconf 89' lang='lat' dir='ltr'><strong>unius</strong></span> <span class='ocrx_word' id='word_1_84' title='bbox 1721 1607 1960 1693; x_wconf 87' lang='lat' dir='ltr'><strong>oppidi</strong></span> <span class='ocrx_word' id='word_1_85' title='bbox 2008 1606 2247 1670; x_wconf 91' lang='lat' dir='ltr'><strong>damno</strong></span> <span class='ocrx_word' id='word_1_86' title='bbox 2277 1624 2542 1671; x_wconf 82' lang='lat' dir='ltr'><strong>servare</strong></span> 
     </span>
     <span class='ocr_line' id='line_1_13' title="bbox 327 1707 2541 1797; baseline 0.001 -25"><span class='ocrx_word' id='word_1_87' title='bbox 327 1707 640 1773; x_wconf 82' lang='lat' dir='ltr'><strong>universa</strong></span> <span class='ocrx_word' id='word_1_88' title='bbox 688 1711 940 1774; x_wconf 88' lang='lat' dir='ltr'><strong>statuit.</strong></span> <span class='ocrx_word' id='word_1_89' title='bbox 1033 1709 1273 1794; x_wconf 89' lang='lat' dir='ltr'><strong>Neque</strong></span> <span class='ocrx_word' id='word_1_90' title='bbox 1329 1711 1492 1776; x_wconf 89' lang='lat' dir='ltr'><strong>fletu</strong></span> <span class='ocrx_word' id='word_1_91' title='bbox 1542 1720 1608 1779; x_wconf 91' lang='lat' dir='ltr'><strong>et</strong></span> <span class='ocrx_word' id='word_1_92' title='bbox 1655 1712 1967 1797; x_wconf 88' lang='lat' dir='ltr'><strong>lacrymis</strong></span> <span class='ocrx_word' id='word_1_93' title='bbox 2018 1710 2343 1774; x_wconf 87' lang='lat' dir='ltr'><strong>auxilium</strong></span> <span class='ocrx_word' id='word_1_94' title='bbox 2393 1709 2541 1793; x_wconf 84' lang='lat' dir='ltr'><strong>ejus</strong></span> 
     </span>
     <span class='ocr_line' id='line_1_14' title="bbox 326 1813 2541 1901; baseline 0 -25"><span class='ocrx_word' id='word_1_95' title='bbox 326 1813 660 1876; x_wconf 88' lang='lat' dir='ltr'><strong>orantium</strong></span> <span class='ocrx_word' id='word_1_96' title='bbox 714 1813 932 1876; x_wconf 84' lang='lat' dir='ltr'><strong>flexus</strong></span> <span class='ocrx_word' id='word_1_97' title='bbox 983 1819 1106 1892; x_wconf 89' lang='lat' dir='ltr'><strong>est,</strong></span> <span class='ocrx_word' id='word_1_98' title='bbox 1159 1814 1320 1897; x_wconf 92' lang='lat' dir='ltr'><strong>quin</strong></span> <span class='ocrx_word' id='word_1_99' title='bbox 1380 1813 1572 1880; x_wconf 87' lang='lat' dir='ltr'><strong>daret</strong></span> <span class='ocrx_word' id='word_1_100' title='bbox 1619 1813 2045 1901; x_wconf 88' lang='lat' dir='ltr'><strong>profectionis</strong></span> <span class='ocrx_word' id='word_1_101' title='bbox 2103 1814 2401 1895; x_wconf 84' lang='lat' dir='ltr'><strong>siguum:</strong></span> <span class='ocrx_word' id='word_1_102' title='bbox 2472 1816 2541 1876; x_wconf 85' lang='lat' dir='ltr'><strong>et</strong></span> 
     </span>
    </p>
   </div>
   <div class='ocr_carea' id='block_1_3' title="bbox 334 404 1898 493">
    <p class='ocr_par' dir='ltr' id='par_1_4' title="bbox 334 404 1898 493">
     <span class='ocr_line' id='line_1_15' title="bbox 334 404 1898 493; baseline -0.005 -10"><span class='ocrx_word' id='word_1_103' title='bbox 334 404 617 493; x_wconf 53' lang='lat' dir='ltr'><strong>aclea]</strong></span> <span class='ocrx_word' id='word_1_104' title='bbox 1051 420 1469 472; x_wconf 62' lang='lat' dir='ltr'><strong>Aul-inmun</strong></span> <span class='ocrx_word' id='word_1_105' title='bbox 1534 423 1685 477; x_wconf 80' lang='lat' dir='ltr'><strong>mn.</strong></span> <span class='ocrx_word' id='word_1_106' title='bbox 1734 420 1898 475; x_wconf 78' lang='lat' dir='ltr'><strong>xlv.</strong></span> 
     </span>
    </p>
   </div>
   <div class='ocr_carea' id='block_1_4' title="bbox 316 1972 2543 2567">
    <p class='ocr_par' dir='ltr' id='par_1_5' title="bbox 318 1972 2541 2174">
     <span class='ocr_line' id='line_1_16' title="bbox 318 1972 2541 2045; baseline 0 -18"><span class='ocrx_word' id='word_1_107' title='bbox 318 1980 561 2043; x_wconf 73' lang='lat' dir='ltr'><strong>pedestres</strong></span> <span class='ocrx_word' id='word_1_108' title='bbox 572 1972 905 2042; x_wconf 58' lang='lat' dir='ltr'><strong>copiasomnes</strong></span> <span class='ocrx_word' id='word_1_109' title='bbox 925 1980 1151 2030; x_wconf 79' lang='lat' dir='ltr'><strong>occidere.</strong></span> <span class='ocrx_word' id='word_1_110' title='bbox 1220 1982 1429 2032; x_wconf 77' lang='lat' dir='ltr'><strong>Cerialis</strong></span> <span class='ocrx_word' id='word_1_111' title='bbox 1464 1998 1572 2032; x_wconf 78' lang='lat' dir='ltr'><strong>cum</strong></span> <span class='ocrx_word' id='word_1_112' title='bbox 1603 1982 1818 2045; x_wconf 68' lang='lat' dir='ltr'><strong>equitatu</strong></span> <span class='ocrx_word' id='word_1_113' title='bbox 1849 1980 2024 2045; x_wconf 66' lang='lat' dir='ltr'><strong>effingit</strong></span> <span class='ocrx_word' id='word_1_114' title='bbox 2062 1981 2115 2030; x_wconf 74' lang='lat' dir='ltr'><strong>in</strong></span> <span class='ocrx_word' id='word_1_115' title='bbox 2147 1980 2455 2040; x_wconf 74' lang='lat' dir='ltr'><strong>munimenta,</strong></span> <span class='ocrx_word' id='word_1_116' title='bbox 2492 1983 2541 2028; x_wconf 74' lang='lat' dir='ltr'><strong>at</strong></span> 
     </span>
     <span class='ocr_line' id='line_1_17' title="bbox 323 2044 2533 2111; baseline 0 -19"><span class='ocrx_word' id='word_1_117' title='bbox 323 2044 447 2093; x_wconf 76' lang='lat' dir='ltr'><strong>vallo</strong></span> <span class='ocrx_word' id='word_1_118' title='bbox 462 2049 705 2108; x_wconf 68' lang='lat' dir='ltr'><strong>protectus</strong></span> <span class='ocrx_word' id='word_1_119' title='bbox 722 2050 809 2093; x_wconf 77' lang='lat' dir='ltr'><strong>est.</strong></span> <span class='ocrx_word' id='word_1_120' title='bbox 879 2045 989 2101; x_wconf 72' lang='lat' dir='ltr'><strong>Qua</strong></span> <span class='ocrx_word' id='word_1_121' title='bbox 1025 2045 1309 2110; x_wconf 77' lang='lat' dir='ltr'><strong>calamitate,</strong></span> <span class='ocrx_word' id='word_1_122' title='bbox 1337 2053 1385 2096; x_wconf 81' lang='lat' dir='ltr'><strong>et</strong></span> <span class='ocrx_word' id='word_1_123' title='bbox 1420 2047 1752 2111; x_wconf 74' lang='lat' dir='ltr'><strong>offensionibus</strong></span> <span class='ocrx_word' id='word_1_124' title='bbox 1787 2048 2034 2109; x_wconf 70' lang='lat' dir='ltr'><strong>sociorum,</strong></span> <span class='ocrx_word' id='word_1_125' title='bbox 2057 2061 2168 2109; x_wconf 75' lang='lat' dir='ltr'><strong>quos</strong></span> <span class='ocrx_word' id='word_1_126' title='bbox 2194 2045 2402 2095; x_wconf 72' lang='lat' dir='ltr'><strong>avaritia</strong></span> <span class='ocrx_word' id='word_1_127' title='bbox 2437 2057 2533 2093; x_wconf 85' lang='lat' dir='ltr'><strong>sua</strong></span> 
     </span>
     <span class='ocr_line' id='line_1_18' title="bbox 321 2111 2088 2174; baseline 0.002 -17"><span class='ocrx_word' id='word_1_128' title='bbox 321 2111 388 2158; x_wconf 81' lang='lat' dir='ltr'><strong>ad</strong></span> <span class='ocrx_word' id='word_1_129' title='bbox 407 2123 546 2157; x_wconf 71' lang='lat' dir='ltr'><strong>arma</strong></span> <span class='ocrx_word' id='word_1_130' title='bbox 562 2112 865 2172; x_wconf 75' lang='lat' dir='ltr'><strong>compulerat,</strong></span> <span class='ocrx_word' id='word_1_131' title='bbox 883 2112 1079 2172; x_wconf 71' lang='lat' dir='ltr'><strong>pavidus</strong></span> <span class='ocrx_word' id='word_1_132' title='bbox 1098 2118 1377 2174; x_wconf 71' lang='lat' dir='ltr'><strong>procurator</strong></span> <span class='ocrx_word' id='word_1_133' title='bbox 1402 2114 1554 2162; x_wconf 70' lang='lat' dir='ltr'><strong>Catus</strong></span> <span class='ocrx_word' id='word_1_134' title='bbox 1568 2113 1762 2162; x_wconf 75' lang='lat' dir='ltr'><strong>transiit</strong></span> <span class='ocrx_word' id='word_1_135' title='bbox 1783 2112 1836 2161; x_wconf 74' lang='lat' dir='ltr'><strong>in</strong></span> <span class='ocrx_word' id='word_1_136' title='bbox 1861 2111 2088 2161; x_wconf 73' lang='lat' dir='ltr'><strong>Galliam.</strong></span> 
     </span>
    </p>

    <p class='ocr_par' dir='ltr' id='par_1_6' title="bbox 316 2171 2543 2567">
     <span class='ocr_line' id='line_1_19' title="bbox 386 2171 2543 2240; baseline -0.001 -17"><span class='ocrx_word' id='word_1_137' title='bbox 386 2174 461 2223; x_wconf 76' lang='lat' dir='ltr'><strong>At</strong></span> <span class='ocrx_word' id='word_1_138' title='bbox 481 2172 736 2223; x_wconf 74' lang='lat' dir='ltr'><strong>Suetonius</strong></span> <span class='ocrx_word' id='word_1_139' title='bbox 755 2177 876 2223; x_wconf 80' lang='lat' dir='ltr'><strong>mira</strong></span> <span class='ocrx_word' id='word_1_140' title='bbox 902 2174 1197 2234; x_wconf 75' lang='lat' dir='ltr'><strong>fortitudine</strong></span> <span class='ocrx_word' id='word_1_141' title='bbox 1219 2192 1275 2225; x_wconf 82' lang='lat' dir='ltr'><strong>ac</strong></span> <span class='ocrx_word' id='word_1_142' title='bbox 1291 2177 1559 2240; x_wconf 75' lang='lat' dir='ltr'><strong>pervicacia</strong></span> <span class='ocrx_word' id='word_1_143' title='bbox 1596 2178 1723 2227; x_wconf 75' lang='lat' dir='ltr'><strong>inter</strong></span> <span class='ocrx_word' id='word_1_144' title='bbox 1754 2178 1928 2226; x_wconf 80' lang='lat' dir='ltr'><strong>medios</strong></span> <span class='ocrx_word' id='word_1_145' title='bbox 1964 2176 2117 2225; x_wconf 68' lang='lat' dir='ltr'><strong>hostes</strong></span> <span class='ocrx_word' id='word_1_146' title='bbox 2134 2173 2399 2239; x_wconf 68' lang='lat' dir='ltr'><strong>penetravit</strong></span> <span class='ocrx_word' id='word_1_147' title='bbox 2417 2171 2543 2222; x_wconf 69' lang='lat' dir='ltr'><strong>Lon-</strong></span> 
     </span>
     <span class='ocr_line' id='line_1_20' title="bbox 320 2238 2541 2305; baseline -0 -18"><span class='ocrx_word' id='word_1_148' title='bbox 320 2238 528 2298; x_wconf 73' lang='lat' dir='ltr'><strong>dinium,</strong></span> <span class='ocrx_word' id='word_1_149' title='bbox 547 2239 792 2302; x_wconf 87' lang='lat' dir='ltr'><strong>oppidum</strong></span> <span class='ocrx_word' id='word_1_150' title='bbox 817 2242 1019 2288; x_wconf 69' lang='lat' dir='ltr'><strong>nondam</strong></span> <span class='ocrx_word' id='word_1_151' title='bbox 1038 2241 1226 2303; x_wconf 72' lang='lat' dir='ltr'><strong>quidem</strong></span> <span class='ocrx_word' id='word_1_152' title='bbox 1247 2242 1430 2291; x_wconf 75' lang='lat' dir='ltr'><strong>nomine</strong></span> <span class='ocrx_word' id='word_1_153' title='bbox 1451 2242 1642 2291; x_wconf 79' lang='lat' dir='ltr'><strong>colouiae</strong></span> <span class='ocrx_word' id='word_1_154' title='bbox 1662 2242 1963 2303; x_wconf 75' lang='lat' dir='ltr'><strong>insignitum,</strong></span> <span class='ocrx_word' id='word_1_155' title='bbox 1983 2242 2066 2289; x_wconf 80' lang='lat' dir='ltr'><strong>sed</strong></span> <span class='ocrx_word' id='word_1_156' title='bbox 2087 2239 2330 2305; x_wconf 72' lang='lat' dir='ltr'><strong>affluentia</strong></span> <span class='ocrx_word' id='word_1_157' title='bbox 2362 2250 2541 2287; x_wconf 81' lang='lat' dir='ltr'><strong>merca·</strong></span> 
     </span>
     <span class='ocr_line' id='line_1_21' title="bbox 316 2305 2543 2369; baseline -0 -18"><span class='ocrx_word' id='word_1_158' title='bbox 316 2308 481 2352; x_wconf 75' lang='lat' dir='ltr'><strong>torum</strong></span> <span class='ocrx_word' id='word_1_159' title='bbox 514 2310 564 2353; x_wconf 72' lang='lat' dir='ltr'><strong>et</strong></span> <span class='ocrx_word' id='word_1_160' title='bbox 595 2305 741 2368; x_wconf 81' lang='lat' dir='ltr'><strong>copioe</strong></span> <span class='ocrx_word' id='word_1_161' title='bbox 762 2305 969 2353; x_wconf 73' lang='lat' dir='ltr'><strong>maxime</strong></span> <span class='ocrx_word' id='word_1_162' title='bbox 991 2306 1234 2369; x_wconf 71' lang='lat' dir='ltr'><strong>inclytam.</strong></span> <span class='ocrx_word' id='word_1_163' title='bbox 1324 2307 1403 2354; x_wconf 79' lang='lat' dir='ltr'><strong>Ibi</strong></span> <span class='ocrx_word' id='word_1_164' title='bbox 1441 2307 1682 2368; x_wconf 73' lang='lat' dir='ltr'><strong>dubitans,</strong></span> <span class='ocrx_word' id='word_1_165' title='bbox 1702 2321 1765 2355; x_wconf 74' lang='lat' dir='ltr'><strong>an</strong></span> <span class='ocrx_word' id='word_1_166' title='bbox 1784 2307 1916 2354; x_wconf 77' lang='lat' dir='ltr'><strong>illam</strong></span> <span class='ocrx_word' id='word_1_167' title='bbox 1953 2305 2071 2353; x_wconf 79' lang='lat' dir='ltr'><strong>bello</strong></span> <span class='ocrx_word' id='word_1_168' title='bbox 2092 2319 2248 2353; x_wconf 79' lang='lat' dir='ltr'><strong>arcem</strong></span> <span class='ocrx_word' id='word_1_169' title='bbox 2269 2306 2543 2364; x_wconf 71' lang='lat' dir='ltr'><strong>assumeret,</strong></span> 
     </span>
     <span class='ocr_line' id='line_1_22' title="bbox 317 2369 2540 2434; baseline -0 -18"><span class='ocrx_word' id='word_1_170' title='bbox 317 2369 700 2418; x_wconf 51' lang='lat' dir='ltr'><strong>&amp;advertens</strong></span> <span class='ocrx_word' id='word_1_171' title='bbox 729 2370 1016 2432; x_wconf 67' lang='lat' dir='ltr'><strong>paucitatem</strong></span> <span class='ocrx_word' id='word_1_172' title='bbox 1053 2371 1275 2431; x_wconf 70' lang='lat' dir='ltr'><strong>militnm,</strong></span> <span class='ocrx_word' id='word_1_173' title='bbox 1312 2372 1517 2434; x_wconf 71' lang='lat' dir='ltr'><strong>satisque</strong></span> <span class='ocrx_word' id='word_1_174' title='bbox 1550 2370 1696 2419; x_wconf 80' lang='lat' dir='ltr'><strong>elaris</strong></span> <span class='ocrx_word' id='word_1_175' title='bbox 1728 2371 2082 2432; x_wconf 61' lang='lat' dir='ltr'><strong>experimentis</strong></span> <span class='ocrx_word' id='word_1_176' title='bbox 2100 2369 2387 2429; x_wconf 66' lang='lat' dir='ltr'><strong>castigatam</strong></span> <span class='ocrx_word' id='word_1_177' title='bbox 2426 2380 2540 2415; x_wconf 77' lang='lat' dir='ltr'><strong>esse</strong></span> 
     </span>
     <span class='ocr_line' id='line_1_23' title="bbox 319 2430 2539 2499; baseline -0 -18"><span class='ocrx_word' id='word_1_178' title='bbox 319 2433 692 2497; x_wconf 70' lang='lat' dir='ltr'><strong>inprudentiam</strong></span> <span class='ocrx_word' id='word_1_179' title='bbox 724 2434 916 2496; x_wconf 70' lang='lat' dir='ltr'><strong>Petilii,</strong></span> <span class='ocrx_word' id='word_1_180' title='bbox 952 2436 1159 2486; x_wconf 72' lang='lat' dir='ltr'><strong>decrevit</strong></span> <span class='ocrx_word' id='word_1_181' title='bbox 1176 2440 1333 2485; x_wconf 81' lang='lat' dir='ltr'><strong>cetera</strong></span> <span class='ocrx_word' id='word_1_182' title='bbox 1352 2435 1609 2499; x_wconf 77' lang='lat' dir='ltr'><strong>provincioe</strong></span> <span class='ocrx_word' id='word_1_183' title='bbox 1629 2435 1753 2485; x_wconf 75' lang='lat' dir='ltr'><strong>tueri</strong></span> <span class='ocrx_word' id='word_1_184' title='bbox 1773 2436 1905 2484; x_wconf 80' lang='lat' dir='ltr'><strong>clade</strong></span> <span class='ocrx_word' id='word_1_185' title='bbox 1925 2450 1982 2483; x_wconf 76' lang='lat' dir='ltr'><strong>ac</strong></span> <span class='ocrx_word' id='word_1_186' title='bbox 2002 2433 2198 2495; x_wconf 73' lang='lat' dir='ltr'><strong>jactam</strong></span> <span class='ocrx_word' id='word_1_187' title='bbox 2231 2433 2369 2482; x_wconf 70' lang='lat' dir='ltr'><strong>unias</strong></span> <span class='ocrx_word' id='word_1_188' title='bbox 2387 2430 2539 2481; x_wconf 70' lang='lat' dir='ltr'><strong>urbis.</strong></span> 
     </span>
     <span class='ocr_line' id='line_1_24' title="bbox 321 2495 2541 2567; baseline -0.001 -19"><span class='ocrx_word' id='word_1_189' title='bbox 321 2500 491 2565; x_wconf 71' lang='lat' dir='ltr'><strong>Neque</strong></span> <span class='ocrx_word' id='word_1_190' title='bbox 528 2500 719 2551; x_wconf 76' lang='lat' dir='ltr'><strong>exorari</strong></span> <span class='ocrx_word' id='word_1_191' title='bbox 751 2501 910 2565; x_wconf 75' lang='lat' dir='ltr'><strong>potuit</strong></span> <span class='ocrx_word' id='word_1_192' title='bbox 927 2503 1115 2565; x_wconf 74' lang='lat' dir='ltr'><strong>gemitu</strong></span> <span class='ocrx_word' id='word_1_193' title='bbox 1147 2502 1447 2567; x_wconf 70' lang='lat' dir='ltr'><strong>autfletibus</strong></span> <span class='ocrx_word' id='word_1_194' title='bbox 1476 2516 1655 2552; x_wconf 82' lang='lat' dir='ltr'><strong>eorum</strong></span> <span class='ocrx_word' id='word_1_195' title='bbox 1676 2500 1757 2565; x_wconf 74' lang='lat' dir='ltr'><strong>qai</strong></span> <span class='ocrx_word' id='word_1_196' title='bbox 1787 2515 1921 2565; x_wconf 76' lang='lat' dir='ltr'><strong>opem</strong></span> <span class='ocrx_word' id='word_1_197' title='bbox 1940 2501 2043 2562; x_wconf 72' lang='lat' dir='ltr'><strong>ejus</strong></span> <span class='ocrx_word' id='word_1_198' title='bbox 2071 2497 2407 2563; x_wconf 74' lang='lat' dir='ltr'><strong>implorabant,</strong></span> <span class='ocrx_word' id='word_1_199' title='bbox 2428 2495 2541 2560; x_wconf 75' lang='lat' dir='ltr'><strong>quin</strong></span> 
     </span>
    </p>
   </div>
   <div class='ocr_carea' id='block_1_5' title="bbox 1256 2637 1612 2682">
    <p class='ocr_par' dir='ltr' id='par_1_7' title="bbox 1256 2637 1612 2682">
     <span class='ocr_line' id='line_1_25' title="bbox 1256 2637 1612 2682; baseline -0.003 -25"><span class='ocrx_word' id='word_1_200' title='bbox 1256 2637 1612 2682; x_wconf 56' lang='lat' dir='ltr'><strong>‘NOOOOOOfOO</strong></span> 
     </span>
    </p>
   </div>
   <div class='ocr_carea' id='block_1_6' title="bbox 319 2721 2586 2921">
    <p class='ocr_par' dir='ltr' id='par_1_8' title="bbox 319 2721 2586 2921">
     <span class='ocr_line' id='line_1_26' title="bbox 319 2721 1922 2789; baseline 0.001 -19"><span class='ocrx_word' id='word_1_201' title='bbox 319 2725 451 2771; x_wconf 82' lang='lat'><strong>-15</strong></span> <span class='ocrx_word' id='word_1_202' title='bbox 488 2722 573 2772; x_wconf 87' lang='lat' dir='ltr'><strong>Sic</strong></span> <span class='ocrx_word' id='word_1_203' title='bbox 593 2729 737 2773; x_wconf 90' lang='lat' dir='ltr'><strong>recte</strong></span> <span class='ocrx_word' id='word_1_204' title='bbox 759 2724 924 2774; x_wconf 83' lang='lat' dir='ltr'><strong>Rhen.</strong></span> <span class='ocrx_word' id='word_1_205' title='bbox 948 2740 978 2775; x_wconf 87' lang='lat' dir='ltr'><strong>e</strong></span> <span class='ocrx_word' id='word_1_206' title='bbox 1001 2724 1232 2774; x_wconf 88' lang='lat' dir='ltr'><strong>Budeus.</strong></span> <span class='ocrx_word' id='word_1_207' title='bbox 1258 2724 1403 2789; x_wconf 87' lang='lat' dir='ltr'><strong>prius</strong></span> <span class='ocrx_word' id='word_1_208' title='bbox 1427 2724 1621 2773; x_wconf 79' lang='lat' dir='ltr'><strong>transit.</strong></span> <span class='ocrx_word' id='word_1_209' title='bbox 1649 2721 1833 2772; x_wconf 87' lang='lat' dir='ltr'><strong>Oberl.</strong></span> <span class='ocrx_word' id='word_1_210' title='bbox 1913 2744 1922 2748; x_wconf 92' lang='lat'><strong>·</strong></span> 
     </span>
     <span class='ocr_line' id='line_1_27' title="bbox 389 2782 2586 2840; baseline -0.001 -4"><span class='ocrx_word' id='word_1_211' title='bbox 389 2792 417 2836; x_wconf 88' lang='lat'>1</span> <span class='ocrx_word' id='word_1_212' title='bbox 456 2786 683 2839; x_wconf 85' lang='lat' dir='ltr'><strong>Quidam</strong></span> <span class='ocrx_word' id='word_1_213' title='bbox 706 2790 837 2839; x_wconf 83' lang='lat' dir='ltr'><strong>Mss.</strong></span> <span class='ocrx_word' id='word_1_214' title='bbox 858 2790 1063 2840; x_wconf 77' lang='lat' dir='ltr'><strong>medius.-</strong></span> <span class='ocrx_word' id='word_1_215' title='bbox 1088 2790 1187 2839; x_wconf 87' lang='lat' dir='ltr'><strong>hoc</strong></span> <span class='ocrx_word' id='word_1_216' title='bbox 1223 2789 1385 2839; x_wconf 86' lang='lat' dir='ltr'><strong>habet</strong></span> <span class='ocrx_word' id='word_1_217' title='bbox 1411 2787 1593 2839; x_wconf 85' lang='lat' dir='ltr'><strong>Guelf.</strong></span> <span class='ocrx_word' id='word_1_218' title='bbox 1616 2796 1778 2838; x_wconf 86' lang='lat' dir='ltr'><strong>recte.</strong></span> <span class='ocrx_word' id='word_1_219' title='bbox 1814 2788 2109 2837; x_wconf 50' lang='lat' dir='ltr'><strong>Emesa—2</strong></span> <span class='ocrx_word' id='word_1_220' title='bbox 2134 2785 2223 2835; x_wconf 84' lang='lat' dir='ltr'><strong>Ita</strong></span> <span class='ocrx_word' id='word_1_221' title='bbox 2247 2782 2537 2834; x_wconf 76' lang='lat' dir='ltr'><strong>Mss.1·&#39;lor.</strong></span> <span class='ocrx_word' id='word_1_222' title='bbox 2579 2806 2586 2811; x_wconf 95' lang='lat'><strong>·</strong></span> 
     </span>
     <span class='ocr_line' id='line_1_28' title="bbox 323 2848 2540 2921; baseline -0.001 -20"><span class='ocrx_word' id='word_1_223' title='bbox 323 2848 459 2917; x_wconf 82' lang='lat' dir='ltr'><strong>Reg.</strong></span> <span class='ocrx_word' id='word_1_224' title='bbox 483 2851 642 2904; x_wconf 87' lang='lat' dir='ltr'><strong>Corb.</strong></span> <span class='ocrx_word' id='word_1_225' title='bbox 663 2853 825 2904; x_wconf 89' lang='lat' dir='ltr'><strong>editio</strong></span> <span class='ocrx_word' id='word_1_226' title='bbox 849 2855 1093 2921; x_wconf 86' lang='lat' dir='ltr'><strong>princeps</strong></span> <span class='ocrx_word' id='word_1_227' title='bbox 1118 2860 1174 2905; x_wconf 90' lang='lat' dir='ltr'><strong>et</strong></span> <span class='ocrx_word' id='word_1_228' title='bbox 1191 2854 1531 2905; x_wconf 74' lang='lat' dir='ltr'><strong>recentiores,</strong></span> <span class='ocrx_word' id='word_1_229' title='bbox 1598 2854 1664 2904; x_wconf 89' lang='lat' dir='ltr'><strong>Iu</strong></span> <span class='ocrx_word' id='word_1_230' title='bbox 1686 2854 1819 2904; x_wconf 87' lang='lat' dir='ltr'><strong>Mss.</strong></span> <span class='ocrx_word' id='word_1_231' title='bbox 1856 2852 2005 2903; x_wconf 81' lang='lat' dir='ltr'><strong>Harl.</strong></span> <span class='ocrx_word' id='word_1_232' title='bbox 2039 2851 2190 2902; x_wconf 86' lang='lat' dir='ltr'><strong>Bodl.</strong></span> <span class='ocrx_word' id='word_1_233' title='bbox 2222 2850 2337 2902; x_wconf 81' lang='lat' dir='ltr'><strong>Jes.</strong></span> <span class='ocrx_word' id='word_1_234' title='bbox 2359 2855 2415 2900; x_wconf 90' lang='lat' dir='ltr'><strong>et</strong></span> <span class='ocrx_word' id='word_1_235' title='bbox 2437 2848 2540 2898; x_wconf 86' lang='lat' dir='ltr'><strong>Pu-</strong></span> 
     </span>
    </p>
   </div>
   <div class='ocr_carea' id='block_1_7' title="bbox 1331 2976 1547 3028">
    <p class='ocr_par' dir='ltr' id='par_1_9' title="bbox 1331 2976 1547 3028">
     <span class='ocr_line' id='line_1_29' title="bbox 1331 2976 1547 3028; baseline 0.005 -1"><span class='ocrx_word' id='word_1_236' title='bbox 1331 2976 1547 3028; x_wconf 78' lang='lat' dir='ltr'><strong>NOTAE</strong></span> 
     </span>
    </p>
   </div>
   <div class='ocr_carea' id='block_1_8' title="bbox 315 3071 1391 4294">
    <p class='ocr_par' dir='ltr' id='par_1_10' title="bbox 318 3071 1391 3436">
     <span class='ocr_line' id='line_1_30' title="bbox 384 3071 1389 3139; baseline 0.005 -19"><span class='ocrx_word' id='word_1_237' title='bbox 384 3078 421 3104; x_wconf 73' lang='lat'><strong>&#39;⁹</strong></span> <span class='ocrx_word' id='word_1_238' title='bbox 454 3071 526 3121; x_wconf 81' lang='lat' dir='ltr'><strong>Et</strong></span> <span class='ocrx_word' id='word_1_239' title='bbox 544 3074 912 3138; x_wconf 76' lang='lat' dir='ltr'><strong>quodpeditum]</strong></span> <span class='ocrx_word' id='word_1_240' title='bbox 941 3075 1225 3139; x_wconf 82' lang='lat' dir='ltr'><strong>Legionem</strong></span> <span class='ocrx_word' id='word_1_241' title='bbox 1250 3073 1389 3125; x_wconf 82' lang='lat' dir='ltr'><strong>fudit</strong></span> 
     </span>
     <span class='ocr_line' id='line_1_31' title="bbox 320 3149 1389 3216; baseline 0.002 -16"><span class='ocrx_word' id='word_1_242' title='bbox 320 3149 604 3200; x_wconf 78' lang='lat' dir='ltr'><strong>Britannus</strong></span> <span class='ocrx_word' id='word_1_243' title='bbox 639 3151 825 3215; x_wconf 88' lang='lat' dir='ltr'><strong>victor,</strong></span> <span class='ocrx_word' id='word_1_244' title='bbox 864 3157 919 3202; x_wconf 89' lang='lat' dir='ltr'><strong>et</strong></span> <span class='ocrx_word' id='word_1_245' title='bbox 964 3166 1139 3202; x_wconf 84' lang='lat' dir='ltr'><strong>omnes</strong></span> <span class='ocrx_word' id='word_1_246' title='bbox 1181 3153 1389 3216; x_wconf 87' lang='lat' dir='ltr'><strong>pedites</strong></span> 
     </span>
     <span class='ocr_line' id='line_1_32' title="bbox 318 3226 1391 3292; baseline 0.005 -18"><span class='ocrx_word' id='word_1_247' title='bbox 318 3226 533 3291; x_wconf 79' lang='lat' dir='ltr'><strong>hujusce</strong></span> <span class='ocrx_word' id='word_1_248' title='bbox 564 3228 783 3292; x_wconf 78' lang='lat' dir='ltr'><strong>legionis</strong></span> <span class='ocrx_word' id='word_1_249' title='bbox 816 3243 966 3279; x_wconf 76' lang='lat' dir='ltr'><strong>nonae</strong></span> <span class='ocrx_word' id='word_1_250' title='bbox 998 3229 1299 3290; x_wconf 77' lang='lat' dir='ltr'><strong>interfecit3</strong></span> <span class='ocrx_word' id='word_1_251' title='bbox 1334 3236 1391 3279; x_wconf 88' lang='lat' dir='ltr'><strong>at</strong></span> 
     </span>
     <span class='ocr_line' id='line_1_33' title="bbox 319 3302 1390 3371; baseline 0.005 -19"><span class='ocrx_word' id='word_1_252' title='bbox 319 3302 526 3369; x_wconf 79' lang='lat' dir='ltr'><strong>equites</strong></span> <span class='ocrx_word' id='word_1_253' title='bbox 544 3305 778 3369; x_wconf 86' lang='lat' dir='ltr'><strong>ejusdem</strong></span> <span class='ocrx_word' id='word_1_254' title='bbox 793 3307 1010 3371; x_wconf 85' lang='lat' dir='ltr'><strong>legionis</strong></span> <span class='ocrx_word' id='word_1_255' title='bbox 1034 3321 1251 3357; x_wconf 83' lang='lat' dir='ltr'><strong>evasere</strong></span> <span class='ocrx_word' id='word_1_256' title='bbox 1271 3322 1390 3357; x_wconf 88' lang='lat' dir='ltr'><strong>cum</strong></span> 
     </span>
     <span class='ocr_line' id='line_1_34' title="bbox 321 3380 1081 3436; baseline 0.008 -6"><span class='ocrx_word' id='word_1_257' title='bbox 321 3386 417 3431; x_wconf 85' lang='lat' dir='ltr'><strong>&#39;suo</strong></span> <span class='ocrx_word' id='word_1_258' title='bbox 437 3380 575 3432; x_wconf 89' lang='lat' dir='ltr'><strong>duce</strong></span> <span class='ocrx_word' id='word_1_259' title='bbox 598 3382 789 3433; x_wconf 83' lang='lat' dir='ltr'><strong>Ceriali</strong></span> <span class='ocrx_word' id='word_1_260' title='bbox 811 3385 866 3433; x_wconf 90' lang='lat' dir='ltr'><strong>in</strong></span> <span class='ocrx_word' id='word_1_261' title='bbox 889 3392 1081 3436; x_wconf 86' lang='lat' dir='ltr'><strong>castra.</strong></span> 
     </span>
    </p>

    <p class='ocr_par' dir='ltr' id='par_1_11' title="bbox 315 3457 1391 4204">
     <span class='ocr_line' id='line_1_35' title="bbox 384 3457 1390 3526; baseline 0.004 -21"><span class='ocrx_word' id='word_1_262' title='bbox 384 3464 411 3491; x_wconf 77' lang='lat'>¹</span> <span class='ocrx_word' id='word_1_263' title='bbox 444 3457 509 3505; x_wconf 79' lang='lat' dir='ltr'><strong>Iu</strong></span> <span class='ocrx_word' id='word_1_264' title='bbox 547 3461 726 3525; x_wconf 80' lang='lat' dir='ltr'><strong>castra]</strong></span> <span class='ocrx_word' id='word_1_265' title='bbox 778 3461 898 3510; x_wconf 91' lang='lat' dir='ltr'><strong>Non</strong></span> <span class='ocrx_word' id='word_1_266' title='bbox 936 3468 1086 3526; x_wconf 87' lang='lat' dir='ltr'><strong>puto,</strong></span> <span class='ocrx_word' id='word_1_267' title='bbox 1138 3462 1191 3511; x_wconf 75' lang='lat' dir='ltr'><strong>in</strong></span> <span class='ocrx_word' id='word_1_268' title='bbox 1230 3466 1390 3510; x_wconf 72' lang='lat' dir='ltr'><strong>eastra</strong></span> 
     </span>
     <span class='ocr_line' id='line_1_36' title="bbox 318 3533 1390 3601; baseline 0.004 -20"><span class='ocrx_word' id='word_1_269' title='bbox 318 3533 548 3597; x_wconf 81' lang='lat' dir='ltr'><strong>Paulini,</strong></span> <span class='ocrx_word' id='word_1_270' title='bbox 571 3537 659 3600; x_wconf 86' lang='lat' dir='ltr'><strong>qui</strong></span> <span class='ocrx_word' id='word_1_271' title='bbox 691 3537 897 3601; x_wconf 82' lang='lat' dir='ltr'><strong>lougius</strong></span> <span class='ocrx_word' id='word_1_272' title='bbox 915 3539 1115 3600; x_wconf 81' lang='lat' dir='ltr'><strong>aberat,</strong></span> <span class='ocrx_word' id='word_1_273' title='bbox 1140 3543 1291 3588; x_wconf 87' lang='lat' dir='ltr'><strong>extra</strong></span> <span class='ocrx_word' id='word_1_274' title='bbox 1314 3538 1390 3585; x_wconf 90' lang='lat' dir='ltr'><strong>in-</strong></span> 
     </span>
     <span class='ocr_line' id='line_1_37' title="bbox 316 3610 1391 3675; baseline 0.003 -16"><span class='ocrx_word' id='word_1_275' title='bbox 316 3610 446 3660; x_wconf 81' lang='lat' dir='ltr'><strong>&#39;snlae</strong></span> <span class='ocrx_word' id='word_1_276' title='bbox 504 3613 893 3675; x_wconf 81' lang='lat' dir='ltr'><strong>coutinentem3</strong></span> <span class='ocrx_word' id='word_1_277' title='bbox 948 3614 1039 3663; x_wconf 85' lang='lat' dir='ltr'><strong>sed</strong></span> <span class='ocrx_word' id='word_1_278' title='bbox 1090 3614 1143 3662; x_wconf 91' lang='lat' dir='ltr'><strong>in</strong></span> <span class='ocrx_word' id='word_1_279' title='bbox 1197 3614 1391 3663; x_wconf 83' lang='lat' dir='ltr'><strong>stativa</strong></span> 
     </span>
     <span class='ocr_line' id='line_1_38' title="bbox 318 3689 1389 3753; baseline 0.001 -15"><span class='ocrx_word' id='word_1_280' title='bbox 318 3693 513 3751; x_wconf 83' lang='lat' dir='ltr'><strong>castra,</strong></span> <span class='ocrx_word' id='word_1_281' title='bbox 550 3703 665 3753; x_wconf 82' lang='lat' dir='ltr'><strong>quae</strong></span> <span class='ocrx_word' id='word_1_282' title='bbox 710 3689 869 3738; x_wconf 86' lang='lat' dir='ltr'><strong>etiam</strong></span> <span class='ocrx_word' id='word_1_283' title='bbox 901 3690 1025 3739; x_wconf 86' lang='lat' dir='ltr'><strong>dum</strong></span> <span class='ocrx_word' id='word_1_284' title='bbox 1060 3689 1268 3740; x_wconf 84' lang='lat' dir='ltr'><strong>abesset</strong></span> <span class='ocrx_word' id='word_1_285' title='bbox 1301 3690 1389 3739; x_wconf 89' lang='lat' dir='ltr'><strong>ille</strong></span> 
     </span>
     <span class='ocr_line' id='line_1_39' title="bbox 317 3762 1389 3829; baseline 0.004 -17"><span class='ocrx_word' id='word_1_286' title='bbox 317 3762 446 3828; x_wconf 80' lang='lat' dir='ltr'><strong>dux,</strong></span> <span class='ocrx_word' id='word_1_287' title='bbox 500 3765 840 3815; x_wconf 84' lang='lat' dir='ltr'><strong>servabantur</strong></span> <span class='ocrx_word' id='word_1_288' title='bbox 899 3766 1164 3829; x_wconf 86' lang='lat' dir='ltr'><strong>praesidio.</strong></span> <span class='ocrx_word' id='word_1_289' title='bbox 1265 3767 1389 3816; x_wconf 89' lang='lat' dir='ltr'><strong>Non</strong></span> 
     </span>
     <span class='ocr_line' id='line_1_40' title="bbox 319 3841 1388 3896; baseline 0.004 -4"><span class='ocrx_word' id='word_1_290' title='bbox 319 3841 460 3892; x_wconf 81' lang='lat' dir='ltr'><strong>forte</strong></span> <span class='ocrx_word' id='word_1_291' title='bbox 481 3849 656 3894; x_wconf 88' lang='lat' dir='ltr'><strong>tamen</strong></span> <span class='ocrx_word' id='word_1_292' title='bbox 688 3845 744 3894; x_wconf 90' lang='lat' dir='ltr'><strong>in</strong></span> <span class='ocrx_word' id='word_1_293' title='bbox 780 3853 957 3894; x_wconf 86' lang='lat' dir='ltr'><strong>castra</strong></span> <span class='ocrx_word' id='word_1_294' title='bbox 993 3847 1153 3895; x_wconf 86' lang='lat' dir='ltr'><strong>totius</strong></span> <span class='ocrx_word' id='word_1_295' title='bbox 1187 3847 1388 3896; x_wconf 77' lang='lat' dir='ltr'><strong>exerci-</strong></span> 
     </span>
     <span class='ocr_line' id='line_1_41' title="bbox 318 3919 1386 3987; baseline 0.005 -19"><span class='ocrx_word' id='word_1_296' title='bbox 318 3926 404 3969; x_wconf 84' lang='lat' dir='ltr'><strong>tus</strong></span> <span class='ocrx_word' id='word_1_297' title='bbox 421 3933 479 3969; x_wconf 82' lang='lat' dir='ltr'><strong>se</strong></span> <span class='ocrx_word' id='word_1_298' title='bbox 503 3921 724 3985; x_wconf 88' lang='lat' dir='ltr'><strong>recepit,</strong></span> <span class='ocrx_word' id='word_1_299' title='bbox 745 3937 899 3987; x_wconf 87' lang='lat' dir='ltr'><strong>quem</strong></span> <span class='ocrx_word' id='word_1_300' title='bbox 932 3919 1044 3972; x_wconf 82' lang='lat' dir='ltr'><strong>fere</strong></span> <span class='ocrx_word' id='word_1_301' title='bbox 1084 3937 1261 3972; x_wconf 86' lang='lat' dir='ltr'><strong>secum</strong></span> <span class='ocrx_word' id='word_1_302' title='bbox 1296 3923 1386 3973; x_wconf 87' lang='lat' dir='ltr'><strong>ad-</strong></span> 
     </span>
     <span class='ocr_line' id='line_1_42' title="bbox 316 3995 1380 4061; baseline 0.004 -14"><span class='ocrx_word' id='word_1_303' title='bbox 316 3995 544 4048; x_wconf 77' lang='lat' dir='ltr'><strong>duxerat</strong></span> <span class='ocrx_word' id='word_1_304' title='bbox 564 3999 834 4061; x_wconf 81' lang='lat' dir='ltr'><strong>Paulinus,</strong></span> <span class='ocrx_word' id='word_1_305' title='bbox 869 4000 959 4048; x_wconf 88' lang='lat' dir='ltr'><strong>sed</strong></span> <span class='ocrx_word' id='word_1_306' title='bbox 995 4001 1051 4049; x_wconf 89' lang='lat' dir='ltr'><strong>in</strong></span> <span class='ocrx_word' id='word_1_307' title='bbox 1081 4009 1254 4050; x_wconf 87' lang='lat' dir='ltr'><strong>castra</strong></span> <span class='ocrx_word' id='word_1_308' title='bbox 1275 4016 1380 4051; x_wconf 81' lang='lat' dir='ltr'><strong>suae</strong></span> 
     </span>
     <span class='ocr_line' id='line_1_43' title="bbox 315 4074 1383 4142; baseline 0.004 -19"><span class='ocrx_word' id='word_1_309' title='bbox 315 4074 553 4139; x_wconf 83' lang='lat' dir='ltr'><strong>legionis,</strong></span> <span class='ocrx_word' id='word_1_310' title='bbox 599 4090 711 4141; x_wconf 84' lang='lat' dir='ltr'><strong>quae</strong></span> <span class='ocrx_word' id='word_1_311' title='bbox 755 4077 1059 4142; x_wconf 79' lang='lat' dir='ltr'><strong>reliquerat,</strong></span> <span class='ocrx_word' id='word_1_312' title='bbox 1088 4084 1149 4127; x_wconf 91' lang='lat' dir='ltr'><strong>ut</strong></span> <span class='ocrx_word' id='word_1_313' title='bbox 1188 4078 1383 4127; x_wconf 87' lang='lat' dir='ltr'><strong>anxilio</strong></span> 
     </span>
     <span class='ocr_line' id='line_1_44' title="bbox 316 4152 777 4204; baseline 0.007 -3"><span class='ocrx_word' id='word_1_314' title='bbox 316 4152 523 4202; x_wconf 76' lang='lat' dir='ltr'><strong>veniret</strong></span> <span class='ocrx_word' id='word_1_315' title='bbox 540 4153 777 4204; x_wconf 83' lang='lat' dir='ltr'><strong>colouiae.</strong></span> 
     </span>
    </p>

    <p class='ocr_par' dir='ltr' id='par_1_12' title="bbox 379 4229 1383 4294">
     <span class='ocr_line' id='line_1_45' title="bbox 379 4229 1383 4294; baseline 0.002 -15"><span class='ocrx_word' id='word_1_316' title='bbox 379 4236 403 4272; x_wconf 70' lang='lat'><em>5</em></span> <span class='ocrx_word' id='word_1_317' title='bbox 436 4229 590 4294; x_wconf 80' lang='lat' dir='ltr'><strong>Copia</strong></span> <span class='ocrx_word' id='word_1_318' title='bbox 606 4229 981 4293; x_wconf 72' lang='lat' dir='ltr'><strong>negotiatorum]</strong></span> <span class='ocrx_word' id='word_1_319' title='bbox 1005 4230 1176 4281; x_wconf 84' lang='lat' dir='ltr'><strong>Etiam</strong></span> <span class='ocrx_word' id='word_1_320' title='bbox 1204 4230 1383 4293; x_wconf 84' lang='lat' dir='ltr'><strong>hodie,</strong></span> 
     </span>
    </p>
   </div>
   <div class='ocr_carea' id='block_1_9' title="bbox 1463 3070 2540 4295">
    <p class='ocr_par' dir='ltr' id='par_1_13' title="bbox 1467 3070 2539 3433">
     <span class='ocr_line' id='line_1_46' title="bbox 1468 3070 2538 3138; baseline -0.005 -14"><span class='ocrx_word' id='word_1_321' title='bbox 1468 3074 1610 3126; x_wconf 86' lang='lat' dir='ltr'><strong>urbs.</strong></span> <span class='ocrx_word' id='word_1_322' title='bbox 1676 3075 2033 3125; x_wconf 85' lang='lat' dir='ltr'><strong>Commeatum</strong></span> <span class='ocrx_word' id='word_1_323' title='bbox 2074 3072 2287 3138; x_wconf 85' lang='lat' dir='ltr'><strong>proprie</strong></span> <span class='ocrx_word' id='word_1_324' title='bbox 2326 3070 2538 3135; x_wconf 86' lang='lat' dir='ltr'><strong>accipit,</strong></span> 
     </span>
     <span class='ocr_line' id='line_1_47' title="bbox 1468 3146 2538 3213; baseline -0.004 -13"><span class='ocrx_word' id='word_1_325' title='bbox 1468 3151 1550 3201; x_wconf 88' lang='lat' dir='ltr'><strong>uti</strong></span> <span class='ocrx_word' id='word_1_326' title='bbox 1570 3152 1868 3213; x_wconf 90' lang='lat' dir='ltr'><strong>Suetonius,</strong></span> <span class='ocrx_word' id='word_1_327' title='bbox 1889 3151 2117 3201; x_wconf 88' lang='lat' dir='ltr'><strong>Neronis</strong></span> <span class='ocrx_word' id='word_1_328' title='bbox 2148 3165 2197 3199; x_wconf 87' lang='lat' dir='ltr'><strong>c.</strong></span> <span class='ocrx_word' id='word_1_329' title='bbox 2219 3153 2301 3199; x_wconf 78' lang='lat'><strong>20.</strong></span> <span class='ocrx_word' id='word_1_330' title='bbox 2336 3148 2352 3176; x_wconf 90' lang='lat'>‘</span> <span class='ocrx_word' id='word_1_331' title='bbox 2375 3146 2538 3197; x_wconf 81' lang='lat' dir='ltr'><strong>Alex·</strong></span> 
     </span>
     <span class='ocr_line' id='line_1_48' title="bbox 1468 3225 2539 3295; baseline -0.005 -16"><span class='ocrx_word' id='word_1_332' title='bbox 1468 3229 1673 3279; x_wconf 76' lang='lat' dir='ltr'><strong>audriui</strong></span> <span class='ocrx_word' id='word_1_333' title='bbox 1702 3229 1791 3295; x_wconf 87' lang='lat' dir='ltr'><strong>qui</strong></span> <span class='ocrx_word' id='word_1_334' title='bbox 1830 3229 1897 3279; x_wconf 87' lang='lat' dir='ltr'><strong>de</strong></span> <span class='ocrx_word' id='word_1_335' title='bbox 1933 3242 2067 3278; x_wconf 81' lang='lat' dir='ltr'><strong>novo</strong></span> <span class='ocrx_word' id='word_1_336' title='bbox 2090 3232 2379 3278; x_wconf 88' lang='lat' dir='ltr'><strong>commeatu</strong></span> <span class='ocrx_word' id='word_1_337' title='bbox 2395 3225 2539 3275; x_wconf 87' lang='lat' dir='ltr'><strong>Nea·</strong></span> 
     </span>
     <span class='ocr_line' id='line_1_49' title="bbox 1469 3299 2535 3371; baseline -0.007 -15"><span class='ocrx_word' id='word_1_338' title='bbox 1469 3308 1631 3371; x_wconf 89' lang='lat' dir='ltr'><strong>polim</strong></span> <span class='ocrx_word' id='word_1_339' title='bbox 1676 3304 2090 3357; x_wconf 60' lang='lat' dir='ltr'><strong>confluxerant?</strong></span> <span class='ocrx_word' id='word_1_340' title='bbox 2149 3303 2349 3354; x_wconf 75' lang='lat' dir='ltr'><strong>Graecis</strong></span> <span class='ocrx_word' id='word_1_341' title='bbox 2389 3299 2535 3350; x_wconf 63' lang='lat' dir='ltr'><strong>nard»</strong></span> 
     </span>
     <span class='ocr_line' id='line_1_50' title="bbox 1467 3392 1635 3433; baseline 0.006 -2"><span class='ocrx_word' id='word_1_342' title='bbox 1467 3392 1635 3433; x_wconf 69' lang='grc' dir='ltr'><strong>πλους.</strong></span> 
     </span>
    </p>

    <p class='ocr_par' dir='ltr' id='par_1_14' title="bbox 1468 3453 2540 3740">
     <span class='ocr_line' id='line_1_51' title="bbox 1535 3453 2533 3509; baseline -0.007 0"><span class='ocrx_word' id='word_1_343' title='bbox 1535 3459 1837 3509; x_wconf 85' lang='lat' dir='ltr'><strong>Ammianus</strong></span> <span class='ocrx_word' id='word_1_344' title='bbox 1860 3458 1895 3507; x_wconf 90' lang='lat' dir='ltr'><strong>l.</strong></span> <span class='ocrx_word' id='word_1_345' title='bbox 1916 3469 2104 3506; x_wconf 82' lang='lat' dir='ltr'><strong>xxvn.</strong></span> <span class='ocrx_word' id='word_1_346' title='bbox 2139 3456 2204 3505; x_wconf 90' lang='lat' dir='ltr'><strong>de</strong></span> <span class='ocrx_word' id='word_1_347' title='bbox 2234 3456 2335 3504; x_wconf 88' lang='lat' dir='ltr'><strong>hac</strong></span> <span class='ocrx_word' id='word_1_348' title='bbox 2368 3453 2533 3504; x_wconf 84' lang='lat' dir='ltr'><strong>urbe:</strong></span> 
     </span>
     <span class='ocr_line' id='line_1_52' title="bbox 1469 3531 2538 3597; baseline -0.005 -13"><span class='ocrx_word' id='word_1_349' title='bbox 1469 3536 1485 3564; x_wconf 91' lang='lat'>‘</span> <span class='ocrx_word' id='word_1_350' title='bbox 1509 3534 1823 3585; x_wconf 89' lang='lat' dir='ltr'><strong>Londinium</strong></span> <span class='ocrx_word' id='word_1_351' title='bbox 1867 3542 2018 3583; x_wconf 82' lang='lat' dir='ltr'><strong>vetus</strong></span> <span class='ocrx_word' id='word_1_352' title='bbox 2076 3532 2344 3597; x_wconf 86' lang='lat' dir='ltr'><strong>oppidum,</strong></span> <span class='ocrx_word' id='word_1_353' title='bbox 2396 3531 2538 3595; x_wconf 84' lang='lat' dir='ltr'><strong>quod</strong></span> 
     </span>
     <span class='ocr_line' id='line_1_53' title="bbox 1469 3603 2540 3677; baseline -0.005 -16"><span class='ocrx_word' id='word_1_354' title='bbox 1469 3610 1759 3677; x_wconf 81' lang='lat' dir='ltr'><strong>Augustam</strong></span> <span class='ocrx_word' id='word_1_355' title='bbox 1782 3603 2059 3675; x_wconf 84' lang='lat' dir='ltr'><strong>posteritas</strong></span> <span class='ocrx_word' id='word_1_356' title='bbox 2081 3606 2404 3673; x_wconf 62' lang='lat' dir='ltr'><strong>appellavit?</strong></span> <span class='ocrx_word' id='word_1_357' title='bbox 2421 3606 2540 3672; x_wconf 73' lang='lat' dir='ltr'><strong>Hp-</strong></span> 
     </span>
     <span class='ocr_line' id='line_1_54' title="bbox 1468 3704 1589 3740; baseline 0.025 -3"><span class='ocrx_word' id='word_1_358' title='bbox 1468 3704 1589 3740; x_wconf 72' lang='lat' dir='ltr'><strong>stas.</strong></span> 
     </span>
    </p>

    <p class='ocr_par' dir='ltr' id='par_1_15' title="bbox 1463 3763 2539 4295">
     <span class='ocr_line' id='line_1_55' title="bbox 1535 3763 2537 3828; baseline -0.005 -13"><span class='ocrx_word' id='word_1_359' title='bbox 1535 3763 1849 3828; x_wconf 71' lang='lat' dir='ltr'><strong>Londinium]</strong></span> <span class='ocrx_word' id='word_1_360' title='bbox 1881 3763 2020 3813; x_wconf 85' lang='lat' dir='ltr'><strong>Urbs</strong></span> <span class='ocrx_word' id='word_1_361' title='bbox 2050 3763 2421 3813; x_wconf 81' lang='lat' dir='ltr'><strong>Trinobautum</strong></span> <span class='ocrx_word' id='word_1_362' title='bbox 2445 3776 2537 3826; x_wconf 92' lang='lat' dir='ltr'><strong>po-</strong></span> 
     </span>
     <span class='ocr_line' id='line_1_56' title="bbox 1468 3838 2537 3907; baseline -0.007 -14"><span class='ocrx_word' id='word_1_363' title='bbox 1468 3846 1706 3907; x_wconf 85' lang='lat' dir='ltr'><strong>pulorum</strong></span> <span class='ocrx_word' id='word_1_364' title='bbox 1727 3843 1795 3892; x_wconf 82' lang='lat' dir='ltr'><strong>ad</strong></span> <span class='ocrx_word' id='word_1_365' title='bbox 1816 3841 2051 3892; x_wconf 82' lang='lat' dir='ltr'><strong>Tamesiu</strong></span> <span class='ocrx_word' id='word_1_366' title='bbox 2083 3839 2316 3902; x_wconf 83' lang='lat' dir='ltr'><strong>fluvium,</strong></span> <span class='ocrx_word' id='word_1_367' title='bbox 2341 3840 2394 3888; x_wconf 90' lang='lat' dir='ltr'><strong>iu</strong></span> <span class='ocrx_word' id='word_1_368' title='bbox 2418 3838 2537 3887; x_wconf 86' lang='lat' dir='ltr'><strong>Fla-</strong></span> 
     </span>
     <span class='ocr_line' id='line_1_57' title="bbox 1469 3914 2539 3983; baseline -0.006 -15"><span class='ocrx_word' id='word_1_369' title='bbox 1469 3921 1553 3969; x_wconf 87' lang='lat' dir='ltr'><strong>via</strong></span> <span class='ocrx_word' id='word_1_370' title='bbox 1575 3919 1883 3970; x_wconf 80' lang='lat' dir='ltr'><strong>Caesariensi</strong></span> <span class='ocrx_word' id='word_1_371' title='bbox 1907 3917 2173 3983; x_wconf 84' lang='lat' dir='ltr'><strong>provincia</strong></span> <span class='ocrx_word' id='word_1_372' title='bbox 2205 3915 2441 3965; x_wconf 86' lang='lat' dir='ltr'><strong>Albionis</strong></span> <span class='ocrx_word' id='word_1_373' title='bbox 2463 3914 2539 3962; x_wconf 78' lang='lat' dir='ltr'><strong>iu-</strong></span> 
     </span>
     <span class='ocr_line' id='line_1_58' title="bbox 1470 3988 2538 4059; baseline -0.009 -13"><span class='ocrx_word' id='word_1_374' title='bbox 1470 3997 1620 4059; x_wconf 79' lang='lat' dir='ltr'><strong>sulae,</strong></span> <span class='ocrx_word' id='word_1_375' title='bbox 1656 4011 1746 4046; x_wconf 84' lang='lat' dir='ltr'><strong>seu</strong></span> <span class='ocrx_word' id='word_1_376' title='bbox 1783 3994 2071 4044; x_wconf 57' lang='lat' dir='ltr'><strong>Britanniae</strong></span> <span class='ocrx_word' id='word_1_377' title='bbox 2107 3993 2348 4055; x_wconf 86' lang='lat' dir='ltr'><strong>majoris:</strong></span> <span class='ocrx_word' id='word_1_378' title='bbox 2383 3988 2538 4038; x_wconf 78' lang='lat' dir='ltr'><strong>hodie</strong></span> 
     </span>
     <span class='ocr_line' id='line_1_59' title="bbox 1463 4067 2536 4140; baseline -0.01 -13"><span class='ocrx_word' id='word_1_379' title='bbox 1463 4078 1659 4127; x_wconf 78' lang='lat' dir='ltr'><strong>London</strong></span> <span class='ocrx_word' id='word_1_380' title='bbox 1704 4076 1901 4140; x_wconf 81' lang='lat' dir='ltr'><strong>Anglis‚</strong></span> <span class='ocrx_word' id='word_1_381' title='bbox 1942 4081 2000 4125; x_wconf 88' lang='lat' dir='ltr'><strong>et</strong></span> <span class='ocrx_word' id='word_1_382' title='bbox 2038 4073 2250 4122; x_wconf 68' lang='lat' dir='ltr'><strong>Lon-ares</strong></span> <span class='ocrx_word' id='word_1_383' title='bbox 2305 4067 2536 4129; x_wconf 79' lang='lat' dir='ltr'><strong>Francis,</strong></span> 
     </span>
     <span class='ocr_line' id='line_1_60' title="bbox 1464 4144 2536 4209; baseline -0.012 -4"><span class='ocrx_word' id='word_1_384' title='bbox 1464 4155 1590 4205; x_wconf 82' lang='lat' dir='ltr'><strong>urbs</strong></span> <span class='ocrx_word' id='word_1_385' title='bbox 1634 4155 1911 4204; x_wconf 86' lang='lat' dir='ltr'><strong>comitatus</strong></span> <span class='ocrx_word' id='word_1_386' title='bbox 1944 4149 2235 4209; x_wconf 78' lang='lat' dir='ltr'><strong>Middlesex‚</strong></span> <span class='ocrx_word' id='word_1_387' title='bbox 2257 4152 2313 4194; x_wconf 88' lang='lat' dir='ltr'><strong>et</strong></span> <span class='ocrx_word' id='word_1_388' title='bbox 2348 4144 2536 4208; x_wconf 84' lang='lat' dir='ltr'><strong>prima-</strong></span> 
     </span>
     <span class='ocr_line' id='line_1_61' title="bbox 1466 4221 2532 4295; baseline -0.008 -14"><span class='ocrx_word' id='word_1_389' title='bbox 1466 4232 1544 4281; x_wconf 88' lang='lat' dir='ltr'><strong>ria</strong></span> <span class='ocrx_word' id='word_1_390' title='bbox 1566 4230 1712 4295; x_wconf 83' lang='lat' dir='ltr'><strong>regui</strong></span> <span class='ocrx_word' id='word_1_391' title='bbox 1734 4223 2047 4294; x_wconf 79' lang='lat' dir='ltr'><strong>Angliae,·ad</strong></span> <span class='ocrx_word' id='word_1_392' title='bbox 2080 4224 2295 4274; x_wconf 84' lang='lat' dir='ltr'><strong>fluvium</strong></span> <span class='ocrx_word' id='word_1_393' title='bbox 2328 4221 2532 4274; x_wconf 61' lang='lat' dir='ltr'><strong>&#39;lm</strong></span> 
     </span>
    </p>
   </div>
   <div class='ocr_carea' id='block_1_10' title="bbox 180 4300 2205 4375">
    <p class='ocr_par' dir='ltr' id='par_1_16' title="bbox 180 4300 2205 4375">
     <span class='ocr_line' id='line_1_62' title="bbox 180 4300 2205 4375; baseline -0.006 -14"><span class='ocrx_word' id='word_1_394' title='bbox 180 4364 186 4371; x_wconf 72' lang='grc'><strong>,</strong></span> <span class='ocrx_word' id='word_1_395' title='bbox 274 4311 279 4316; x_wconf 85' lang='grc'><em>’</em></span> <span class='ocrx_word' id='word_1_396' title='bbox 317 4321 486 4375; x_wconf 79' lang='lat' dir='ltr'><strong>eoque</strong></span> <span class='ocrx_word' id='word_1_397' title='bbox 540 4308 747 4359; x_wconf 82' lang='lat' dir='ltr'><strong>nomine</strong></span> <span class='ocrx_word' id='word_1_398' title='bbox 785 4307 1034 4372; x_wconf 77' lang='lat' dir='ltr'><strong>princeps</strong></span> <span class='ocrx_word' id='word_1_399' title='bbox 1088 4308 1379 4360; x_wconf 74' lang='lat' dir='ltr'><strong>Britanniae</strong></span> <span class='ocrx_word' id='word_1_400' title='bbox 1461 4317 1557 4359; x_wconf 74' lang='lat' dir='ltr'><strong>seu</strong></span> <span class='ocrx_word' id='word_1_401' title='bbox 1582 4307 1788 4361; x_wconf 63' lang='lat' dir='ltr'><strong>Tunisa.</strong></span> <span class='ocrx_word' id='word_1_402' title='bbox 1839 4300 2205 4358; x_wconf 73' lang='lat' dir='ltr'><strong>Tillemonlus.</strong></span> 
     </span>
    </p>
   </div>
  </div>
 </body>
</html>
