3063 4952
307 398 439 467 ic.
464 397 576 463 ω]

1006 389 1419 443 Auxanum
1469 392 1630 441 hnic
1664 389 1840 441 xm.

2345 364 2512 441 1457

310 538 621 621 mitialem
670 534 1021 614 moebumss
1076 555 1231 619 quo·
1259 534 1578 620 primum⁶
1631 537 1720 599 ab
1766 535 2042 603 infantia
2100 530 2520 603 afflictaretur

306 688 543 769 inorbum
566 688 900 781 comitialem,
922 732 1023 783 quo
1061 716 1241 781 primis
1276 716 1342 768 ab
1377 718 1523 768 annis
1563 716 2331 786 conflictaretur-Britannicus,
2364 727 2420 772 et
2442 733 2524 781 re·

1237 848 1295 868 δ’
1300 848 1595 870 0000800Νο

315 976 322 985 ·
369 953 405 998 6
460 947 652 998 Manet
708 947 1089 997 Freinshemius

1147 947 1419 1012 plurimum.
1502 949 1609 999 Alii
1653 955 1860 1000 tentant

1911 950 2087 1015 prim.
2168 950 2316 1001 Nihil
2357 956 2524 1002 muta·

316 1013 492 1069 verim.
574 1014 664 1062 Sic
703 1011 867 1063 ferme
914 1013 1079 1064 adbuc
1127 1012 1268 1081 Itali,
1304 1013 1423 1081 infin
1457 1016 1522 1065 da
1545 1014 1797 1076 fmciullo.
1876 1015 2130 1080 Suspecta
2167 1016 2381 1067 Mureto
2423 1031 2525 1068 vox

1310 1184 1522 1238 No'rAE

319 1316 400 1384 De
437 1317 668 1368 lautiore
704 1317 1006 1369 Juvenalis:
1040 1317 1057 1347 ‘
1084 1323 1270 1383 putere
1308 1318 1382 1367 vi-

319 1393 511 1444 dentur
547 1394 829 1460 Unguenta
866 1402 1023 1461 atque
1064 1412 1211 1457 rosae,
1236 1384 1383 1446 'latos

316 1471 412 1520 nisi
453 1473 682 1522 sustinet
715 1471 868 1521 orbes
901 1473 1113 1523 Grande
1153 1473 1300 1539 ebur,
1329 1478 1387 1524 et

318 1562 507 1617 rmagno
530 1548 766 1599 sublimis
790 1550 990 1614 pondus
1009 1550 1201 1602 biatu?

319 1626 541 1676 Circa
580 1640 804 1676 mensam
843 1633 949 1676 tres
989 1627 1114 1678 lecti
1151 1626 1390 1691 dispositi

323 1708 491 1765 erant,
514 1702 655 1751 unde
687 1702 889 1751 triclinii
924 1718 1128 1765 nomen,
1164 1704 1243 1753 vel
1267 1703 1389 1754 duo.

322 1782 596 1832 Posterior
632 1790 761 1833 aetas
794 1784 1003 1845 vocavit
1021 1784 1189 1851 sig-ma.
1252 1783 1394 1832 Mar-

323 1858 496 1910 tialis:
532 1859 548 1885 ‘
573 1857 770 1922 Aspice
809 1860 991 1909 lunata
1024 1860 1274 1924 scriptum
1297 1866 1395 1909 tes·

326 1935 507 1986 tudine
531 1935 733 2000 sigma)
802 1937 1062 2003 Lamprid.
1094 1936 1110 1964 ‘
1132 1939 1220 2005 De
1242 1952 1394 1988 croco

328 2012 494 2076 sigma
515 2012 741 2076 stravit,'
762 2016 862 2063 &c-

390 2090 466 2140 Hi
487 2090 612 2140 lecti
637 2091 788 2140 strati
808 2090 983 2141 aulaeis
998 2091 1288 2159 purpureis,
1308 2097 1398 2142 aut

329 2165 429 2215 alia
450 2173 602 2216 veste
624 2167 877 2232 stragula,
898 2182 993 2232 pro
1030 2167 1193 2235 copiis
1214 2174 1271 2218 et
1291 2167 1398 2233 opi-

330 2239 425 2291 bus
450 2240 862 2305 patrisfamilias.

394 2320 548 2370 Hora
587 2334 748 2370 coenae
784 2336 908 2372 nona
943 2319 1065 2384 fuit,
1101 2337 1218 2388 quae
1250 2321 1400 2373 uobis

331 2397 479 2448 tertia
502 2403 624 2466 post
647 2396 933 2451 meridiem.
997 2398 1230 2450 Martial.
1262 2400 1277 2428 ‘
1302 2399 1403 2450 Ιιιι-

334 2481 488 2538 perat
530 2480 823 2528 exstructos
864 2472 1108 2541 frangere
1152 2490 1289 2527 nona
1327 2483 1403 2527 to-

331 2551 454 2602 ros?

330 2633 335 2640 ‘
394 2628 536 2678 Tum
579 2633 753 2679 vestes
792 2629 869 2679 illi
911 2629 1200 2695 mutabant,
1233 2630 1408 2682 indue·

329 2705 563 2771 bantque
588 2707 861 2769 coenatoria,
878 2706 934 2755 in
956 2707 1093 2757 huuc
1125 2722 1270 2757 usum
1292 2708 1406 2758 des·

332 2782 526 2845 tinam,
549 2784 718 2833 soleas
740 2784 1019 2847 exuebant,
1043 2798 1110 2834 ne
1149 2786 1309 2835 lectos
1330 2785 1405 2834 in-

332 2860 638 2925 quinarent,
658 2858 843 2924 quibus
868 2860 1108 2925 jacentes
1140 2861 1407 2912 accumbe·

333 2936 485 3000 bant,
524 2943 903 3000 surgentesque
940 2953 972 2986 a
1005 2953 1172 3004 coena,
1207 2953 1292 2988 eas
1331 2954 1408 2989 re·

336 3013 665 3079 poscebant:
703 3014 839 3079 quod
863 3021 918 3064 et
946 3015 1098 3065 hodie
1123 3016 1261 3082 apud
1287 3018 1410 3067 Per·

340 3107 423 3142 sas
453 3092 506 3141 in
533 3106 679 3141 more
702 3098 800 3155 est,
820 3092 905 3157 qui
930 3099 984 3142 et
1014 3093 1199 3143 sedent
1221 3093 1409 3158 tapeti·

339 3166 456 3231 bus,
479 3167 576 3217 sed
601 3168 701 3217 alio
723 3168 876 3217 modo
898 3174 953 3218 et
977 3169 1100 3220 situ.

404 3244 591 3304 Τρτιιί,
615 3250 706 3292 aut
741 3244 979 3308 quaterni
1012 3244 1249 3309 quolibet
1272 3246 1422 3297 lecto·

344 3322 763 3382 accumbebant3
799 3322 842 3371 si
868 3324 1061 3387 plures»,
1078 3324 1132 3374 id
1151 3324 1417 3375 sordidum

343 3400 715 3468 reputabatur.
803 3399 990 3449 Cicero
1034 3400 1088 3450 in
1142 3400 1416 3452 Pisonem:

341 3476 359 3503 ‘
384 3476 530 3525 Nihil
580 3475 718 3539 apud
761 3476 899 3526 hunc
945 3478 1157 3543 lautum,
1193 3478 1422 3546 elegans,

338 3557 450 3605 ⁸&c.
475 3554 656 3605 Graeci
681 3555 824 3620 quini
849 3556 1029 3619 stipati
1052 3557 1103 3606 in
1136 3558 1304 3622 lecti8‚
1324 3574 1419 3608 sae-

345 3647 415 3698 pe
437 3633 616 3697 plures
634 3632 668 3681 :'
702 3632 880 3696 sicque
896 3647 994 3682 non
1016 3635 1188 3697 plures
1208 3635 1273 3683 ad
1290 3650 1419 3685 sum·

346 3726 492 3764 mum
522 3712 578 3759 in
615 3710 846 3776 qualibet
866 3727 1060 3778 mensa,
1082 3728 1170 3763 seu
1196 3714 1418 3764 triclinio

350 3784 506 3854 'quam
529 3788 824 3838 duodecim.
1308 3833 1311 3836 .

352 3878 361 3886 ·
416 3864 821 3915 Accumbebant
846 3872 1020 3917 autem
1042 3868 1096 3916 in
1120 3873 1252 3931 toro,
1275 3867 1423 3918 recli-

352 3948 480 3991 nata
519 3956 709 4006 supera
747 3951 897 4007 parte
931 3944 1181 4008 corporis,
1218 3944 1425 3993 sinistro

356 4017 540 4069 cubito
566 4016 748 4083 innixi,
771 4025 825 4068 et
859 4019 1026 4069 infera
1063 4029 1212 4084 parte
1240 4021 1426 4071 iulon-

354 4094 487 4159 gum
510 4102 762 4159 porrecta
785 4111 845 4145 ac
857 4096 1091 4160 jacente,
1109 4099 1302 4163 capite¹
1308 4098 1431 4147 levi-

364 4177 448 4220 ter
484 4179 687 4234 erecto‚
722 4172 878 4223 dorso
915 4190 946 4223 a
976 4176 1200 4235 pulvillis
1233 4175 1433 4228 modice

368 4246 600 4299 suffulto.
669 4250 821 4300 Unde
844 4251 1122 4318 intelliges,
1141 4268 1237 4304 cur
1259 4253 1332 4304 ibi
1361 4269 1436 4305 re·

371 4324 508 4374 elisis
523 4325 734 4383 dicatur
758 4328 918 4378 Nero.

499 4406 676 4474 Delph.
698 4411 746 4458 et
774 4407 891 4459 Vur.
918 4409 1048 4463 Clas.

1407 4411 1565 4464 Tacit.

1530 1317 1738 1368 Primus
1760 1316 2108 1369 decumbebat
2123 1318 2191 1371 ad
2208 1324 2370 1383 caput
2385 1282 2532 1382 lecti,

1466 1395 1613 1460 cujus
1635 1395 1795 1460 pedes
1818 1395 2215 1460 porrigebantur
2240 1409 2379 1459 pone
2411 1395 2532 1446 dor·

1465 1485 1576 1521 sum
1598 1472 1847 1535 secundi;
1883 1471 2140 1521 secundus
2174 1486 2298 1522 vero
2320 1471 2534 1537 occiput

1468 1548 1781 1599 obvertebat
1802 1548 1869 1598 sd
1904 1547 2203 1598 umbilicum
2236 1547 2407 1612 primi,
2419 1549 2537 1611 pnl-

1470 1624 1594 1674 villo
1612 1620 1926 1689 interject03
1958 1623 2121 1689 pedes
2144 1624 2259 1688 ejus
2281 1623 2538 1688 jacebant

1426 1734 1431 1739 -
1473 1700 1540 1750 ad
1565 1707 1765 1765 tergum
1787 1701 1949 1766 tertii,
1969 1707 2025 1752 et
2057 1701 2133 1751 sic
2156 1701 2405 1767 deinceps
2429 1706 2538 1752 ter·

1474 1779 1577 1829 tius
1600 1785 1655 1830 et
1678 1786 1910 1845 quartus,
1928 1779 1972 1829 si
1995 1783 2076 1830 tot
2097 1784 2288 1830 essent.

1540 1856 1762 1906 Summus
1803 1857 2094 1923 dicebatur,
2131 1856 2221 1923 qui
2262 1856 2330 1907 ad
2375 1861 2539 1922 capnt

1474 1932 1602 1983 lecti
1624 1931 1993 1997 decumbebat,
2014 1935 2137 1983 imas
2158 1933 2247 1999 qui
2270 1934 2335 1983 ad
2359 1933 2541 1999 pedes,

1476 2016 1535 2060 et
1570 2010 1657 2076 qui
1690 2009 1827 2062 inter
1855 2011 2001 2077 istos,
2021 2013 2215 2063 maius.
2280 2011 2539 2067 Plautus:

1477 2086 1493 2114 ‘
1519 2088 1607 2136 Da
1629 2103 1759 2152 puer
1783 2088 1848 2138 ab
1869 2089 2095 2139 summo?
2135 2096 2138 2099 '
2161 2089 2232 2138 Et
2254 2087 2503 2140 Horatius
2523 2104 2539 2138 ι

1477 2163 1494 2192 ‘
1515 2163 1718 2214 Secutis
1740 2165 1975 2215 omuibus
1995 2165 2144 2216 imis.’
2206 2165 2402 2216 Medius
2429 2165 2544 2233 dig-

1480 2241 1678 2291 niorem
1721 2242 1890 2291 locum
1931 2241 2179 2292 obtinuit.
2257 2240 2542 2307 Virgiliust

1480 2319 1728 2369 ‘aulaeis
1704 2335 1816 2384 Jam
1833 2334 1888 2369 se
1909 2318 2090 2384 regina
2110 2318 2345 2384 superbis
2367 2317 2548 2368 Aurea

1481 2397 1768 2462 composuit
1802 2396 2019 2462 sponda,
2051 2396 2371 2462 mediamque
2409 2396 2551 2447 loca·

1482 2473 1597 2525 vit!

1486 2599 1491 2604 .
1549 2551 1823 2603 Sallustms
1843 2552 1882 2601 1
1903 2566 2022 2603 vm.
2044 2550 2181 2602 Hist.
2216 2552 2231 2580 ‘
2254 2551 2423 2616 Igitur
2445 2549 2552 2603 dis·

1487 2630 1713 2681 cubuere
1733 2630 1990 2679 Sertorius
2021 2629 2237 2679 interior
2272 2629 2326 2677 in
2364 2627 2554 2692 medio,

1488 2721 1647 2771 super
1667 2721 1782 2756 eum
1804 2707 2004 2757 Tuscus
2030 2705 2218 2759 Fabius
2243 2704 2556 2769 Hispanien-

1487 2784 1557 2834 sis
1578 2788 1785 2834 senator
1822 2798 1887 2833 ex
1921 2781 2247 2849 proscriptis,
2279 2781 2331 2831 in
2355 2795 2554 2842 summo

1486 2860 1764 2915 Antonius.
1767 2860 1782 2884 '
1835 2861 1921 2911 Ibi
1942 2861 2219 2923 Sertorius,
2241 2865 2425 2924 utpote
2447 2859 2562 2924 dig·

1487 2938 1623 3002 nior,
1644 2938 1816 2989 medio
1837 2940 1953 2990 loco
1975 2939 2239 2992 accubuit·

1554 3015 1744 3081 Itaque
1766 3017 1807 3065 si
1834 3022 1940 3066 tres
1970 3017 2199 3067 couvivae
2231 3016 2284 3064 in
2316 3030 2417 3066 uno
2453 3017 2560 3067 lec·

1491 3098 1568 3156 to,
1587 3093 1765 3141 medius
1796 3092 2123 3157 dignissimus
2158 3090 2277 3156 fuit,
2310 3100 2366 3143 et
2387 3091 2562 3156 proxi-

1492 3185 1604 3220 mus
1627 3169 1817 3219 bonore
1839 3185 2043 3219 summus
2067 3170 2154 3234 qui
2179 3168 2245 3219 ad
2276 3176 2438 3233 caput
2458 3169 2563 3231 lec-1

1496 3247 1569 3298 ti.
1608 3247 1651 3296 si
1675 3252 1915 3312 quatuor,
1946 3246 2192 3311 proximus
2224 3262 2253 3294 a
2274 3261 2485 3306 nummo,-
2519 3245 2564 3295 si

1498 3324 1636 3373 duo
1623 3339 1674 3372 ιιι
1697 3324 1852 3385 lecto,
1873 3339 2079 3373 summus
2102 3323 2446 3386 dignissimus.

1566 3400 1779 3450 Coenam
1820 3400 2180 3464 partiebantur
2219 3400 2273 3450 in
2307 3407 2415 3466 tres
2447 3399 2567 3451 mis·

1498 3490 1601 3527 sus.
1663 3475 1870 3525 Primus
1893 3476 2095 3540 missus,
2116 3482 2367 3542 antecoena,
2390 3485 2565 3543 gusta-

1501 3543 1576 3602 tio
1615 3552 1723 3601 sive
1766 3559 1943 3616 gustus
1981 3553 2255 3610 dicebatur
2277 3571 2292 3614 ;
2339 3562 2396 3605 et
2455 3557 2565 3620 ple·

1508 3646 1725 3696 rumque
1748 3631 2073 3696 incipiebant
2106 3633 2165 3682 ab
2189 3633 2319 3683 otis.-
2380 3632 2569 3685 Cicero

1504 3703 1679 3772 Epist.
1702 3708 1766 3758 ad
1787 3710 2019 3759 Paetum:
2052 3712 2068 3737 ‘
2091 3710 2358 3776 Integram
2377 3709 2572 3763 famem

1503 3786 1577 3851 ad,
1594 3800 1745 3835 ovum
1772 3784 1932 3836 affero
1953 3787 1985 3848 ;’
2017 3789 2100 3837 vel
2123 3803 2155 3837 a
2174 3788 2384 3838 lactucis.

1569 3865 1835 3916 Secundus
1857 3866 2056 3927 missus,
2074 3866 2284 3933 proprie
2301 3882 2429 3916 coena
2451 3863 2572 3915 fuito

1506 3943 1835 4007 Praecipuum
1871 3944 1997 3993 illud
2034 3943 2306 4006 ferculum,
2336 3950 2392 3994 et
2433 3941 2595 4007 quod·

1506 4027 1691 4092 caput,
1712 4035 1804 4071 seu
1837 4037 2034 4072 summa
2065 4037 2223 4074 coenae
2247 4019 2364 4070 fuit.
2397 4020 2576 4074 Mar·

1512 4097 1684 4147 tialis.
1728 4097 1743 4125 ‘
1764 4098 1948 4147 mullus
1991 4097 2086 4147 tibi
2131 4104 2353 4161 quatuor
2405 4102 2574 4146 emtus

1515 4175 1804 4239 Librarum,
1854 4188 2015 4225 coenae
2071 4187 2262 4248 pompa
2312 4179 2577 4288 caputque
2623 4243 2626 4244 ⁷

1512 4249 1651 4302 fuit?

1578 4329 1793 4384 Tertius
1810 4317 1996 4383 missus
2014 4321 2165 4400 tuit,
2150 4321 2203 4388 ιιι
2222 4345 2325 4399 quo
2347 4309 2582 4460 heglaria,

2329 4413 2363 4462 4
2524 4443 2532 4451 .
